2028 3242
129 92 215 135 322
692 91 824 123 Literae
850 89 983 130 Kepleri
1016 89 1216 132 aliorumque
1241 94 1374 121 mutuae

130 199 203 238 hoc
236 194 478 236 littoralibus
508 193 737 234 nationibus
770 193 874 233 inter
904 193 1095 246 Angliam
1126 198 1169 232 et
1202 192 1375 232 Daniam
1405 203 1611 235 commune
1645 194 1782 247 fuisse.
1845 193 1933 234 Ita-

131 269 204 308 que
236 267 360 294 causa
390 253 568 304 proxime
597 266 617 292 e
650 252 750 292 mari
782 258 893 292 esset
922 252 1111 303 petenda.
1176 250 1332 291 Guttae
1372 251 1610 303 sulphureae
1646 253 1769 293 etiam
1799 252 1862 293 hic
1894 251 1933 297 in

131 312 327 354 Bohemia
361 325 463 352 anno
485 309 557 353 99.
592 311 890 363 praecedebant
921 317 1075 363 pestem
1111 316 1152 350 et
1190 310 1472 363 dysenteriam.
1537 306 1696 355 Sufficit
1729 322 1849 363 porro
1882 306 1934 351 ad

131 378 286 425 pestem
327 373 407 411 fere
453 378 494 410 et
525 370 688 410 humida
721 376 872 410 aestas.
935 370 1067 410 Julius
1108 369 1218 409 initio
1252 369 1356 421 apud
1388 382 1459 409 nos
1494 369 1669 419 calidus,
1714 367 1765 411 ab
1796 369 1936 412 ultimo

130 432 275 472 triente.
307 430 425 482 paulo
458 429 739 478 turbulentior,
780 430 988 479 Augustus
1021 441 1115 468 vero
1156 441 1278 481 usque
1312 429 1363 468 ad
1395 425 1465 468 20.
1500 428 1684 470 humidus
1723 434 1766 469 et
1795 426 1935 471 incon-

132 490 419 531 stantissimus.
479 487 655 528 Causam
687 488 725 527 in
759 493 891 527 motus
926 487 958 535 Q
993 493 1032 528 et
1052 490 1079 539 {25
1112 488 1285 536 confero,
1319 492 1458 528 euntes
1491 500 1562 540 per
1594 493 1782 542 aspectus
1814 501 1936 543 supe-

133 551 275 590 riorum
311 555 350 588 et
382 548 420 587 in
455 554 589 587 mutuo
623 547 755 587 sextili
791 553 1000 586 versantes
1033 547 1099 587 diu
1131 547 1354 587 admodum.

227 630 478 663 Fabricius:
504 629 540 661 P.
563 628 596 660 S.
624 629 652 661 d
683 627 737 659 15.
758 630 842 671 Aug.
895 628 977 660 Cum
1004 632 1134 669 praeter
1158 629 1342 670 opinionem
1366 629 1482 661 literae
1506 630 1628 670 priores
1652 630 1706 663 hic
1729 634 1937 667 remaneant,

132 679 216 711 volui
241 678 436 719 posteriores
461 686 555 709 meas
582 676 799 718 cogitationes
824 676 984 717 prioribus
1011 676 1110 716 adjun
1137 686 1191 708 ere
1217 680 1250 707 et
1277 675 1362 708 addo
1386 675 1448 708 has
1473 678 1705 718 quaestiones:

228 725 416 764 Quaeritur
444 734 487 755 an
515 720 548 764 ὁ)
576 728 609 755 et
633 718 680 764 [J
706 723 879 759 bonorum,
919 727 956 754 ut
982 722 1010 762 21
1037 728 1071 755 et
1144 746 1152 760 ‚
1187 725 1253 755 sint
1286 723 1363 755 boni
1386 723 1437 755 vel
1461 723 1565 756 mali?
1614 725 1667 757 An
1702 724 1938 766 planetae

133 776 553 814 temperamentum
586 771 725 802 hominis
757 771 828 801 nati
855 767 1204 803 constituant?
1245 770 1317 812 Ego
1341 780 1438 813 nego.
1489 770 1578 811 Quid
1609 771 1650 804 de
1673 772 1937 818 interroga-

134 822 168 853 ti
182 831 200 852 o
214 820 292 852 nib
306 829 353 850 us
379 822 412 850 et
433 819 566 859 judiciis
587 818 629 849 iis
654 818 870 850 innitentibus
895 818 938 849 sit
962 817 1200 850 sentiendum?
1248 817 1348 849 Multi
1370 818 1544 859 plurimum
1576 819 1733 852 tribuunt.
1775 818 1846 863 Ego
1869 828 1940 851 nem

135 868 349 909 suspiciosam
375 875 445 898 esse
468 866 591 905 Judico.
643 864 730 903 Quid
755 864 794 896 de
820 865 946 896 usitata
970 869 1109 906 parte
1133 865 1388 903 fortunae,
1415 865 1454 898 de
1481 865 1810 899 electionibus
1835 869 1940 902 utro-

135 915 250 957 logicis
275 909 405 945 sentis?
453 912 539 944 Illud
577 921 683 954 nugas
721 921 781 954 ego
806 916 933 953 reputo.
983 911 1246 966 Imaginum
1272 911 1603 946 characterisatarnm
1640 913 1700 950 sub
1731 917 1821 949 certe
1857 908 1941 946 coeli

135 963 242 1003 positu
267 961 394 992 videtur
420 959 531 1001 aliqua
554 960 588 991 in
612 959 732 990 morbis
755 959 968 1002 profligandis
993 960 1041 991 vis
1067 958 1126 991 dxc.

254 1020 516 1072 Keplerus:
565 1018 650 1057 Tua
694 1018 941 1070 postscripta
987 1031 1048 1058 me
1093 1024 1285 1059 revocant
1328 1019 1366 1059 in
1399 1018 1673 1072 astrologiam.
1735 1020 1940 1073 Aspectus

137 1080 293 1133 quinam
324 1078 429 1124 boni,
464 1077 529 1130 qui
561 1077 680 1116 mali?
741 1077 829 1129 Ego
851 1078 955 1118 inter
975 1083 1162 1129 aspectus
1190 1078 1430 1130 astrologice
1462 1091 1539 1118 non
1561 1078 1734 1120 discerni
1754 1082 1851 1132 puto
1869 1091 1943 1136 per

137 1138 328 1179 bonitatis
362 1143 402 1176 et
434 1136 613 1176 malitiae
647 1142 786 1184 notas,
835 1137 904 1176 sed
937 1142 1093 1176 tantum
1125 1149 1197 1188 per
1229 1137 1500 1178 fortitudinem
1533 1143 1575 1178 et
1606 1135 1938 1182 imbecillitatem.

138 1197 295 1237 Fortior
326 1196 373 1243 is,
408 1196 520 1247 cujus
553 1195 843 1235 demonstratio
877 1195 1027 1236 fortior.
1092 1196 1224 1235 Primo
1246 1196 1472 1248 conjunctio
1493 1192 1725 1249 corporalis,
1765 1196 1859 1250 quia
1877 1193 1940 1237 hic

137 1256 341 1296 identitas.
389 1254 572 1294 Secundo
588 1253 786 1321 oppositio
802 1253 1032 1307 corporalis,
1056 1255 1147 1306 quia
1161 1255 1355 1295 diameter
1369 1255 1517 1305 circuli,
1538 1253 1724 1297 bisecaus
1737 1254 1940 1296 circulum.

137 1315 272 1355 Tertio
306 1315 567 1367 quadratura,
608 1313 700 1365 quia
739 1313 876 1353 lateris
910 1313 1149 1368 quadratum
1182 1319 1244 1354 (st
1281 1314 1468 1379 quadrati
1499 1314 1684 1356 diametri
1722 1313 1937 1356 dimidium.

139 1373 293 1420 Quarto
327 1372 483 1412 sextilis
516 1378 558 1412 et
589 1373 792 1423 trigonus,
827 1372 920 1425 quia
952 1373 1057 1412 latus
1091 1373 1320 1425 sexanguli
1331 1367 1499 1426 'aequale
1532 1379 1597 1415 est
1628 1373 1941 1421 semidiametro,

138 1440 179 1473 et
210 1434 315 1473 latus
346 1432 536 1483 trianguli
568 1437 704 1483 potest
743 1426 786 1483 Ἀ
825 1431 1024 1471 diametri.
1091 1430 1241 1478 Quinto
1275 1432 1452 1485 quintilis
1485 1438 1527 1473 et.
1556 1432 1803 1486 biquintilis,
1849 1433 1944 1486 quia

133 1493 275 1544 juncta
307 1491 510 1543 utriusque
545 1491 742 1543 quadrata
773 1495 867 1530 sunt
910 1491 959 1531 ad
995 1491 1229 1543 quadratum
1263 1492 1447 1532 diametri
1493 1497 1536 1532 ut
1568 1490 1594 1532 5
1626 1491 1677 1532 ad
1709 1488 1750 1531 4.
1813 1489 1939 1532 Sexto

140 1550 512 1603 sesquiquadratus‚
561 1550 653 1602 quia
678 1550 923 1589 irrationalis
969 1555 1010 1589 et
1042 1550 1126 1590 sine
1159 1551 1280 1591 socio.
1345 1551 1449 1591 Nam
1494 1552 1749 1606 octangulum
1781 1550 1940 1604 quidem

118 1611 248 1662 ‘juvat
291 1610 401 1649 illum
446 1610 498 1648 ad
542 1609 790 1660 aequandum
836 1610 1072 1661 quadratum
1117 1608 1317 1657 diametri3
1365 1611 1434 1650 sed
1467 1611 1723 1663 octangulum
1768 1622 1844 1650 non
1877 1614 1943 1650 est

140 1670 242 1709 inter
268 1667 530 1709 harmonicos.
594 1668 686 1707 Jam
719 1668 757 1706 in
791 1668 967 1719 planetis
1001 1681 1077 1708 non
1099 1674 1191 1708 sunt
1222 1669 1315 1709 boni
1348 1675 1389 1709 et
1411 1670 1518 1714 mali,
1551 1669 1623 1709 sed
1650 1667 1750 1718 duri,
1785 1668 1940 1715 mones,

140 1727 272 1776 calidi,
305 1727 456 1779 frigidi,
490 1726 657 1774 humidi,
693 1726 800 1766 sicci.
864 1727 1053 1767 Mollibus
1095 1733 1137 1767 et
1167 1727 1338 1768 humidis
1371 1728 1611 1768 conveniunt
1641 1726 1818 1776 sextilis,
1861 1726 1940 1768 tri-

139 1799 285 1838 gonus,
320 1786 693 1838 sesquiquadratus,
741 1786 941 1825 translato
975 1786 1125 1826 aurium
1159 1787 1431 1839 experimento
1471 1801 1521 1829 ex
1550 1788 1703 1828 musica
1734 1787 1772 1828 in
1805 1792 1939 1828 astro-

140 1846 303 1898 logiam;
339 1845 446 1884 duris
479 1850 521 1884 et
552 1845 714 1884 fervidis
748 1845 996 1896 acceptiores
1030 1846 1207 1898 quintilis
1241 1851 1283 1886 et
1314 1846 1548 1898 biquintilis.

257 1905 319 1943 De
360 1909 743 1955 temperamento
788 1909 883 1955 puto
929 1905 1206 1956 quaestionem
1251 1917 1371 1957 supra
1403 1906 1624 1958 agitatam,
1673 1910 1714 1945 et
1744 1904 1940 1958 prioribus

141 1963 267 2003 literis
301 1977 325 2002 a
355 1975 418 2001 me
450 1975 700 2014 responsum.
763 1962 921 2003 Natura
953 1962 1125 2002 hominis
1159 1969 1221 2003 est
1252 1964 1382 2003 instar
1413 1964 1565 2004 metalli
1599 1964 1754 2017 liquati,
1789 1964 1940 2005 coelum

141 2022 268 2061 instar
301 2023 463 2068 formae,
499 2022 536 2060 in
570 2034 686 2073 quam
717 2021 949 2061 infunditur.
1012 2021 1103 2062 Nisi
1135 2028 1347 2063 contumax
1379 2023 1434 2063 sit
1452 2021 1670 2072 metallum,
1703 2028 1832 2064 totam
1855 2024 1940 2063 for-

139 2093 241 2120 mam
286 2086 427 2120 exacte
473 2080 664 2131 suscipit3
710 2086 752 2119 at
791 2086 1006 2121 contumax
1047 2087 1110 2120 est
1155 2081 1325 2122 hominis
1357 2087 1500 2123 natura
1545 2082 1595 2123 ob
1633 2081 1942 2135 imaginationes

137 2140 276 2179 matris
311 2140 596 2179 antecedentes
629 2144 670 2178 et
701 2139 966 2179 institutionis
1000 2140 1207 2192 sequentis
1228 2141 1329 2189 vim,
1377 2153 1477 2194 quae
1510 2146 1575 2182 est
1608 2140 1738 2182 instar
1768 2141 1870 2183 coeli
1902 2145 1943 2181 et

137 2199 312 2250 scalpri;
344 2198 561 2238 miscentur
591 2197 725 2250 itaque
758 2198 856 2238 haec
890 2199 981 2238 tria.
1045 2199 1111 2238 Ita
1141 2205 1273 2240 tecum
1308 2200 1529 2241 consentio.

254 2257 314 2296 De
348 2263 489 2309 parte
524 2258 756 2297 fortunae
791 2262 833 2296 ut
866 2258 913 2297 de
946 2258 1168 2298 domibus
1196 2259 1352 2314 judico,
1398 2260 1609 2300 confictam
1641 2259 1695 2305 ad
1727 2257 1942 2299 formanda

135 2330 196 2355 rse
200 2329 327 2368 ponsa
359 2317 409 2355 ad
442 2329 555 2355 omne
589 2328 714 2367 genus
747 2317 1039 2368 quaestionum.

250 2374 342 2415 Jam
376 2388 469 2426 ergo
502 2380 544 2414 et
576 2375 624 2414 de
657 2375 718 2414 his
752 2375 1051 2427 quaestionibus
1085 2389 1213 2416 meum
1235 2377 1358 2416 habes
1385 2376 1594 2429 judicium,
1629 2383 1697 2416 tuo
1719 2375 1940 2416 conforme.

136 2434 216 2473 Sed
250 2434 351 2483 vide,
389 2434 481 2485 quid
514 2446 624 2484 agas.
690 2433 820 2474 Crede
854 2434 968 2481 mihi,
1016 2435 1197 2487 utrinque
1244 2441 1286 2475 et
1330 2450 1354 2475 a
1378 2435 1687 2488 quaestionibus
1719 2433 1800 2474 tuis
1845 2439 1887 2474 et
1919 2446 1943 2473 a

134 2493 447 2543 profectionibus
481 2493 665 2545 aequalia
710 2499 822 2533 stant
855 2493 1129 2544 experimenta
1179 2499 1219 2534 et
1253 2494 1547 2535 frustrationes.
1610 2492 1718 2534 Nam
1756 2490 1940 2545 utrinque

135 2552 294 2591 fortuna
326 2552 566 2591 dominatur.

252 2611 503 2662 Imagines
541 2610 665 2650 tueris
701 2615 933 2662 argumento
969 2610 1121 2651 urbium
1155 2615 1196 2650 et
1235 2610 1454 2662 regionum.
1517 2610 1633 2662 Nego
1679 2609 1753 2650 tibi
1786 2615 1940 2653 utrum-

134 2681 220 2719 que.
297 2669 541 2721 Imaginibus
587 2669 665 2708 vim
709 2669 899 2708 conciliat
943 2669 1174 2709 credulitas.
1246 2669 1393 2708 Audivi
1439 2669 1491 2708 ab
1534 2668 1714 2720 expertis
1760 2668 1937 2714 medicis,

133 2740 253 2779 saepe
288 2729 418 2767 verbis
451 2728 594 2767 medici
627 2728 810 2767 fiduciam
841 2728 1176 2779 persuadentibus
1210 2739 1296 2766 cum
1328 2727 1485 2778 magico
1518 2727 1695 2768 facinore
1715 2728 1938 2768 restaurari

134 2791 316 2825 naturam
344 2787 430 2837 jam
465 2799 564 2838 pene
597 2787 831 2838 collapsam.
898 2787 1051 2838 Itaque,
1086 2786 1119 2825 si
1147 2792 1188 2826 et
1226 2786 1276 2825 ob
1308 2785 1434 2825 visam
1466 2786 1682 2838 imaginem
1713 2786 1753 2826 in
1779 2794 1938 2838 gemma

131 2844 314 2884 fiduciam
347 2845 545 2896 concipiat
578 2846 760 2884 credulus
794 2857 926 2896 aeger,
956 2845 1199 2896 juvabimur.
1265 2843 1399 2890 Quare
1428 2858 1506 2885 non
1529 2851 1627 2898 puto
1658 2844 1819 2897 publice
1837 2857 1938 2887 con-

134 2908 196 2940 tra
228 2903 524 2954 disputandum.
589 2903 672 2944 Sed
717 2903 767 2943 ab
800 2903 933 2944 herbis
967 2909 1008 2943 et
1032 2903 1150 2943 rebus
1189 2903 1438 2943 naturalibus
1471 2903 1782 2956 argumentaris,
1838 2915 1939 2956 quae

133 2974 156 2997 a
189 2968 296 3000 certo
328 2967 506 3013 tempore
540 2962 619 3001 vim
651 2976 675 3001 a
706 2963 819 3001 coelo
851 2962 1045 3013 majorem
1077 2962 1318 3014 concipiant.
1382 2962 1468 3003 Aut
1499 2963 1539 3003 id
1571 2967 1636 3003 est
1668 2967 1823 3003 certum
1842 2961 1935 3001 anni

133 3026 300 3069 tempuS‚
336 3021 400 3060 ubi
433 3033 555 3059 causa
585 3021 623 3060 in
657 3021 832 3067 humore,
866 3020 1064 3069 siccitate,
1098 3020 1352 3069 maturitate,
1386 3026 1457 3061 aut
1489 3021 1562 3062 tibi
1595 3025 1662 3061 est
1680 3020 1938 3072 incognitum,

132 3076 167 3119 si
197 3077 278 3117 alia
309 3079 394 3133 ejus
427 3079 617 3133 temporis
649 3079 849 3131 periodus.
913 3080 968 3119 Et
999 3092 1076 3120 non
1109 3080 1220 3120 valet
1251 3085 1527 3134 argumentum
1558 3094 1584 3121 a
1607 3085 1754 3122 natura
1785 3079 1839 3121 ad
1868 3091 1937 3121 ar-
