2028 3242
176 87 260 129 338
740 87 871 118 Literae
896 87 1031 128 Kepleri
1058 87 1257 128 aliorumque
1282 93 1417 120 mutuae

175 194 243 225 dies
271 190 337 223 365
365 191 556 231 dispartitur
582 196 615 222 et
639 191 784 223 latenter
808 201 843 223 se
868 192 1044 224 immiscet.
1096 192 1181 224 Puto
1207 193 1430 225 astronomica.
1453 192 1673 226 fundamenta
1696 193 1758 226 hoc
1782 203 1850 226 non
1866 194 1986 227 admit-
2014 207 2017 209 >

173 247 254 272 tere.
306 239 407 279 Cupio
434 243 526 269 tuum
548 239 706 279 judicium
732 239 856 271 audire.

292 287 672 338 Keplerus21n
706 287 940 354 quaestione
975 287 1022 326 de
1055 287 1207 327 amissa
1252 287 1313 326 die
1356 300 1475 327 vocas
1515 301 1576 328 me
1607 287 1832 340 promiscue
1865 288 1988 328 etiam

175 347 223 385 ad
257 347 415 385 calceos
449 346 733 396 extergendos,
779 346 890 397 prius
932 359 991 384 mc
1030 346 1183 398 poculis
1224 346 1478 387 adhibueras.
1542 344 1649 393 Quid
1687 347 1760 388 tibi
1792 348 1855 387 hic
1887 360 1987 400 opus

176 411 237 444 est
269 418 358 444 mea
389 405 659 456 responsione,
696 405 733 444 in
768 418 822 453 re,
859 418 978 457 quam
1010 406 1094 457 ipse
1128 406 1280 445 calles?
1332 406 1624 458 Navigationes
1656 405 1747 449 illas
1779 419 1856 446 non
1888 406 1987 459 legi;

175 465 294 504 miror
326 464 476 503 nullam
507 464 630 503 talem
663 464 918 504 mentionem.
970 464 1113 505 Nonne
1147 465 1184 504 in
1205 464 1309 505 Asia
1341 464 1413 505 Sol
1446 465 1564 506 citius
1597 465 1722 505 oritur
1753 470 1796 506 et
1828 465 1986 515 occidit,

176 536 293 576 quam
328 523 431 575 apud
466 523 566 561 nos?

270 582 518 614 Fabricius.
561 581 748 620 Quaeritur,
776 591 818 613 an
845 581 984 623 physica
1010 590 1114 613 causa
1138 582 1231 614 reddi
1255 583 1382 624 possit,
1409 583 1495 625 quod
1521 581 1727 615 metallorum
1756 582 1897 614 fossores
1925 581 1987 614 vir-

175 629 254 672 gula
272 638 374 661 aurea
413 626 644 667 (Haselruthe)
685 629 754 659 auri
781 629 831 661 vel
871 629 1001 670 argenti
1026 629 1168 661 mineras
1195 628 1389 670 explorent⁹
1437 630 1508 672 Ego
1535 639 1575 661 ex
1593 629 1714 662 diaboli
1730 629 1803 662 lusu
1822 634 1862 662 et
1878 638 1989 673 super-

177 677 310 709 stitione
335 676 502 708 hominum
540 676 573 707 id
599 676 673 707 oriri
698 680 788 716 puto.
839 675 895 707 Sic
922 675 1007 716 quod
1033 685 1136 731 sagae
1175 682 1353 709 accusatae
1390 687 1449 719 per
1474 686 1596 719 aquam
1633 674 1870 719 explorantur,
1900 676 1991 711 nulla

176 725 316 766 physica
341 733 446 755 causa
471 724 542 754 dari
567 728 660 764 potes
648 727 686 753 t
739 723 792 754 Sic
819 723 885 754 vidi
911 723 992 754 meis
1019 715 1120 755 oculis
1148 723 1248 765 (quod
1274 724 1356 756 alias
1382 735 1448 756 non
1475 722 1699 764 credidissem)
1726 725 1812 766 quod
1835 723 1988 757 Noriber-

177 773 287 814 gensis
314 771 447 812 quidam
472 770 525 802 hic
550 780 608 811 per
632 773 755 801 motum
782 771 876 802 cribri
903 770 1082 810 exploravit
1105 771 1220 802 furem.

292 820 556 868 Keplerus:
613 818 824 869 Virgulam
856 824 967 857 tuam
1000 818 1173 858 divinam
1208 826 1249 858 et
1268 818 1512 871 praestigias
1546 818 1618 858 tibi
1639 819 1810 867 habeas;
1843 831 1987 859 assen-

178 878 255 918 tior
292 879 427 929 plane.
489 877 622 916 Multa
659 877 697 916 in
739 883 886 916 natura
923 877 1080 928 quidem
1119 878 1295 926 occulta,
1349 878 1432 917 tale
1467 891 1560 917 vero
1602 878 1698 918 nihil
1737 878 1776 917 in
1808 883 1989 930 apertum

179 938 394 988 prolatum,
430 937 532 988 quod
566 937 748 975 naturale
782 936 858 976 sit:
891 936 1128 987 praesertim
1163 937 1253 988 quia
1285 936 1323 976 vi
1356 937 1565 976 verberum
1597 937 1820 977 efficiuntur
1851 937 1947 977 istea—

270 1008 528 1038 Fabricius·
574 1006 649 1045 Qua
673 1007 802 1038 ratione
826 1006 987 1039 radicalia
1017 1007 1114 1049 signa
1145 1007 1272 1039 urbium
1304 1011 1338 1039 et
1368 1009 1539 1049 regionum
1564 998 1796 1049 inquiruntur?
1845 1006 1989 1040 Dubium

176 1065 241 1087 non
269 1059 330 1091 est,
359 1056 455 1097 signa
482 1059 514 1086 et
539 1055 648 1086 sidera
671 1055 834 1095 respicere
859 1054 987 1096 aliquas
1011 1056 1163 1096 regiones
1187 1055 1303 1095 majori
1328 1056 1455 1086 virtutis
1481 1055 1616 1090 influxu,
1640 1064 1739 1097 quam
1763 1053 1860 1087 alias.

295 1103 563 1154 Keplerus:
623 1101 749 1154 Signa
781 1102 942 1142 urbibus
974 1103 1136 1170 propria
1167 1115 1292 1154 nego;
1335 1116 1435 1154 quae
1469 1108 1563 1143 sunt
1593 1102 1780 1151 urbibus,
1813 1107 1908 1142 sunt
1937 1101 1987 1154 ob

179 1174 294 1214 reges
328 1168 369 1201 et
400 1163 548 1201 multos
581 1162 788 1212 primates,
823 1174 960 1212 regum
994 1162 1156 1211 amicos,
1194 1163 1228 1200 in
1262 1175 1339 1202 uuo
1373 1162 1506 1214 aliquo
1538 1161 1852 1241 consentientes.

273 1220 521 1253 Fabricius.
564 1220 660 1252 Unde
686 1220 788 1253 habes
814 1221 952 1262 genesin
979 1220 1047 1263 Sig.
1074 1220 1235 1253 Bathori‘!

293 1269 507 1320 Kepleru
521 1282 560 1308 s:
594 1268 765 1308 Bathoii
785 1268 950 1320 genesin
970 1269 1064 1308 mihi
1080 1267 1328 1320 capitaneus
1349 1267 1510 1321 styriae
1530 1233 1890 1316 Herberstenius,
1877 1280 1986 1319 jussu

176 1329 344 1368 iliustiis
378 1341 573 1380 personae
614 1330 705 1372 (aut
736 1326 877 1367 matris
910 1328 1167 1368 archiducum
1199 1333 1269 1367 aut
1302 1328 1536 1378 repudiatae
1567 1326 1778 1380 principis)
1817 1325 1987 1367 tradidit

175 1387 493 1427 examinandam.
520 1408 570 1414 —
600 1387 677 1426 Pro
699 1387 987 1427 observatione
1015 1386 1084 1428 29.
1106 1387 1197 1426 Jan.
1224 1385 1349 1427 1603.
1375 1384 1432 1439 (v,
1461 1400 1494 1426 s,
1516 1399 1555 1438 p.
1580 1383 1684 1433 323)
1711 1385 1867 1438 gratias
1893 1397 1983 1437 ago.

269 1459 492 1490 Fabricius
517 1457 619 1489 literis
647 1454 694 1499 [d.
723 1458 753 1489 d.
776 1456 818 1489 14
850 1455 939 1497 (24.)
957 1458 1057 1490 Mart.
1087 1453 1207 1499 1603],
1236 1467 1253 1489 e
1280 1458 1394 1499 quibus
1419 1458 1593 1499 sequeutia
1618 1457 1844 1495 desumimus,
1870 1456 1986 1489 eodem

174 1506 225 1538 die
252 1507 334 1537 alias
361 1505 506 1544 addidit,
535 1510 568 1549 et
584 1506 672 1546 ipsas
699 1505 944 1547 quaestionibus
970 1507 1126 1541 refertas,
1155 1506 1197 1536 ad
1223 1514 1304 1547 quas
1330 1504 1494 1546 Keplerus
1519 1505 1569 1536 his
1593 1508 1723 1536 tantum
1747 1505 1987 1546 interrumpens

174 1555 372 1585 orationem:
403 1553 466 1591 „ad
492 1553 565 1584 illas
594 1551 647 1584 14.
675 1552 788 1584 Martii
814 1553 985 1594 geminas“
1013 1552 1180 1594 respondit
1204 1553 1237 1583 in
1263 1552 1379 1584 iisdem
1403 1551 1505 1583 literis
1531 1551 1562 1583 d.
1589 1551 1619 1583 d.
1649 1550 1680 1582 4.
1706 1550 1794 1584 Julii.

268 1601 512 1632 Fabricius:
556 1600 670 1632 Habes
695 1600 749 1632 hic
775 1601 984 1642 quaestiones
1003 1601 1178 1632 nonnullas
1197 1600 1291 1636 alias,
1317 1601 1349 1631 in
1366 1599 1524 1640 prioribus
1542 1600 1696 1631 omissas:
1724 1598 1813 1638 Quid
1829 1598 1870 1631 de
1894 1607 1985 1641 geo·

172 1649 338 1680 mantia
359 1647 514 1688 judicas?

288 1696 555 1747 Keplerus:
615 1693 715 1734 Cum
750 1693 979 1746 geomantia
1012 1696 1167 1735 facesse
1207 1695 1255 1734 ad
1290 1694 1486 1746 virgulam
1524 1693 1720 1743 divinam;
1760 1693 1855 1733 nihil
1891 1691 1983 1745 legi,

172 1755 247 1795 nisi
281 1768 381 1807 quae
414 1754 453 1794 J.
487 1754 647 1794 Fortius
678 1753 990 1805 Ringelbergius
1023 1754 1232 1794 furibundo
1266 1754 1421 1793 calamo
1454 1753 1649 1793 exaravit.

265 1826 508 1857 Fabricius:
547 1824 600 1856 De
625 1824 827 1866 quadratura
852 1825 963 1857 circuli
988 1825 1103 1858 dubius
1129 1835 1213 1862 sum,
1239 1825 1318 1867 quid
1341 1824 1492 1856 utilitatis
1518 1823 1620 1856 inde?

289 1872 772 1924 Keplerus.Nesci1i
804 1885 895 1912 eam
926 1873 1172 1922 necessario,
1220 1878 1380 1924 repetes
1414 1885 1462 1911 ex
1493 1872 1691 1924 prioribus
1724 1870 1875 1918 literis,
1919 1869 1986 1911 ubi

170 1932 511 1984 comparationem
559 1932 665 1970 inter
710 1932 926 1971 rationalia
972 1938 1013 1972 et
1043 1931 1296 1972 irrationalia
1333 1932 1490 1971 cossiea
1523 1937 1570 1974 et,
1582 1930 1786 1971 circulum
1816 1928 1985 1996 institui.

173 1992 336 2031 Nullum
369 2004 482 2030 usum
514 1991 645 2030 video.

267 2062 516 2093 Fabricius·
550 2060 728 2092 Rationem
754 2061 1010 2092 directionis
1036 2062 1070 2092 in
1095 2060 1192 2092 Luna
1216 2060 1316 2092 latius
1341 2060 1542 2102 explicatam
1567 2058 1694 2095 velim„

289 2109 558 2160 Keplerus:
607 2108 652 2148 Si
672 2110 787 2148 Luna
819 2115 976 2148 careret
1006 2109 1167 2160 proprio
1200 2114 1322 2157 motu,
1355 2112 1584 2149 moveretur
1601 2113 1737 2147 tamen
1769 2117 1895 2158 aeque
1915 2118 1983 2146 ce-

177 2167 311 2208 leriter
344 2167 443 2216 Soli,
478 2181 708 2220 quocunque
742 2168 829 2207 loco
862 2167 916 2206 sit
949 2168 1029 2207 sita
1061 2168 1292 2220 quiescens:
1327 2167 1420 2219 quia
1452 2167 1539 2218 ejus
1572 2166 1680 2206 orbis
1712 2164 1987 2218 circumfertur

176 2236 198 2266 a·
230 2228 376 2274 Terra,
429 2226 541 2278 cujus
583 2232 714 2267 motus
748 2225 855 2266 Solis
888 2232 1039 2270 motum
1072 2233 1364 2279 repraesentat.
1427 2227 1520 2267 Jam
1553 2226 1662 2274 dico,
1703 2237 1804 2278 quae
1836 2224 1985 2263 Terrae

175 2294 336 2326 nostrae
357 2286 499 2325 matris
520 2293 629 2325 motu
651 2292 899 2335 moveantur,
934 2286 1172 2338 significare,
1206 2286 1370 2338 reliqua,
1408 2298 1508 2338 quae
1528 2283 1702 2338 proprio,
1736 2283 1983 2336 promittere.

181 2346 292 2385 Luna
324 2351 490 2397 utroque
525 2346 801 2394 communicat,
837 2345 1038 2397 significat
1069 2346 1191 2398 igitur
1224 2351 1265 2385 et
1291 2345 1502 2397 promittit.
1553 2342 1830 2396 Siffliificatrix
1850 2342 1982 2394 igitur,

175 2411 215 2443 ut
254 2411 339 2451 est,
389 2405 598 2456 dirigenda
637 2405 820 2454 omnino,
855 2412 896 2445 et
927 2405 965 2444 id
998 2411 1104 2445 motu
1141 2404 1272 2452 Solis,
1308 2410 1393 2444 tam
1425 2403 1568 2443 celeris
1601 2408 1665 2443 est
1696 2401 1785 2454 ejus
1819 2401 1983 2440 directio

175 2477 290 2515 quam
325 2463 431 2503 Solis
472 2469 512 2503 et
555 2464 592 2514 in
633 2464 823 2516 ecliptica
863 2470 906 2504 ut
947 2465 1026 2503 ille.
1089 2463 1135 2503 Si
1175 2463 1269 2516 quid
1307 2463 1417 2503 aliud
1450 2462 1612 2514 scripsi,
1657 2460 1762 2513 quod
1793 2458 1984 2512 explicari

175 2523 296 2574 cupis,
332 2523 371 2561 id
405 2523 566 2563 excidit.

268 2582 511 2613 Fabricius:
549 2581 651 2623 Cupio
679 2583 773 2618 scire,
802 2581 878 2623 quid
905 2586 940 2612 tu
959 2581 998 2613 de
1017 2582 1153 2622 spectris
1172 2582 1350 2617 nocturnis,
1377 2588 1616 2621 campanarum
1632 2577 1790 2620 pulsibus,
1816 2577 1984 2608 nocturnis

175 2629 333 2670 exsequiis
356 2628 507 2669 judices?

293 2677 566 2727 Keplerus:
619 2677 732 2716 Haec
777 2677 826 2715 ad
873 2675 1145 2728 geomantiam
1192 2680 1231 2714 et
1276 2674 1470 2726 virgulam
1516 2673 1702 2712 dixinam.
1767 2670 1983 2711 Geniorum

177 2748 273 2786 opus
308 2740 400 2774 sunt
431 2735 501 2775 illa
531 2740 733 2786 portenta,
768 2735 802 2774 si
835 2736 939 2788 quod
971 2736 1155 2775 natuiale
1189 2734 1279 2782 (seu
1313 2733 1444 2786 quasi)
1479 2724 1578 2784 opus
1610 2734 1714 2772 sunt.
1775 2727 1983 2770 Exercebo

175 2800 308 2832 tamen
343 2800 383 2834 te
415 2794 605 2834 vicissim.
662 2793 769 2833 Fieri
804 2794 1042 2834 monitiones
1075 2806 1146 2845 per
1180 2792 1346 2840 somnia,
1381 2791 1518 2842 negari
1539 2790 1688 2843 nequit.
1741 2790 1800 2830 At
1830 2789 1983 2829 somnia

177 2853 310 2903 figuris
345 2858 386 2892 et
417 2853 544 2904 tropis
578 2858 767 2892 constant
800 2853 1009 2892 oratoriis:
1044 2864 1240 2905 quaenam
1273 2852 1371 2891 haec
1404 2857 1548 2890 natura
1580 2855 1663 2897 est,
1696 2861 1797 2901 quae
1828 2849 1978 2889 verita-

178 2916 259 2949 tem
292 2913 444 2951 tutelae
479 2925 600 2951 causa
633 2912 826 2960 insinuat,
870 2925 947 2951 non
982 2912 1133 2951 directe
1166 2910 1374 2962 proponit,
1410 2910 1481 2948 sed
1513 2922 1586 2961 per
1617 2907 1834 2959 ambages?
1894 2907 1982 2947 Huc

178 2969 280 3008 enim
313 2971 475 3009 tandem
508 2971 651 3010 recidit
689 2977 730 3010 et
771 2977 862 3010 tuus
895 2983 1113 3022 campanae
1145 2971 1295 3022 pulsus.
1358 2969 1584 3008 Mirabilem
1628 2972 1830 3016 naturam,
1882 2979 1982 3019 quae
2027 3000 2028 3005 ,

179 3028 296 3067 aliter
328 3029 534 3068 nobiscum
566 3030 765 3081 colloquia
797 3031 952 3081 agitare
986 3035 1027 3069 et
1059 3028 1297 3069 commercia
1329 3040 1404 3066 non
1436 3032 1585 3080 potest,
1622 3025 1699 3066 nisi
1731 3026 1880 3066 talibus
1905 3038 1979 3065 nu-
2026 3063 2028 3093 A

179 3086 305 3126 tibus!
367 3088 423 3127 Et
461 3088 525 3140 qui
564 3089 627 3137 fit,
674 3094 718 3128 ut
755 3089 827 3129 hos
866 3094 984 3128 nutus
1025 3087 1172 3128 edant?
1235 3086 1317 3127 Cur
1356 3098 1432 3126 non
1468 3087 1608 3127 eadem
1640 3098 1762 3140 opera
1793 3097 1910 3125 veros
1941 3090 1984 3124 et
2027 3096 2028 3106 ¹
