2028 3242
77 1695 239 1751 (5ssoe-
281 1698 320 1738 in
351 1712 396 1739 se
426 1699 555 1751 ipsum
587 1701 748 1741 ductum
774 1700 871 1741 facit
898 1701 1006 1749 DE,
1043 1701 1164 1754 igitur
1184 1706 1226 1741 et

717 31 721 34 r
798 7 839 40 «ιο
863 7 961 40 rebus
986 8 1201 52 astrologicis.
1817 10 1903 55 309

103 117 213 162 rant,
256 124 336 165 qua
364 113 404 153 vi
435 113 602 153 infantis
633 113 794 165 genesis
831 110 970 166 genesi
1010 114 1191 166 parentis
1231 115 1277 156 fit
1313 115 1472 166 similis,
1517 128 1596 168 qua
1638 117 1677 157 vi
1714 122 1903 169 aspectus

101 172 352 224 planetarum
382 172 597 212 secuudum
629 173 795 224 figuram
827 173 1178 213 demonstrabilem
1211 174 1263 214 ab
1292 175 1435 216 animis
1460 180 1502 216 et
1526 175 1665 216 formis
1697 176 1900 224 sentitur).

101 231 162 272 At
191 230 296 283 quod
331 242 410 272 non
454 231 694 283 ingreditur,
739 244 816 271 non
847 236 1005 279 movet;
1055 244 1176 284 quare
1208 245 1281 273 nec
1320 246 1407 274 cum
1436 235 1626 287 planetae
1657 231 1768 287 51Ἰ.ι
1789 231 1808 256 ‘
1836 235 1899 277 di-

101 293 224 338 stant,
257 289 475 330 movebunt
504 295 709 338 naturam;
742 301 819 329 non
851 290 955 330 enim
987 294 1051 330 est
1079 290 1312 332 harmonica
1342 292 1559 342 distantia,
1593 305 1682 334 cum
1711 305 1901 345 praeser-

100 348 172 389 tim
202 348 482 400 septangulum
512 361 586 388 uec
616 348 799 400 regulare
830 360 975 400 corpus
1005 349 1241 399 conformat,
1274 363 1348 391 nec
1366 351 1589 403 planitiem,
1622 364 1680 392 sc.
1701 352 1897 405 nuspiam,

101 418 223 460 quare
253 419 326 454 nec
357 406 398 446 in
428 406 552 448 radiis
582 407 848 459 planetarum,
880 419 952 447 nec
984 407 1023 447 in
1055 408 1177 449 sonis.
1238 409 1351 449 Haec
1380 409 1504 462 igitur
1533 410 1634 450 bene
1653 411 1773 451 velim
1798 424 1898 452 con-

100 465 266 506 sideres.
327 464 416 517 Ego
447 470 635 518 aspectus
667 465 740 506 hos
770 470 867 517 puto
898 478 960 506 me
993 466 1129 506 videre
1162 467 1321 508 fortiter
1351 473 1535 520 agentes,
1565 469 1637 508 sed
1669 469 1731 509 vis
1762 482 1900 512 eorum

100 523 356 565 aestimanda
384 529 450 564 est
478 537 528 564 ex
558 524 712 564 ratione
745 525 1118 565 demonstrationis:
1160 525 1267 567 latus
1299 539 1382 567 sex
1394 526 1562 580 anguli
1591 528 1722 580 ipsum
1751 541 1824 581 per
1854 543 1898 570 se

101 589 165 624 est
193 579 324 635 ἑηων,
354 594 447 623 nam
477 583 644 636 aequale
677 589 739 623 est
771 583 1068 624 semidiametro
1079 596 1091 632 3
1124 585 1359 637 quadrati
1392 585 1532 626 lateris
1564 587 1804 640 quadratum
1833 593 1899 629 est

100 634 230 693 ῥητῷ,
261 653 355 682 nam
385 641 590 682 dimidium
621 646 684 682 est
716 642 900 694 quadrati
933 642 1141 692 diametri;
1173 643 1358 696 trigoni
1389 645 1530 685 lateris
1562 645 1802 698 quadratum
1833 652 1898 687 est

35 700 39 704 ‘
100 700 151 741 ad
182 700 419 753 quadratum
451 700 636 741 diametri
668 706 712 740 ιιι
743 699 768 742 3
802 701 854 740 ad
886 699 933 750 4;
977 702 1256 753 conjunctio
1289 708 1355 744 est
1384 703 1423 744 in
1455 703 1710 756 geometricis
1741 704 1899 757 integer
1947 708 1954 719 ¹

100 758 270 800 circulus
300 771 371 798 seu
401 764 603 812 punctum,
636 772 707 800 seu
739 760 902 800 nullitas
935 761 1068 813 anguli
1099 761 1312 811 radiorum,
1346 762 1385 802 h.
1419 775 1454 802 e.
1488 762 1777 812 coincidentia3
1810 776 1896 816 op-

99 817 282 870 positio
312 817 402 870 ipsa
433 818 628 859 diameter
659 823 743 867 est,
789 831 899 859 mera
942 819 1134 860 identitas
1177 833 1247 860 seu
1286 835 1533 870 μωοφωιια;
1582 822 1815 874 quintilis
1855 827 1899 863 et

101 875 389 930 biquiutilis
421 878 618 928 quadrata
644 878 784 930 juncta
815 884 909 918 sunt
939 878 991 918 ad
1014 878 1261 931 ,quadratum
1292 879 1476 921 diametri
1506 885 1552 920 ιιι
1583 878 1609 921 5
1642 880 1695 920 ad
1725 878 1768 922 4.
1818 881 1895 922 Di-

100 934 189 975 visa
218 947 295 975 uon
327 935 376 974 ad
409 935 590 985 invicem,
625 949 694 976 nec
726 937 776 977 ad
809 937 1047 989 quadratum
1078 937 1276 987 diametri,
1309 944 1352 979 ut
1376 951 1563 979 numerus
1594 939 1646 979 ad
1677 951 1894 989 numerum,

100 994 174 1034 hoc
228 993 363 1046 itaque
412 994 568 1034 nomine
612 1000 704 1035 sunt
751 995 838 1035 loco
881 995 1117 1047 posteriore.
1187 996 1291 1037 Vide
1339 997 1569 1038 methodum
1610 998 1896 1052 polygonorum

102 1051 312 1100 (Adriani)
343 1051 527 1094 Romani.
589 1053 674 1094 Nec
706 1054 810 1094 enim
839 1054 968 1106 prima
1005 1067 1076 1094 nec
1108 1055 1302 1105 secunda,
1350 1057 1422 1097 sed
1452 1056 1574 1096 tertia
1605 1057 1760 1097 demum
1792 1069 1894 1110 qua-

102 1111 220 1151 drata
248 1110 288 1150 in
321 1111 493 1152 numeris
525 1117 755 1166 aequantur.
816 1113 1006 1154 Potentia
1043 1114 1395 1168 quinquangularis
1432 1115 1574 1155 lateris
1614 1115 1795 1168 aequalis
1831 1120 1897 1156 est

101 1169 306 1222 potentiae
360 1170 643 1212 semidiametri
702 1178 744 1211 et
792 1172 998 1223 potentiae
1054 1173 1194 1213 lateris
1246 1174 1553 1227 decangularis,
1619 1174 1724 1226 quod
1773 1174 1895 1215 habet

101 1241 213 1269 suam
258 1228 627 1270 determinationem
674 1231 712 1270 in
744 1231 870 1282 gradu
902 1236 1067 1272 remoto.
1132 1231 1235 1271 Illud
1272 1234 1508 1286 quadratum
1541 1232 1596 1273 sit
1632 1232 1740 1282 AB,
1785 1234 1895 1286 cujus

94 1288 181 1339 jam
211 1287 318 1327 latus
349 1287 430 1328 AC
462 1289 598 1341 nequit
629 1289 795 1341 exprimi
825 1302 997 1330 numero.
1057 1289 1118 1330 Ab
1150 1290 1225 1330 hoc
1502 1323 1564 1354 rig·
1582 1319 1611 1349 2.

100 1346 307 1399 quadrato,
341 1347 452 1399 eujus
484 1348 666 1400 cognitus
698 1354 767 1388 est>
792 1360 995 1397 numerus,
1038 1349 1225 1389 eximitur
1281 1387 1289 1403 ἑ
1598 1386 1609 1390 -
1653 1365 1684 1398 1:

100 1404 336 1458 quadratum
380 1405 506 1455 aliud,
554 1407 656 1458 quod
695 1407 823 1459 ipsum
866 1419 954 1447 cum
994 1419 1065 1447 suo
1096 1408 1224 1447 latere

98 1468 234 1516 potest
264 1463 430 1516 exprimi
451 1477 625 1512 numero,
658 1466 756 1506 AD.
808 1465 985 1506 Secatnr
999 1466 1119 1518 igitur
1138 1465 1223 1507 AC

99 1522 139 1562 in
169 1521 205 1562 E
235 1522 392 1562 ratione
424 1523 605 1575 cognita3
651 1537 722 1563 nec
767 1530 900 1564 tamen
945 1537 1105 1565 numero
1149 1537 1223 1564 ex-

99 1580 214 1632 primi
243 1586 378 1633 potest
398 1580 488 1630 EC,
517 1595 605 1623 cum
636 1580 751 1634 ῥητοι
770 1582 851 1622 ΑΕ
885 1584 934 1623 ab
966 1581 1123 1636 ἀῤῥητῳ
1144 1582 1224 1624 AC

99 1639 275 1680 ablatum
294 1640 494 1693 relinquat
523 1639 694 1694 ἀῤῥητον
711 1640 804 1682 EC.
851 1641 906 1682 Et
926 1642 1018 1694 quia
1043 1641 1134 1691 EC,
1158 1642 1225 1695 ἀρ’-

98 1757 183 1797 DB
215 1753 396 1809 ἀρ’ῥηιω.
458 1757 522 1798 Ex
561 1772 635 1811 quo
674 1759 830 1800 etalio
868 1757 972 1811 ῥητῳ
1014 1760 1222 1813 quadrato,
1271 1763 1296 1798 J

98 1828 136 1856 n.
169 1815 473 1865 semidiametri,
518 1818 765 1870 componitur
805 1819 1040 1871 quadratum
1083 1819 1223 1859 lateris

98 1873 393 1927 quinquanguli.
455 1876 541 1916 Hoc
579 1877 816 1928 quadratum
859 1890 936 1917 non
977 1883 1040 1918 est
1077 1890 1149 1930 per
1180 1891 1223 1917 se

98 1933 365 1986 comparabile
398 1934 449 1974 ad
482 1935 730 1981 diametrum,
764 1936 833 1976 sed
866 1949 937 1989 per
966 1937 1221 1978 ablationem.
1270 1949 1300 1983 1³
1651 1956 1680 1986 G
1859 1954 1888 1988 B

96 1991 203 2032 Nam
220 1992 296 2032 AB
316 1991 404 2044 plus
436 1993 558 2033 habet
579 2007 694 2047 quam
715 1994 792 2034 AD
825 2001 864 2034 et
885 1995 970 2043 DB,
995 2008 1134 2048 nempe
1159 1997 1237 2036 FD
1258 2002 1298 2036 et
1324 1995 1412 2046 DC,
1451 2003 1493 2038 et
1513 2003 1579 2038 est
1599 1997 1890 2051 comparabile;

98 2049 184 2090 AD
215 2050 354 2090 itidem
385 2057 449 2091 est
479 2053 760 2104 comparabile.
824 2054 870 2093 ld
903 2055 1101 2102 aufertur3
1134 2055 1250 2094 simul
1287 2062 1419 2097 autem
1452 2057 1598 2097 cadunt
1623 2057 1705 2098 FD
1738 2062 1780 2097 et
1797 2055 1892 2105 Dc,

98 2108 437 2160 incomparabilia,
471 2111 644 2151 retinent
676 2117 808 2151 tamen
841 2125 953 2152 suam
986 2113 1357 2154 determinationem
1391 2115 1441 2155 ab
1461 2116 1556 2165 AB,
1590 2116 1691 2165 AD,
1725 2128 1891 2168 compa-

98 2166 305 2214 rabilibus,
337 2173 381 2207 ut
411 2168 655 2220 relinquatur
686 2169 767 2208 DB
800 2171 1024 2222 quaesitum
1057 2172 1382 2223 incomparabile.

214 2223 293 2265 Est
327 2225 448 2277 igitur
487 2227 586 2266 haec
624 2240 776 2280 quoque
815 2229 1006 2269 mirabilis
1045 2230 1312 2282 quantitatum
1355 2237 1524 2279 natura,
1568 2233 1741 2272 sortiens
1779 2245 1894 2272 suam

100 2283 471 2324 determinationem
503 2285 553 2324 ab
584 2286 799 2326 ablatione.
863 2286 1075 2336 Quamvis,
1115 2294 1158 2328 ut-
1189 2289 1263 2328 hoc
1295 2290 1459 2338 addam,
1498 2295 1587 2329 tota
1617 2291 1718 2331 haec
1750 2303 1891 2331 essen—

98 2343 181 2383 tiae
212 2342 315 2382 ratio
347 2348 422 2382 est.
486 2342 617 2383 Aliter
653 2345 787 2397 itaque
826 2345 1051 2386 subsistunt
1093 2347 1375 2392 (subsistentia
1414 2346 1727 2400 quantitativa)‚
1774 2349 1893 2389 aliter

98 2406 397 2454 comparantur;
448 2402 520 2441 hoc
560 2402 640 2442 illis
672 2403 818 2443 accidit
850 2418 873 2443 a
906 2410 1050 2444 mente.
1115 2403 1197 2444 Sed
1229 2406 1279 2445 ad
1311 2418 1406 2445 rem.
1467 2406 1554 2446 Hoc
1586 2407 1721 2459 itaque
1753 2419 1892 2459 genus,

97 2466 142 2501 ut
172 2459 454 2514 quinquanguli
476 2461 594 2508 latus,
630 2461 815 2501 consistit
853 2462 889 2502 in
929 2468 1083 2503 remota
1115 2464 1411 2515 comparatione
1445 2470 1485 2504 et
1517 2464 1706 2505 abhorret
1737 2479 1762 2506 a
1793 2465 1890 2506 reli-

97 2519 196 2571 quis.
260 2521 346 2559 Hoc
378 2531 438 2558 me
471 2520 588 2559 valde
621 2520 809 2559 turbavit.
874 2521 1099 2562 Videbatur
1125 2522 1228 2562 enim
1259 2522 1332 2562 hoc
1364 2528 1483 2574 pacto
1515 2523 1612 2564 nihil
1645 2524 1782 2564 valere
1815 2524 1890 2564 de-

96 2578 211 2626 bere,
252 2590 341 2619 cum
372 2584 448 2617 non
482 2591 525 2618 se
557 2578 643 2630 ipso
676 2579 924 2630 intelligatur
955 2585 995 2619 et
1026 2586 1290 2632 comparetur.
1354 2581 1495 2621 Erexit
1526 2594 1588 2621 me
1629 2587 1763 2622 tamen
1793 2596 1890 2624 mu·-

14 2676 19 2682 ,
47 2638 51 2640 ’
96 2636 213 2678 sica.
275 2636 375 2678 Cum
407 2636 509 2676 enim
542 2637 663 2677 tertia
694 2637 824 2676 mollis
856 2638 910 2677 sit
941 2651 965 2678 a
995 2639 1227 2690 sexangulo,
1260 2639 1383 2679 tertia
1411 2640 1510 2679 dura
1541 2654 1565 2679 a
1585 2641 1889 2694 quinquangulo,

96 2701 204 2736 certe
230 2694 442 2748 jucundior
474 2695 745 2747 (quantumvis
778 2697 899 2743 dura)
931 2701 994 2736 est
1026 2697 1146 2737 tertia
1179 2698 1298 2746 dura,
1343 2698 1472 2738 mollis
1503 2710 1642 2749 parum
1676 2700 1815 2750 abest,
1847 2705 1893 2741 ut

96 2767 172 2795 non
204 2758 406 2794 consonet.
470 2753 658 2806 Oportuit
678 2754 799 2806 igitur
819 2755 921 2794 ratio
953 2769 976 2794 a
1003 2769 1065 2795 me
1092 2756 1323 2808 excogitari,
1358 2770 1434 2808 qua
1465 2757 1587 2797 etiam
1617 2758 1767 2799 multae
1787 2759 1890 2800 aliae

94 2813 242 2864 figurae
285 2813 567 2852 consonantias
601 2814 778 2852 facturae
812 2813 998 2862 fuissent,
1045 2827 1132 2854 cum
1170 2815 1287 2854 valde
1326 2812 1492 2867 ἀρῤητοι
1532 2816 1635 2865 sint,
1679 2816 1754 2857 nisi
1799 2817 1890 2858 aliis

94 2872 227 2911 causis
263 2870 561 2922 impedirentur.
626 2873 690 2911 Ita
731 2872 842 2911 vides
886 2872 926 2911 in
966 2872 1164 2924 prioribus
1209 2873 1358 2921 literis,
1403 2874 1572 2926 relinqui
1615 2875 1888 2928 decangulum,

102 2924 194 2982 Ἷω,
228 2942 346 2969 unam
377 2934 558 2969 octavam
592 2930 682 2976 δια,
721 2931 963 2982 multasque,
1008 2931 1085 2971 imo
1117 2931 1292 2972 infinitas
1324 2932 1439 2977 alias.
1504 2931 1639 2974 Causa
1668 2947 1788 2983 vero,
1821 2947 1890 2975 cur

17 3010 24 3015 -
93 2987 131 3026 in
169 2989 387 3040 sexangulo
425 2989 675 3040 praepolleat
715 2989 836 3029 tertia
875 2989 974 3028 dura
1011 2990 1136 3038 molli,
1183 2995 1247 3030 est
1289 2990 1427 3031 itidem
1464 3004 1513 3031 ex
1551 2992 1887 3035 demonstratione
