2028 3242
686 69 893 112 mugi-0
917 70 1119 103 comnibus.
1490 81 1494 83 ¹
1710 69 1797 115 433

3 175 108 216 Nam
137 178 298 227 praeter
327 172 512 226 antiquos
537 178 734 225 aspectus
756 185 808 214 ex
835 174 949 214 novis
979 174 1137 214 accedit
1166 175 1344 227 quintilis
1375 174 1541 217 Saturni
1566 181 1609 217 et
1638 176 1798 218 Martis.

0 231 199 321 Sequimur
212 232 444 274 mennas
472 231 740 317 pulcherrima
762 244 851 272 cum
880 233 1189 274 humectatione.
1249 233 1349 274 Fine
1378 234 1557 276 'tonitma
1574 240 1619 275 et
1634 236 1797 302 imbres,

0 298 2 302 ¹
60 297 95 348 3
131 299 166 321 ι
172 298 194 332 ι,
316 302 325 322 ;
740 290 917 332 Thesis
945 290 1060 332 LVI.

86 347 221 390 Gnm
248 360 373 390 cansa
402 349 640 390 universalis
670 361 870 390 annorum
890 348 1166 402 dispositionis
1196 318 1421 401 ignoretur,
1456 352 1518 393 ita
1557 352 1609 392 de
1631 356 1799 395 aestate

0 364 105 449 affl
118 407 379 449 scriboedum
409 413 491 457 est,
530 420 579 448 ac
621 408 657 448 si
686 420 814 448 annus
849 408 936 460 ipse
971 421 1046 449 seu
1074 408 1199 449 Terra
1228 408 1303 449 hoc
1334 422 1438 450 anno
1474 411 1532 451 sit
1562 410 1696 452 futura
1724 423 1798 452 suo

0 471 153 509 statu.
186 466 329 520 Itaque
360 466 396 506 si
425 466 680 518 conjecturae
711 466 979 519 astrologicae
1021 466 1131 507 eirca
1164 467 1410 508 individuum
1461 468 1501 509 in
1543 473 1662 511 tanta
1686 481 1797 512 canz-

0 537 133 566 sarnm
170 525 421 577 ignoratione
474 525 690 573 fallantur,
733 524 855 565 venia
893 524 1037 577 dignas
1072 531 1184 577 puto.
1256 526 1350 566 Non
1386 527 1491 567 enim
1526 540 1799 580 supervacuae

0 584 91 625 aiei
106 589 298 639 possunt,
341 584 444 637 quae
485 582 538 623 in
566 583 740 623 materia
770 583 976 624 maximae
1006 584 1113 624 citra
1138 585 1452 625 controversiam
1482 585 1673 627 utilitatis
1702 598 1798 628 ver-

0 647 181 691 uantur-f
190 642 267 683 ¹vi·
266 642 464 710 quando,
506 653 609 694 quae
650 642 782 682 adbuc
823 642 977 691 latent,
1020 642 1062 683 in
1104 643 1232 684 lucem
1267 643 1427 696 penitus
1470 644 1796 697 producerentur.

0 700 149 754 ltaque
164 699 282 742 lumi
302 700 539 753 principium
570 700 765 741 fervidum
796 706 839 741 et
869 714 1054 741 serenum
1077 701 1236 753 judico;
1272 707 1368 754 post
1396 703 1655 755 plenilunium
1683 704 1795 756 peri-

0 759 178 800 mosas
172 759 492 807 commotiones,
525 759 827 808 inundationes,
865 765 907 799 et
937 760 1104 800 fulmina.
1131 760 1286 801 crebra.
1347 760 1395 802 Si
1424 761 1625 814 generalis
1655 762 1796 814 dispo-

0 817 95 858 sitio
118 817 280 858 'Terrae
297 851 301 853 -
321 818 374 858 ad
416 817 642 858 siccitatem
684 817 921 867 inclinaret,
965 819 1064 859 nihil
1106 824 1219 869 esset
1253 819 1430 871 periculi.
1494 819 1649 862 Contra
1677 821 1714 862 si
1744 821 1797 862 ad

0 875 293 918 διιιιὲἰιιωιιιε
322 888 403 917 ιιοιι
433 882 551 917 erunt
580 876 759 926 fulmina,
789 877 863 917 sed
893 877 1105 918 continuae
1135 883 1179 917 et
1207 878 1379 931 frigidae
1408 879 1586 931 pluviae.
1640 880 1798 921 ‚Ultima

0 931 193 976 meffietas
221 934 421 976 continuis
452 935 567 988 qnasi
593 935 841 976 stationibus
870 936 912 975 in
941 948 1037 976 snos
1068 942 1258 991 aspectus
1287 942 1352 977 est
1382 937 1612 979 distributa.
1668 937 1795 980 Com·-

0 993 189 1034 notiones
219 999 349 1034 erunt.
410 993 641 1034 Verisimile
683 1000 866 1046 putarem
902 995 955 1034 ob
997 995 1146 1035 multas
1189 995 1450 1036 humiditates
1480 996 1796 1049 frigidinsculnm

0 1051 171 1094 fintenum
196 1064 394 1101 ιιιωεοιιι,
431 1052 510 1093 nisi
547 1052 612 1092 hic
646 1053 733 1104 jam
762 1059 874 1093 totus
903 1066 1031 1094 annus
1062 1051 1185 1095 1601.
1218 1054 1315 1095 talis
1345 1055 1502 1100 fuisset.
1563 1055 1639 1097 Sin
1667 1069 1795 1097 annus

0 1110 276 1190 universaliter
305 1111 358 1152 ad
389 1111 614 1152 siccitatem
645 1111 870 1161 inclinetur,
904 1125 954 1152 ea
983 1112 1058 1153 hoc
1088 1125 1224 1153 mense
1255 1119 1372 1154 tanto
1402 1114 1531 1166 major
1560 1115 1705 1156 erit..

715 1171 896 1210 Thesis
925 1171 1059 1211 LVII.

7 1247 18 1254 τ
86 1192 238 1267 Julius
266 1227 409 1268 eodem
438 1227 479 1268 in
509 1241 632 1268 censu
663 1235 741 1276 est,
759 1229 901 1270 eadem
921 1229 1201 1282 ambiguitate.
1237 1230 1344 1271 Nam
1374 1227 1428 1271 18
1446 1211 1637 1283 aspectus
1654 1223 1794 1273 habet.

0 1283 93 1326 Dum
122 1285 235 1327 enim
259 1286 474 1339 quotannis
509 1286 592 1328 150
623 1287 784 1328 circiter
813 1288 897 1328 sint
925 1294 1139 1340 aspectus,
1187 1289 1217 1330 ii
1253 1289 1328 1330 hoc
1364 1302 1469 1330 anno
1505 1290 1652 1342 potiori
1678 1297 1793 1343 parte

0 1352 29 1384 n
56 1349 283 1385 semestre
299 1345 495 1386 aestivum
534 1347 846 1387 accumulantur.
920 1347 1021 1387 Dies
1062 1347 1096 1387 1.
1137 1346 1178 1388 2.
1210 1347 1252 1389 5.
1285 1345 1313 1389 6
1355 1349 1595 1398 mediocres,
1638 1350 1794 1394 ventosi

0 1410 96 1450 aum
106 1402 313 1444 imbribm.
361 1403 462 1444 Dies
492 1402 534 1446 8.
565 1405 724 1456 pluvius
754 1411 797 1445 et
828 1405 1014 1457 frigidus:
1047 1407 1208 1447 flatuosi
1239 1403 1385 1448 9.11.
1432 1408 1495 1448 At
1527 1406 1595 1448 12.
1631 1406 1792 1451 13.14.

2 1461 231 1503 nfestantur
260 1463 301 1512 0‘
309 1463 339 1513 ζὲ
353 1462 408 1513 ῼ,
449 1475 551 1516 qnae
583 1463 658 1503 hoc
690 1477 793 1504 anno
825 1471 1011 1516 quartum
1045 1465 1229 1506 iteratur.
1291 1466 1575 1518 Tempestates
1604 1478 1791 1520 magnae.

0 1519 85 1560 Dies
118 1518 185 1562 18.
223 1518 290 1562 19.
320 1518 395 1562 21.
427 1522 554 1571 mixti,
588 1523 722 1562 futura
753 1523 931 1563 tonitrua
960 1529 1003 1577 et
1033 1523 1196 1564 imbres.
1236 1523 1299 1564 Ex
1330 1536 1378 1564 eo
1398 1525 1601 1567 serenitas
1619 1532 1663 1567 et
1681 1526 1792 1569 calor

0 1588 168 1636 magnus,
177 1581 507 1633 congrediuntur
537 1579 643 1621 enim
673 1582 848 1634 Augusti
875 1581 1069 1634 principio
1100 1581 1261 1634 Jupiter
1290 1588 1334 1623 et
1362 1583 1489 1625 Mars.

705 1641 880 1680 Thesis
911 1641 1065 1681 LVIII.

3 1718 21 1722 .,
103 1674 284 1739 Tandem
331 1696 470 1750 aliqua
510 1697 694 1750 Augusto
739 1698 876 1750 quies,
913 1705 956 1739 et
996 1700 1119 1740 calor.
1179 1699 1257 1740 Die
1297 1698 1337 1740 5.
1367 1700 1527 1753 pluviae
1565 1704 1629 1742 et
1643 1701 1719 1742 die
1745 1699 1787 1744 9.

0 1751 107 1817 Birca
139 1753 206 1795 15.
237 1754 407 1808 frigidae
448 1756 606 1808 pluviae
637 1770 727 1798 cum
759 1757 987 1798 tonitribus.
1048 1758 1151 1800 Post
1179 1758 1253 1799 hos
1284 1765 1442 1808 aestus,
1475 1765 1518 1800 et
1554 1757 1619 1801 19.
1653 1759 1790 1803 valida

0 1803 214 1853 motio.

0 1874 20 1901 *¹
42 1874 49 1895 ἓ
252 1882 257 1885 ’
726 1874 904 1914 Thesis
935 1874 1044 1915 LIX.

0 1929 45 1961 ei
101 1897 344 1982 September
381 1931 495 1971 initio
538 1943 611 1971 sno
643 1936 754 1973 statu
785 1939 868 1973 est:
909 1934 949 1974 d.
987 1933 1051 1974 11.
1083 1933 1263 1985 pluviae,
1295 1934 1489 1975 nebulae.
1522 1935 1608 1976 dies
1644 1933 1711 1975 15.
1743 1940 1787 1978 et

0 1985 58 2030 w.
88 1988 276 2039 humecti.
336 1989 397 2030 At
426 1990 492 2030 die
522 1988 594 2030 20.
627 1988 743 2042 0‘50'
773 1992 922 2032 infesta
952 1998 1018 2032 est
1047 1993 1274 2034 admodum.
1326 1993 1458 2046 Tepor
1482 1994 1518 2035 si
1547 1993 1785 2045 praecessit,

0 2059 87 2087 am
101 2046 286 2088 horridae
325 2054 591 2100 tempestates
636 2055 764 2090 erunt.
825 2051 886 2091 At
923 2051 959 2090 si
996 2051 1177 2091 humidus
1215 2053 1459 2104 generaliter
1494 2065 1621 2093 annus
1658 2058 1784 2101 esset,

0 2105 141 2146 ’luvias
172 2105 247 2146 bos
277 2106 364 2147 dies
394 2107 600 2147 confertae
632 2109 870 2150 obtentui-ae
901 2115 1040 2150 essent
1070 2122 1158 2150 cum
1178 2110 1339 2163 frigore.
1383 2111 1430 2151 In
1448 2123 1595 2163 genere
1615 2112 1782 2153 nebulae

0 2162 190 2205 blurimae.
249 2164 350 2206 Dies
379 2166 502 2207 etiam
532 2163 602 2207 27.
635 2167 802 2208 nebulas
831 2169 926 2209 ciet.
989 2167 1153 2209 Caeteri
1181 2176 1346 2210 manent
1373 2183 1447 2211 suo
1477 2175 1603 2211 statu.

0 2231 6 2250 ’ῑ
733 2227 828 2266 The
840 2239 910 2267 sis
940 2227 1031 2266 LX.

12 2294 30 2309 ν·
100 2279 275 2326 Quintus
315 2280 503 2322 Octobris
554 2283 719 2335 frigidas
762 2285 920 2336 pluvias
969 2285 1104 2325 habet.
1166 2285 1229 2325 De
1268 2291 1404 2327 cetero
1443 2287 1591 2327 mensis
1633 2287 1699 2328 hic
1734 2300 1780 2327 eo

0 2339 94 2380 hta
129 2339 230 2388 erit,
275 2352 390 2392 quem
432 2340 611 2381 admittit
651 2341 889 2394 September
924 2344 1179 2383 antecedens.
1240 2344 1348 2385 Nam
1377 2351 1422 2386 ut
1458 2357 1580 2396 saepe
1616 2345 1783 2393 dictum,-

0 2396 147 2439 filum
193 2398 387 2446 interest,
431 2400 588 2451 qualem
625 2400 774 2440 Terrae
818 2402 1143 2443 constitutionem
1178 2403 1328 2442 mensis
1372 2403 1539 2455 quilibet
1587 2403 1779 2444 inveniat.

0 2454 89 2496 ms
112 2454 152 2498 3.
185 2454 228 2498 9.
261 2455 331 2498 27.
364 2457 515 2497 habent
544 2458 714 2498 nimbos.
764 2460 863 2501 Dies
894 2459 965 2500 28.
999 2458 1068 2501 29.
1101 2461 1233 2500 ventis
1263 2467 1522 2513 perstrepunt
1550 2466 1593 2501 et
1621 2462 1777 2514 pluvia,

0 2514 56 2555 οὔ
84 2515 259 2556 calorem
288 2521 385 2568 puto
429 2523 725 2570 superaturum;
770 2520 847 2559 etsi
890 2519 1047 2571 quidem
1087 2525 1298 2560 ventorum
1340 2520 1587 2572 quorundam
1635 2526 1783 2561 natura

0 2579 36 2615 ff
59 2574 290 2629 ¹regionibus
321 2575 404 2615 suis
435 2575 707 2627 frigidissima.

4 2625 47 2662 ΒΞ
721 2635 897 2675 Thesis
928 2635 1037 2675 LXI.

4 2691 66 2723 ἑὲ
96 2689 239 2730 Etiam
262 2691 490 2732 November
521 2698 585 2733 est
614 2692 653 2732 in
685 2706 759 2734 sua
788 2694 1076 2741 mediocritate,
1097 2694 1374 2745 grandinosos,
1400 2699 1443 2735 et
1467 2695 1625 2737 acribus
1644 2695 1780 2740 ventis,

0 2746 139 2788 sestis
168 2749 342 2802 quintus.
405 2748 690 2796 Quindecimus
733 2752 967 2792 inconstans
996 2757 1051 2792 et
1089 2753 1247 2804 tepidus
1283 2753 1333 2793 ob
1371 2753 1558 2795 sextilem
1587 2753 1703 2794 Jovis
1734 2759 1780 2801 et

0 2803 154 2848 teneris
201 2807 277 2848 hoc
319 2808 413 2848 anni
449 2814 643 2862 tempore.
703 2810 804 2851 Dies
843 2809 910 2851 18.
947 2811 1105 2862 pluvias
1136 2811 1278 2851 habet:
1325 2812 1385 2852 sin
1423 2825 1606 2852 serenum
1642 2811 1774 2861 fuerit,

0 2860 150 2905 inmun
167 2867 284 2917 gelu.
346 2867 407 2907 At
436 2867 531 2908 mibi
561 2869 733 2909 nondum
764 2869 964 2909 credibilis
995 2869 1148 2921 hyems.
1209 2870 1317 2910 Nam
1346 2871 1421 2910 fine
1447 2871 1595 2911 mensis
1617 2870 1779 2923 Jupiter

0 2915 108 2963 &a
141 2928 184 2965 et
224 2925 375 2966 Veneri
424 2926 691 2979 configuratus
734 2928 822 2967 dies
865 2927 1081 2968 etiamnum
1116 2924 1275 2979 tepidos
1318 2929 1498 2979 exhibet,
1543 2934 1587 2972 et
1619 2929 1775 2972 nimbos

0 2982 70 3021 ss
90 2982 256 3031 ventis3
288 2984 354 3036 qui
383 2997 456 3038 per
486 2985 672 3027 accidens
703 2986 830 3038 frigus
862 2985 1008 3027 alicubi
1040 2986 1203 3027 facient.

0 3041 169 3082 *Uen
182 3050 276 3082 ⁰1³⁸*-
292 3052 315 3079 1-
1413 3085 1418 3087 Δ
1448 3056 1501 3089 28.
