<?xml version="1.0" encoding="UTF-8"?>
<!DOCTYPE html PUBLIC "-//W3C//DTD XHTML 1.0 Transitional//EN"
    "http://www.w3.org/TR/xhtml1/DTD/xhtml1-transitional.dtd">
<html xmlns="http://www.w3.org/1999/xhtml" xml:lang="en" lang="en">
 <head>
  <title>
</title>
<meta http-equiv="Content-Type" content="text/html;charset=utf-8" />
  <meta name='ocr-system' content='tesseract 3.04.00' />
  <meta name='ocr-capabilities' content='ocr_page ocr_carea ocr_par ocr_line ocrx_word'/>
</head>
<body>
  <div class='ocr_page' id='page_1' title='image "./operaomniaedidit01kepluoft_0385.png"; bbox 0 0 2028 3242; ppageno 0'>
   <div class='ocr_carea' id='block_1_1' title="bbox 782 119 1890 169">
    <p class='ocr_par' dir='ltr' id='par_1_1' title="bbox 782 119 1890 169">
     <span class='ocr_line' id='line_1_1' title="bbox 782 119 1890 169; baseline 0.005 -10"><span class='ocrx_word' id='word_1_1' title='bbox 782 124 1186 169; x_wconf 57' lang='lat' dir='ltr'><strong>eoas-mangis·-</strong></span> <span class='ocrx_word' id='word_1_2' title='bbox 1802 119 1890 164; x_wconf 73' lang='lat'><strong>363</strong></span> 
     </span>
    </p>
   </div>
   <div class='ocr_carea' id='block_1_2' title="bbox 85 227 1925 1928">
    <p class='ocr_par' dir='ltr' id='par_1_2' title="bbox 87 227 1891 346">
     <span class='ocr_line' id='line_1_2' title="bbox 87 227 1891 286; baseline -0.004 -11"><span class='ocrx_word' id='word_1_3' title='bbox 87 244 161 286; x_wconf 81' lang='lat' dir='ltr'><strong>per</strong></span> <span class='ocrx_word' id='word_1_4' title='bbox 174 233 323 286; x_wconf 58' lang='lat' dir='ltr'><strong>polum</strong></span> <span class='ocrx_word' id='word_1_5' title='bbox 351 231 505 274; x_wconf 68' lang='lat' dir='ltr'><strong>zodiaci</strong></span> <span class='ocrx_word' id='word_1_6' title='bbox 537 231 648 272; x_wconf 88' lang='lat' dir='ltr'><strong>ducti</strong></span> <span class='ocrx_word' id='word_1_7' title='bbox 678 231 911 272; x_wconf 82' lang='lat' dir='ltr'><strong>describere</strong></span> <span class='ocrx_word' id='word_1_8' title='bbox 942 230 1112 271; x_wconf 83' lang='lat' dir='ltr'><strong>circulos</strong></span> <span class='ocrx_word' id='word_1_9' title='bbox 1143 230 1373 280; x_wconf 88' lang='lat' dir='ltr'><strong>domorum,</strong></span> <span class='ocrx_word' id='word_1_10' title='bbox 1402 228 1706 282; x_wconf 72' lang='lat' dir='ltr'><strong>intercipientes</strong></span> <span class='ocrx_word' id='word_1_11' title='bbox 1737 227 1891 269; x_wconf 83' lang='lat' dir='ltr'><strong>zodiaci</strong></span> 
     </span>
     <span class='ocr_line' id='line_1_3' title="bbox 88 291 1066 346; baseline -0.006 -12"><span class='ocrx_word' id='word_1_12' title='bbox 88 291 277 346; x_wconf 78' lang='lat' dir='ltr'><strong>aequalia</strong></span> <span class='ocrx_word' id='word_1_13' title='bbox 305 291 640 333; x_wconf 82' lang='lat' dir='ltr'><strong>dodecatemoria.</strong></span> <span class='ocrx_word' id='word_1_14' title='bbox 1060 311 1066 316; x_wconf 92' lang='lat'><strong>·</strong></span> 
     </span>
    </p>

    <p class='ocr_par' dir='ltr' id='par_1_3' title="bbox 85 343 1925 1928">
     <span class='ocr_line' id='line_1_4' title="bbox 205 343 1890 404; baseline -0.004 -13"><span class='ocrx_word' id='word_1_15' title='bbox 205 349 398 404; x_wconf 75' lang='lat' dir='ltr'><strong>Sequitur</strong></span> <span class='ocrx_word' id='word_1_16' title='bbox 427 351 568 390; x_wconf 85' lang='lat' dir='ltr'><strong>modus</strong></span> <span class='ocrx_word' id='word_1_17' title='bbox 599 348 860 391; x_wconf 83' lang='lat' dir='ltr'><strong>construendi</strong></span> <span class='ocrx_word' id='word_1_18' title='bbox 890 347 1068 389; x_wconf 84' lang='lat' dir='ltr'><strong>tabulam</strong></span> <span class='ocrx_word' id='word_1_19' title='bbox 1101 347 1306 388; x_wconf 86' lang='lat' dir='ltr'><strong>domorum</strong></span> <span class='ocrx_word' id='word_1_20' title='bbox 1336 346 1389 387; x_wconf 85' lang='lat' dir='ltr'><strong>ad</strong></span> <span class='ocrx_word' id='word_1_21' title='bbox 1419 350 1592 386; x_wconf 78' lang='lat' dir='ltr'><strong>mentem</strong></span> <span class='ocrx_word' id='word_1_22' title='bbox 1614 343 1760 394; x_wconf 86' lang='lat' dir='ltr'><strong>Stadii,</strong></span> <span class='ocrx_word' id='word_1_23' title='bbox 1792 344 1890 386; x_wconf 74' lang='lat' dir='ltr'><strong>Ma·-</strong></span> 
     </span>
     <span class='ocr_line' id='line_1_5' title="bbox 90 403 1890 463; baseline -0.004 -12"><span class='ocrx_word' id='word_1_24' title='bbox 90 409 197 463; x_wconf 61' lang='lat' dir='ltr'><strong>gisi,</strong></span> <span class='ocrx_word' id='word_1_25' title='bbox 225 409 437 454; x_wconf 85' lang='lat' dir='ltr'><strong>Everardi,</strong></span> <span class='ocrx_word' id='word_1_26' title='bbox 468 408 612 457; x_wconf 83' lang='lat' dir='ltr'><strong>Marii,</strong></span> <span class='ocrx_word' id='word_1_27' title='bbox 645 408 685 448; x_wconf 88' lang='lat' dir='ltr'><strong>in</strong></span> <span class='ocrx_word' id='word_1_28' title='bbox 716 420 793 461; x_wconf 86' lang='lat' dir='ltr'><strong>quo</strong></span> <span class='ocrx_word' id='word_1_29' title='bbox 823 407 1036 459; x_wconf 82' lang='lat' dir='ltr'><strong>contingit,</strong></span> <span class='ocrx_word' id='word_1_30' title='bbox 1064 412 1111 447; x_wconf 93' lang='lat' dir='ltr'><strong>ut</strong></span> <span class='ocrx_word' id='word_1_31' title='bbox 1139 418 1255 446; x_wconf 88' lang='lat' dir='ltr'><strong>omne</strong></span> <span class='ocrx_word' id='word_1_32' title='bbox 1278 405 1436 445; x_wconf 88' lang='lat' dir='ltr'><strong>initium</strong></span> <span class='ocrx_word' id='word_1_33' title='bbox 1467 405 1606 446; x_wconf 89' lang='lat' dir='ltr'><strong>domus</strong></span> <span class='ocrx_word' id='word_1_34' title='bbox 1630 404 1705 445; x_wconf 88' lang='lat' dir='ltr'><strong>XI.</strong></span> <span class='ocrx_word' id='word_1_35' title='bbox 1736 403 1890 445; x_wconf 85' lang='lat' dir='ltr'><strong>duabus</strong></span> 
     </span>
     <span class='ocr_line' id='line_1_6' title="bbox 88 463 1888 520; baseline -0.004 -10"><span class='ocrx_word' id='word_1_36' title='bbox 88 467 198 510; x_wconf 82' lang='lat' dir='ltr'><strong>horis</strong></span> <span class='ocrx_word' id='word_1_37' title='bbox 227 468 515 520; x_wconf 81' lang='lat' dir='ltr'><strong>temporalibus</strong></span> <span class='ocrx_word' id='word_1_38' title='bbox 547 467 696 518; x_wconf 87' lang='lat' dir='ltr'><strong>elapsis</strong></span> <span class='ocrx_word' id='word_1_39' title='bbox 727 466 866 507; x_wconf 88' lang='lat' dir='ltr'><strong>veniat</strong></span> <span class='ocrx_word' id='word_1_40' title='bbox 894 466 946 506; x_wconf 87' lang='lat' dir='ltr'><strong>ad</strong></span> <span class='ocrx_word' id='word_1_41' title='bbox 977 464 1256 513; x_wconf 81' lang='lat' dir='ltr'><strong>meridianum,</strong></span> <span class='ocrx_word' id='word_1_42' title='bbox 1290 476 1407 504; x_wconf 91' lang='lat' dir='ltr'><strong>omne</strong></span> <span class='ocrx_word' id='word_1_43' title='bbox 1436 463 1591 504; x_wconf 90' lang='lat' dir='ltr'><strong>initium</strong></span> <span class='ocrx_word' id='word_1_44' title='bbox 1623 463 1763 503; x_wconf 87' lang='lat' dir='ltr'><strong>domus</strong></span> <span class='ocrx_word' id='word_1_45' title='bbox 1793 463 1888 504; x_wconf 84' lang='lat' dir='ltr'><strong>XII.</strong></span> 
     </span>
     <span class='ocr_line' id='line_1_7' title="bbox 89 519 1890 580; baseline -0.004 -12"><span class='ocrx_word' id='word_1_46' title='bbox 89 532 257 580; x_wconf 86' lang='lat' dir='ltr'><strong>quatuor</strong></span> <span class='ocrx_word' id='word_1_47' title='bbox 286 519 396 568; x_wconf 88' lang='lat' dir='ltr'><strong>horis</strong></span> <span class='ocrx_word' id='word_1_48' title='bbox 427 525 714 578; x_wconf 77' lang='lat' dir='ltr'><strong>temporalibus</strong></span> <span class='ocrx_word' id='word_1_49' title='bbox 739 525 900 573; x_wconf 88' lang='lat' dir='ltr'><strong>eodem;</strong></span> <span class='ocrx_word' id='word_1_50' title='bbox 931 524 1147 564; x_wconf 90' lang='lat' dir='ltr'><strong>secundum</strong></span> <span class='ocrx_word' id='word_1_51' title='bbox 1167 523 1324 563; x_wconf 91' lang='lat' dir='ltr'><strong>modum</strong></span> <span class='ocrx_word' id='word_1_52' title='bbox 1356 522 1586 563; x_wconf 79' lang='lat' dir='ltr'><strong>directionis</strong></span> <span class='ocrx_word' id='word_1_53' title='bbox 1613 537 1637 563; x_wconf 91' lang='lat' dir='ltr'><strong>a</strong></span> <span class='ocrx_word' id='word_1_54' title='bbox 1655 522 1890 562; x_wconf 80' lang='lat' dir='ltr'><strong>Ptolemaeo</strong></span> 
     </span>
     <span class='ocr_line' id='line_1_8' title="bbox 89 580 1890 638; baseline -0.003 -12"><span class='ocrx_word' id='word_1_55' title='bbox 89 585 308 627; x_wconf 84' lang='lat' dir='ltr'><strong>traditum:</strong></span> <span class='ocrx_word' id='word_1_56' title='bbox 341 585 393 626; x_wconf 87' lang='lat' dir='ltr'><strong>ad</strong></span> <span class='ocrx_word' id='word_1_57' title='bbox 423 584 671 638; x_wconf 82' lang='lat' dir='ltr'><strong>propositam</strong></span> <span class='ocrx_word' id='word_1_58' title='bbox 703 583 953 624; x_wconf 78' lang='lat' dir='ltr'><strong>altitudinem</strong></span> <span class='ocrx_word' id='word_1_59' title='bbox 983 582 1064 634; x_wconf 92' lang='lat' dir='ltr'><strong>poli</strong></span> <span class='ocrx_word' id='word_1_60' title='bbox 1097 594 1243 634; x_wconf 87' lang='lat' dir='ltr'><strong>quaere</strong></span> <span class='ocrx_word' id='word_1_61' title='bbox 1275 581 1447 622; x_wconf 87' lang='lat' dir='ltr'><strong>omnium</strong></span> <span class='ocrx_word' id='word_1_62' title='bbox 1466 581 1661 632; x_wconf 88' lang='lat' dir='ltr'><strong>graduum</strong></span> <span class='ocrx_word' id='word_1_63' title='bbox 1680 580 1890 633; x_wconf 86' lang='lat' dir='ltr'><strong>eclipticae</strong></span> 
     </span>
     <span class='ocr_line' id='line_1_9' title="bbox 89 639 1889 699; baseline -0.004 -14"><span class='ocrx_word' id='word_1_64' title='bbox 89 644 333 699; x_wconf 82' lang='lat' dir='ltr'><strong>integrorum</strong></span> <span class='ocrx_word' id='word_1_65' title='bbox 364 643 663 684; x_wconf 84' lang='lat' dir='ltr'><strong>ascensionales</strong></span> <span class='ocrx_word' id='word_1_66' title='bbox 695 642 955 689; x_wconf 84' lang='lat' dir='ltr'><strong>differentias,</strong></span> <span class='ocrx_word' id='word_1_67' title='bbox 988 654 1087 694; x_wconf 84' lang='lat' dir='ltr'><strong>quas</strong></span> <span class='ocrx_word' id='word_1_68' title='bbox 1118 640 1270 681; x_wconf 87' lang='lat' dir='ltr'><strong>habent</strong></span> <span class='ocrx_word' id='word_1_69' title='bbox 1299 640 1339 681; x_wconf 89' lang='lat' dir='ltr'><strong>in</strong></span> <span class='ocrx_word' id='word_1_70' title='bbox 1358 639 1584 688; x_wconf 83' lang='lat' dir='ltr'><strong>horizonte;</strong></span> <span class='ocrx_word' id='word_1_71' title='bbox 1617 640 1666 679; x_wconf 91' lang='lat' dir='ltr'><strong>de</strong></span> <span class='ocrx_word' id='word_1_72' title='bbox 1699 639 1747 679; x_wconf 86' lang='lat' dir='ltr'><strong>iis</strong></span> <span class='ocrx_word' id='word_1_73' title='bbox 1778 651 1889 679; x_wconf 88' lang='lat' dir='ltr'><strong>sume</strong></span> 
     </span>
     <span class='ocr_line' id='line_1_10' title="bbox 87 695 1891 757; baseline -0.006 -11"><span class='ocrx_word' id='word_1_74' title='bbox 87 709 244 757; x_wconf 76' lang='lat' dir='ltr'><strong>partem</strong></span> <span class='ocrx_word' id='word_1_75' title='bbox 258 702 454 747; x_wconf 53' lang='lat' dir='ltr'><strong>urcium,</strong></span> <span class='ocrx_word' id='word_1_76' title='bbox 490 706 535 742; x_wconf 88' lang='lat' dir='ltr'><strong>et</strong></span> <span class='ocrx_word' id='word_1_77' title='bbox 562 701 686 750; x_wconf 90' lang='lat' dir='ltr'><strong>adde,</strong></span> <span class='ocrx_word' id='word_1_78' title='bbox 727 701 761 741; x_wconf 86' lang='lat' dir='ltr'><strong>si</strong></span> <span class='ocrx_word' id='word_1_79' title='bbox 793 699 1128 753; x_wconf 78' lang='lat' dir='ltr'><strong>septentrionalia</strong></span> <span class='ocrx_word' id='word_1_80' title='bbox 1158 699 1275 752; x_wconf 83' lang='lat' dir='ltr'><strong>signa</strong></span> <span class='ocrx_word' id='word_1_81' title='bbox 1305 699 1471 747; x_wconf 80' lang='lat' dir='ltr'><strong>fuerint,</strong></span> <span class='ocrx_word' id='word_1_82' title='bbox 1513 699 1566 739; x_wconf 86' lang='lat' dir='ltr'><strong>ad</strong></span> <span class='ocrx_word' id='word_1_83' title='bbox 1598 695 1692 746; x_wconf 84' lang='lat'><strong>30⁰,</strong></span> <span class='ocrx_word' id='word_1_84' title='bbox 1726 703 1815 747; x_wconf 88' lang='lat' dir='ltr'><strong>aut,</strong></span> <span class='ocrx_word' id='word_1_85' title='bbox 1855 697 1891 737; x_wconf 88' lang='lat' dir='ltr'><strong>si</strong></span> 
     </span>
     <span class='ocr_line' id='line_1_11' title="bbox 90 756 1890 810; baseline -0.004 -7"><span class='ocrx_word' id='word_1_86' title='bbox 90 761 377 810; x_wconf 72' lang='lat' dir='ltr'><strong>meridionalia,</strong></span> <span class='ocrx_word' id='word_1_87' title='bbox 410 760 539 802; x_wconf 80' lang='lat' dir='ltr'><strong>aufer.</strong></span> <span class='ocrx_word' id='word_1_88' title='bbox 599 760 804 801; x_wconf 87' lang='lat' dir='ltr'><strong>Summam</strong></span> <span class='ocrx_word' id='word_1_89' title='bbox 836 760 902 800; x_wconf 82' lang='lat' dir='ltr'><strong>vel</strong></span> <span class='ocrx_word' id='word_1_90' title='bbox 932 759 1131 800; x_wconf 85' lang='lat' dir='ltr'><strong>residuum</strong></span> <span class='ocrx_word' id='word_1_91' title='bbox 1163 759 1277 799; x_wconf 82' lang='lat' dir='ltr'><strong>aufer</strong></span> <span class='ocrx_word' id='word_1_92' title='bbox 1307 758 1433 798; x_wconf 84' lang='lat' dir='ltr'><strong>semel</strong></span> <span class='ocrx_word' id='word_1_93' title='bbox 1466 757 1517 798; x_wconf 87' lang='lat' dir='ltr'><strong>ab</strong></span> <span class='ocrx_word' id='word_1_94' title='bbox 1542 757 1593 798; x_wconf 88' lang='lat' dir='ltr'><strong>A.</strong></span> <span class='ocrx_word' id='word_1_95' title='bbox 1616 757 1667 798; x_wconf 92' lang='lat' dir='ltr'><strong>R.</strong></span> <span class='ocrx_word' id='word_1_96' title='bbox 1693 756 1890 810; x_wconf 89' lang='lat' dir='ltr'><strong>propositi</strong></span> 
     </span>
     <span class='ocr_line' id='line_1_12' title="bbox 95 816 1890 873; baseline -0.003 -12"><span class='ocrx_word' id='word_1_97' title='bbox 95 820 267 873; x_wconf 77' lang='lat' dir='ltr'><strong>gradus,</strong></span> <span class='ocrx_word' id='word_1_98' title='bbox 311 824 356 860; x_wconf 84' lang='lat' dir='ltr'><strong>et</strong></span> <span class='ocrx_word' id='word_1_99' title='bbox 383 818 621 872; x_wconf 85' lang='lat' dir='ltr'><strong>relinquitur</strong></span> <span class='ocrx_word' id='word_1_100' title='bbox 654 819 728 859; x_wconf 87' lang='lat' dir='ltr'><strong>tibi</strong></span> <span class='ocrx_word' id='word_1_101' title='bbox 759 820 812 859; x_wconf 87' lang='lat' dir='ltr'><strong>A.</strong></span> <span class='ocrx_word' id='word_1_102' title='bbox 845 819 896 858; x_wconf 91' lang='lat' dir='ltr'><strong>R.</strong></span> <span class='ocrx_word' id='word_1_103' title='bbox 926 818 1046 859; x_wconf 91' lang='lat' dir='ltr'><strong>medii</strong></span> <span class='ocrx_word' id='word_1_104' title='bbox 1077 817 1198 867; x_wconf 78' lang='lat' dir='ltr'><strong>coeli,</strong></span> <span class='ocrx_word' id='word_1_105' title='bbox 1230 818 1334 870; x_wconf 92' lang='lat' dir='ltr'><strong>quod</strong></span> <span class='ocrx_word' id='word_1_106' title='bbox 1368 816 1506 865; x_wconf 84' lang='lat' dir='ltr'><strong>fuerit,</strong></span> <span class='ocrx_word' id='word_1_107' title='bbox 1552 816 1586 856; x_wconf 89' lang='lat' dir='ltr'><strong>si</strong></span> <span class='ocrx_word' id='word_1_108' title='bbox 1616 816 1766 869; x_wconf 83' lang='lat' dir='ltr'><strong>gradus</strong></span> <span class='ocrx_word' id='word_1_109' title='bbox 1797 821 1890 856; x_wconf 87' lang='lat' dir='ltr'><strong>tuus</strong></span> 
     </span>
     <span class='ocr_line' id='line_1_13' title="bbox 94 874 1892 930; baseline -0.003 -10"><span class='ocrx_word' id='word_1_110' title='bbox 94 878 256 920; x_wconf 78' lang='lat' dir='ltr'><strong>steterit</strong></span> <span class='ocrx_word' id='word_1_111' title='bbox 283 877 324 918; x_wconf 89' lang='lat' dir='ltr'><strong>iu</strong></span> <span class='ocrx_word' id='word_1_112' title='bbox 355 877 519 930; x_wconf 81' lang='lat' dir='ltr'><strong>cuspide</strong></span> <span class='ocrx_word' id='word_1_113' title='bbox 548 877 625 918; x_wconf 88' lang='lat' dir='ltr'><strong>XI.</strong></span> <span class='ocrx_word' id='word_1_114' title='bbox 686 877 733 918; x_wconf 91' lang='lat' dir='ltr'><strong>Si</strong></span> <span class='ocrx_word' id='word_1_115' title='bbox 765 884 958 918; x_wconf 88' lang='lat' dir='ltr'><strong>summam</strong></span> <span class='ocrx_word' id='word_1_116' title='bbox 993 876 1058 916; x_wconf 86' lang='lat' dir='ltr'><strong>vel</strong></span> <span class='ocrx_word' id='word_1_117' title='bbox 1089 876 1289 918; x_wconf 88' lang='lat' dir='ltr'><strong>residuum</strong></span> <span class='ocrx_word' id='word_1_118' title='bbox 1315 875 1377 916; x_wconf 88' lang='lat' dir='ltr'><strong>bis</strong></span> <span class='ocrx_word' id='word_1_119' title='bbox 1397 875 1626 924; x_wconf 80' lang='lat' dir='ltr'><strong>abstuleris,</strong></span> <span class='ocrx_word' id='word_1_120' title='bbox 1658 874 1892 928; x_wconf 89' lang='lat' dir='ltr'><strong>relinquitur</strong></span> 
     </span>
     <span class='ocr_line' id='line_1_14' title="bbox 92 932 1893 990; baseline -0.004 -10"><span class='ocrx_word' id='word_1_121' title='bbox 92 938 146 981; x_wconf 74' lang='lat' dir='ltr'><strong>A.</strong></span> <span class='ocrx_word' id='word_1_122' title='bbox 177 937 231 979; x_wconf 80' lang='lat' dir='ltr'><strong>R.</strong></span> <span class='ocrx_word' id='word_1_123' title='bbox 263 937 383 978; x_wconf 88' lang='lat' dir='ltr'><strong>medii</strong></span> <span class='ocrx_word' id='word_1_124' title='bbox 413 936 539 985; x_wconf 90' lang='lat' dir='ltr'><strong>coeli,</strong></span> <span class='ocrx_word' id='word_1_125' title='bbox 577 936 858 990; x_wconf 84' lang='lat' dir='ltr'><strong>respondentis</strong></span> <span class='ocrx_word' id='word_1_126' title='bbox 889 941 957 976; x_wconf 90' lang='lat' dir='ltr'><strong>tuo</strong></span> <span class='ocrx_word' id='word_1_127' title='bbox 988 936 1130 988; x_wconf 83' lang='lat' dir='ltr'><strong>gradui</strong></span> <span class='ocrx_word' id='word_1_128' title='bbox 1171 935 1211 975; x_wconf 91' lang='lat' dir='ltr'><strong>in</strong></span> <span class='ocrx_word' id='word_1_129' title='bbox 1241 935 1337 976; x_wconf 87' lang='lat' dir='ltr'><strong>XII.</strong></span> <span class='ocrx_word' id='word_1_130' title='bbox 1371 934 1583 975; x_wconf 89' lang='lat' dir='ltr'><strong>collocato.</strong></span> <span class='ocrx_word' id='word_1_131' title='bbox 1645 934 1724 974; x_wconf 93' lang='lat' dir='ltr'><strong>Pro</strong></span> <span class='ocrx_word' id='word_1_132' title='bbox 1754 932 1893 974; x_wconf 86' lang='lat' dir='ltr'><strong>inferis</strong></span> 
     </span>
     <span class='ocr_line' id='line_1_15' title="bbox 92 989 1897 1049; baseline -0.003 -12"><span class='ocrx_word' id='word_1_133' title='bbox 92 995 274 1038; x_wconf 86' lang='lat' dir='ltr'><strong>domibus</strong></span> <span class='ocrx_word' id='word_1_134' title='bbox 303 1008 399 1049; x_wconf 84' lang='lat' dir='ltr'><strong>pars</strong></span> <span class='ocrx_word' id='word_1_135' title='bbox 430 995 553 1036; x_wconf 84' lang='lat' dir='ltr'><strong>tertia</strong></span> <span class='ocrx_word' id='word_1_136' title='bbox 583 995 832 1036; x_wconf 81' lang='lat' dir='ltr'><strong>differentiae</strong></span> <span class='ocrx_word' id='word_1_137' title='bbox 865 994 1153 1035; x_wconf 83' lang='lat' dir='ltr'><strong>ascensionalis</strong></span> <span class='ocrx_word' id='word_1_138' title='bbox 1185 999 1250 1035; x_wconf 89' lang='lat' dir='ltr'><strong>est</strong></span> <span class='ocrx_word' id='word_1_139' title='bbox 1280 993 1500 1034; x_wconf 83' lang='lat' dir='ltr'><strong>auferenda</strong></span> <span class='ocrx_word' id='word_1_140' title='bbox 1530 1006 1554 1032; x_wconf 94' lang='lat' dir='ltr'><strong>a</strong></span> <span class='ocrx_word' id='word_1_141' title='bbox 1587 989 1679 1042; x_wconf 84' lang='lat'><strong>30⁰,</strong></span> <span class='ocrx_word' id='word_1_142' title='bbox 1712 992 1747 1033; x_wconf 92' lang='lat' dir='ltr'><strong>si</strong></span> <span class='ocrx_word' id='word_1_143' title='bbox 1776 991 1897 1032; x_wconf 85' lang='lat' dir='ltr'><strong>fuerit</strong></span> 
     </span>
     <span class='ocr_line' id='line_1_16' title="bbox 94 1052 1893 1110; baseline -0.002 -14"><span class='ocrx_word' id='word_1_144' title='bbox 94 1054 422 1110; x_wconf 79' lang='lat' dir='ltr'><strong>septentrionalis</strong></span> <span class='ocrx_word' id='word_1_145' title='bbox 441 1059 533 1094; x_wconf 86' lang='lat' dir='ltr'><strong>tuus</strong></span> <span class='ocrx_word' id='word_1_146' title='bbox 551 1054 715 1106; x_wconf 82' lang='lat' dir='ltr'><strong>gradus,</strong></span> <span class='ocrx_word' id='word_1_147' title='bbox 736 1054 933 1102; x_wconf 87' lang='lat' dir='ltr'><strong>addenda,</strong></span> <span class='ocrx_word' id='word_1_148' title='bbox 966 1054 999 1095; x_wconf 90' lang='lat' dir='ltr'><strong>si</strong></span> <span class='ocrx_word' id='word_1_149' title='bbox 1019 1053 1292 1094; x_wconf 88' lang='lat' dir='ltr'><strong>meridionalis</strong></span> <span class='ocrx_word' id='word_1_150' title='bbox 1300 1065 1312 1101; x_wconf 89' lang='lat'>;</span> <span class='ocrx_word' id='word_1_151' title='bbox 1346 1058 1387 1093; x_wconf 89' lang='lat' dir='ltr'><strong>et</strong></span> <span class='ocrx_word' id='word_1_152' title='bbox 1416 1052 1617 1093; x_wconf 90' lang='lat' dir='ltr'><strong>residuum</strong></span> <span class='ocrx_word' id='word_1_153' title='bbox 1637 1052 1702 1092; x_wconf 87' lang='lat' dir='ltr'><strong>vel</strong></span> <span class='ocrx_word' id='word_1_154' title='bbox 1726 1064 1893 1100; x_wconf 87' lang='lat' dir='ltr'><strong>summa,</strong></span> 
     </span>
     <span class='ocr_line' id='line_1_17' title="bbox 95 1110 1894 1164; baseline -0.003 -9"><span class='ocrx_word' id='word_1_155' title='bbox 95 1113 221 1155; x_wconf 84' lang='lat' dir='ltr'><strong>semel</strong></span> <span class='ocrx_word' id='word_1_156' title='bbox 252 1113 396 1154; x_wconf 87' lang='lat' dir='ltr'><strong>addita</strong></span> <span class='ocrx_word' id='word_1_157' title='bbox 425 1112 479 1153; x_wconf 89' lang='lat' dir='ltr'><strong>ad</strong></span> <span class='ocrx_word' id='word_1_158' title='bbox 507 1111 561 1153; x_wconf 82' lang='lat' dir='ltr'><strong>A.</strong></span> <span class='ocrx_word' id='word_1_159' title='bbox 585 1112 640 1153; x_wconf 83' lang='lat' dir='ltr'><strong>R.</strong></span> <span class='ocrx_word' id='word_1_160' title='bbox 679 1113 738 1153; x_wconf 87' lang='lat' dir='ltr'><strong>tui</strong></span> <span class='ocrx_word' id='word_1_161' title='bbox 777 1113 945 1164; x_wconf 84' lang='lat' dir='ltr'><strong>gradus,</strong></span> <span class='ocrx_word' id='word_1_162' title='bbox 967 1113 1085 1163; x_wconf 15' lang='lat' dir='ltr'><strong>&#39;facit</strong></span> <span class='ocrx_word' id='word_1_163' title='bbox 1114 1111 1167 1152; x_wconf 83' lang='grc' dir='ltr'><strong>Α.</strong></span> <span class='ocrx_word' id='word_1_164' title='bbox 1199 1111 1250 1152; x_wconf 84' lang='lat' dir='ltr'><strong>R.</strong></span> <span class='ocrx_word' id='word_1_165' title='bbox 1291 1111 1358 1152; x_wconf 90' lang='lat' dir='ltr'><strong>imi</strong></span> <span class='ocrx_word' id='word_1_166' title='bbox 1389 1111 1510 1156; x_wconf 80' lang='lat' dir='ltr'><strong>coeli,</strong></span> <span class='ocrx_word' id='word_1_167' title='bbox 1555 1110 1588 1151; x_wconf 91' lang='lat' dir='ltr'><strong>si</strong></span> <span class='ocrx_word' id='word_1_168' title='bbox 1621 1111 1772 1164; x_wconf 89' lang='lat' dir='ltr'><strong>gradus</strong></span> <span class='ocrx_word' id='word_1_169' title='bbox 1802 1115 1894 1151; x_wconf 90' lang='lat' dir='ltr'><strong>tuus</strong></span> 
     </span>
     <span class='ocr_line' id='line_1_18' title="bbox 94 1170 1896 1222; baseline -0.002 -8"><span class='ocrx_word' id='word_1_170' title='bbox 94 1172 215 1214; x_wconf 78' lang='lat' dir='ltr'><strong>fuerit</strong></span> <span class='ocrx_word' id='word_1_171' title='bbox 243 1172 283 1212; x_wconf 89' lang='lat' dir='ltr'><strong>in</strong></span> <span class='ocrx_word' id='word_1_172' title='bbox 314 1172 457 1221; x_wconf 88' lang='lat' dir='ltr'><strong>tertia;</strong></span> <span class='ocrx_word' id='word_1_173' title='bbox 489 1171 551 1212; x_wconf 86' lang='lat' dir='ltr'><strong>bis</strong></span> <span class='ocrx_word' id='word_1_174' title='bbox 582 1171 733 1220; x_wconf 85' lang='lat' dir='ltr'><strong>addita,</strong></span> <span class='ocrx_word' id='word_1_175' title='bbox 768 1171 868 1212; x_wconf 84' lang='lat' dir='ltr'><strong>facit</strong></span> <span class='ocrx_word' id='word_1_176' title='bbox 897 1172 949 1212; x_wconf 84' lang='lat' dir='ltr'><strong>A.</strong></span> <span class='ocrx_word' id='word_1_177' title='bbox 970 1171 1022 1212; x_wconf 87' lang='lat' dir='ltr'><strong>R.</strong></span> <span class='ocrx_word' id='word_1_178' title='bbox 1055 1171 1122 1211; x_wconf 93' lang='lat' dir='ltr'><strong>imi</strong></span> <span class='ocrx_word' id='word_1_179' title='bbox 1154 1170 1269 1219; x_wconf 89' lang='lat' dir='ltr'><strong>coeli,</strong></span> <span class='ocrx_word' id='word_1_180' title='bbox 1301 1170 1336 1211; x_wconf 91' lang='lat' dir='ltr'><strong>si</strong></span> <span class='ocrx_word' id='word_1_181' title='bbox 1355 1170 1505 1222; x_wconf 86' lang='lat' dir='ltr'><strong>gradus</strong></span> <span class='ocrx_word' id='word_1_182' title='bbox 1535 1174 1633 1219; x_wconf 76' lang='lat' dir='ltr'><strong>tuus</strong></span> <span class='ocrx_word' id='word_1_183' title='bbox 1658 1171 1700 1210; x_wconf 91' lang='lat' dir='ltr'><strong>in</strong></span> <span class='ocrx_word' id='word_1_184' title='bbox 1719 1170 1896 1210; x_wconf 79' lang='lat' dir='ltr'><strong>secunda</strong></span> 
     </span>
     <span class='ocr_line' id='line_1_19' title="bbox 93 1228 1894 1285; baseline -0.002 -13"><span class='ocrx_word' id='word_1_185' title='bbox 93 1231 257 1285; x_wconf 81' lang='lat' dir='ltr'><strong>cuspide</strong></span> <span class='ocrx_word' id='word_1_186' title='bbox 286 1230 461 1272; x_wconf 78' lang='lat' dir='ltr'><strong>steterit.</strong></span> <span class='ocrx_word' id='word_1_187' title='bbox 521 1231 611 1272; x_wconf 86' lang='lat' dir='ltr'><strong>Hoc</strong></span> <span class='ocrx_word' id='word_1_188' title='bbox 640 1237 760 1283; x_wconf 87' lang='lat' dir='ltr'><strong>pacto</strong></span> <span class='ocrx_word' id='word_1_189' title='bbox 792 1243 863 1283; x_wconf 89' lang='lat' dir='ltr'><strong>pro</strong></span> <span class='ocrx_word' id='word_1_190' title='bbox 894 1228 922 1271; x_wconf 87' lang='grc'>4</span> <span class='ocrx_word' id='word_1_191' title='bbox 943 1230 1123 1271; x_wconf 81' lang='lat' dir='ltr'><strong>domibus</strong></span> <span class='ocrx_word' id='word_1_192' title='bbox 1155 1229 1264 1278; x_wconf 86' lang='lat' dir='ltr'><strong>(XL,</strong></span> <span class='ocrx_word' id='word_1_193' title='bbox 1284 1229 1396 1277; x_wconf 80' lang='lat' dir='ltr'><strong>XIL,</strong></span> <span class='ocrx_word' id='word_1_194' title='bbox 1424 1229 1489 1277; x_wconf 69' lang='lat'><strong>11„</strong></span> <span class='ocrx_word' id='word_1_195' title='bbox 1511 1229 1607 1274; x_wconf 87' lang='grc' dir='ltr'><strong>ΠΙ.)</strong></span> <span class='ocrx_word' id='word_1_196' title='bbox 1638 1229 1894 1270; x_wconf 84' lang='lat' dir='ltr'><strong>constituun-</strong></span> 
     </span>
     <span class='ocr_line' id='line_1_20' title="bbox 91 1287 1894 1342; baseline -0.003 -10"><span class='ocrx_word' id='word_1_197' title='bbox 91 1295 157 1332; x_wconf 85' lang='lat' dir='ltr'><strong>tur</strong></span> <span class='ocrx_word' id='word_1_198' title='bbox 186 1287 216 1332; x_wconf 84' lang='grc'>4</span> <span class='ocrx_word' id='word_1_199' title='bbox 246 1289 444 1338; x_wconf 76' lang='lat' dir='ltr'><strong>tabellae,</strong></span> <span class='ocrx_word' id='word_1_200' title='bbox 490 1302 591 1342; x_wconf 87' lang='lat' dir='ltr'><strong>quae</strong></span> <span class='ocrx_word' id='word_1_201' title='bbox 622 1289 772 1330; x_wconf 87' lang='lat' dir='ltr'><strong>habent</strong></span> <span class='ocrx_word' id='word_1_202' title='bbox 805 1289 843 1330; x_wconf 90' lang='lat' dir='ltr'><strong>in</strong></span> <span class='ocrx_word' id='word_1_203' title='bbox 874 1290 931 1330; x_wconf 83' lang='lat' dir='ltr'><strong>M.</strong></span> <span class='ocrx_word' id='word_1_204' title='bbox 965 1288 1014 1330; x_wconf 86' lang='lat' dir='ltr'><strong>C.</strong></span> <span class='ocrx_word' id='word_1_205' title='bbox 1048 1289 1202 1329; x_wconf 89' lang='lat' dir='ltr'><strong>minuta</strong></span> <span class='ocrx_word' id='word_1_206' title='bbox 1232 1288 1495 1328; x_wconf 83' lang='lat' dir='ltr'><strong>adhaerentia</strong></span> <span class='ocrx_word' id='word_1_207' title='bbox 1525 1288 1710 1340; x_wconf 83' lang='lat' dir='ltr'><strong>partibus</strong></span> <span class='ocrx_word' id='word_1_208' title='bbox 1739 1287 1894 1328; x_wconf 80' lang='lat' dir='ltr'><strong>z&#39;odiaci</strong></span> 
     </span>
     <span class='ocr_line' id='line_1_21' title="bbox 92 1344 1925 1401; baseline -0.001 -12"><span class='ocrx_word' id='word_1_209' title='bbox 92 1361 164 1390; x_wconf 86' lang='lat' dir='ltr'><strong>seu</strong></span> <span class='ocrx_word' id='word_1_210' title='bbox 192 1347 385 1400; x_wconf 79' lang='lat' dir='ltr'><strong>gradibus</strong></span> <span class='ocrx_word' id='word_1_211' title='bbox 415 1348 598 1401; x_wconf 86' lang='lat' dir='ltr'><strong>integris,</strong></span> <span class='ocrx_word' id='word_1_212' title='bbox 630 1348 669 1388; x_wconf 93' lang='lat' dir='ltr'><strong>in</strong></span> <span class='ocrx_word' id='word_1_213' title='bbox 701 1348 882 1388; x_wconf 88' lang='lat' dir='ltr'><strong>domibus</strong></span> <span class='ocrx_word' id='word_1_214' title='bbox 913 1349 1092 1400; x_wconf 81' lang='lat' dir='ltr'><strong>integros</strong></span> <span class='ocrx_word' id='word_1_215' title='bbox 1122 1347 1287 1400; x_wconf 86' lang='lat' dir='ltr'><strong>gradus.</strong></span> <span class='ocrx_word' id='word_1_216' title='bbox 1349 1346 1486 1387; x_wconf 90' lang='lat' dir='ltr'><strong>Facile</strong></span> <span class='ocrx_word' id='word_1_217' title='bbox 1519 1351 1586 1387; x_wconf 89' lang='lat' dir='ltr'><strong>est</strong></span> <span class='ocrx_word' id='word_1_218' title='bbox 1616 1346 1752 1398; x_wconf 86' lang='lat' dir='ltr'><strong>igitur,</strong></span> <span class='ocrx_word' id='word_1_219' title='bbox 1785 1359 1835 1386; x_wconf 86' lang='lat' dir='ltr'><strong>ex</strong></span> <span class='ocrx_word' id='word_1_220' title='bbox 1865 1344 1894 1388; x_wconf 88' lang='grc'>4</span> <span class='ocrx_word' id='word_1_221' title='bbox 1923 1391 1925 1393; x_wconf 57' lang='grc'>,</span> 
     </span>
     <span class='ocr_line' id='line_1_22' title="bbox 91 1404 1895 1459; baseline -0.002 -11"><span class='ocrx_word' id='word_1_222' title='bbox 91 1407 242 1449; x_wconf 76' lang='lat' dir='ltr'><strong>tabulis</strong></span> <span class='ocrx_word' id='word_1_223' title='bbox 264 1419 392 1448; x_wconf 80' lang='lat' dir='ltr'><strong>unam</strong></span> <span class='ocrx_word' id='word_1_224' title='bbox 421 1407 579 1456; x_wconf 82' lang='lat' dir='ltr'><strong>facere,</strong></span> <span class='ocrx_word' id='word_1_225' title='bbox 621 1406 836 1448; x_wconf 86' lang='lat' dir='ltr'><strong>collocatis</strong></span> <span class='ocrx_word' id='word_1_226' title='bbox 875 1406 1043 1459; x_wconf 86' lang='lat' dir='ltr'><strong>integris</strong></span> <span class='ocrx_word' id='word_1_227' title='bbox 1081 1406 1273 1458; x_wconf 85' lang='lat' dir='ltr'><strong>gradibus</strong></span> <span class='ocrx_word' id='word_1_228' title='bbox 1303 1404 1342 1445; x_wconf 89' lang='lat' dir='ltr'><strong>in</strong></span> <span class='ocrx_word' id='word_1_229' title='bbox 1374 1405 1433 1446; x_wconf 87' lang='grc' dir='ltr'><strong>Μ.</strong></span> <span class='ocrx_word' id='word_1_230' title='bbox 1466 1404 1540 1454; x_wconf 88' lang='lat' dir='ltr'><strong>C.,</strong></span> <span class='ocrx_word' id='word_1_231' title='bbox 1590 1411 1633 1445; x_wconf 90' lang='lat' dir='ltr'><strong>et</strong></span> <span class='ocrx_word' id='word_1_232' title='bbox 1664 1404 1895 1457; x_wconf 88' lang='lat' dir='ltr'><strong>cuspidibus</strong></span> 
     </span>
     <span class='ocr_line' id='line_1_23' title="bbox 92 1463 1894 1518; baseline -0.001 -12"><span class='ocrx_word' id='word_1_233' title='bbox 92 1466 299 1509; x_wconf 80' lang='lat' dir='ltr'><strong>domorum</strong></span> <span class='ocrx_word' id='word_1_234' title='bbox 325 1478 417 1506; x_wconf 87' lang='lat' dir='ltr'><strong>cum</strong></span> <span class='ocrx_word' id='word_1_235' title='bbox 447 1470 563 1518; x_wconf 87' lang='lat' dir='ltr'><strong>parte</strong></span> <span class='ocrx_word' id='word_1_236' title='bbox 594 1465 898 1518; x_wconf 83' lang='lat' dir='ltr'><strong>proportionali,</strong></span> <span class='ocrx_word' id='word_1_237' title='bbox 930 1465 971 1505; x_wconf 88' lang='lat' dir='ltr'><strong>h.</strong></span> <span class='ocrx_word' id='word_1_238' title='bbox 1005 1478 1040 1504; x_wconf 90' lang='lat' dir='ltr'><strong>e.</strong></span> <span class='ocrx_word' id='word_1_239' title='bbox 1074 1477 1165 1505; x_wconf 89' lang='lat' dir='ltr'><strong>cum</strong></span> <span class='ocrx_word' id='word_1_240' title='bbox 1195 1463 1509 1505; x_wconf 87' lang='lat' dir='ltr'><strong>adhaerentibus</strong></span> <span class='ocrx_word' id='word_1_241' title='bbox 1542 1463 1706 1504; x_wconf 88' lang='lat' dir='ltr'><strong>minutis</strong></span> <span class='ocrx_word' id='word_1_242' title='bbox 1736 1464 1775 1504; x_wconf 91' lang='lat' dir='ltr'><strong>in</strong></span> <span class='ocrx_word' id='word_1_243' title='bbox 1798 1476 1894 1504; x_wconf 87' lang='lat' dir='ltr'><strong>suos</strong></span> 
     </span>
     <span class='ocr_line' id='line_1_24' title="bbox 92 1522 1893 1572; baseline -0.002 -7"><span class='ocrx_word' id='word_1_244' title='bbox 92 1523 246 1570; x_wconf 84' lang='lat' dir='ltr'><strong>loculos</strong></span> <span class='ocrx_word' id='word_1_245' title='bbox 276 1523 501 1565; x_wconf 84' lang='lat' dir='ltr'><strong>collocatis.</strong></span> <span class='ocrx_word' id='word_1_246' title='bbox 562 1525 795 1566; x_wconf 84' lang='lat' dir='ltr'><strong>Notandum</strong></span> <span class='ocrx_word' id='word_1_247' title='bbox 827 1529 984 1572; x_wconf 85' lang='lat' dir='ltr'><strong>tamen,</strong></span> <span class='ocrx_word' id='word_1_248' title='bbox 1023 1536 1097 1563; x_wconf 89' lang='lat' dir='ltr'><strong>nos</strong></span> <span class='ocrx_word' id='word_1_249' title='bbox 1128 1523 1253 1564; x_wconf 90' lang='lat' dir='ltr'><strong>multo</strong></span> <span class='ocrx_word' id='word_1_250' title='bbox 1284 1522 1432 1563; x_wconf 87' lang='lat' dir='ltr'><strong>rectius</strong></span> <span class='ocrx_word' id='word_1_251' title='bbox 1463 1522 1516 1562; x_wconf 92' lang='lat' dir='ltr'><strong>ad</strong></span> <span class='ocrx_word' id='word_1_252' title='bbox 1546 1528 1720 1563; x_wconf 76' lang='lat' dir='ltr'><strong>mentem</strong></span> <span class='ocrx_word' id='word_1_253' title='bbox 1749 1522 1893 1563; x_wconf 91' lang='lat' dir='ltr'><strong>Ptole-</strong></span> 
     </span>
     <span class='ocr_line' id='line_1_25' title="bbox 91 1581 1895 1636; baseline -0.002 -12"><span class='ocrx_word' id='word_1_254' title='bbox 91 1582 195 1624; x_wconf 82' lang='lat' dir='ltr'><strong>maei</strong></span> <span class='ocrx_word' id='word_1_255' title='bbox 225 1587 482 1635; x_wconf 80' lang='lat' dir='ltr'><strong>operaturos,</strong></span> <span class='ocrx_word' id='word_1_256' title='bbox 521 1589 564 1623; x_wconf 92' lang='lat' dir='ltr'><strong>et</strong></span> <span class='ocrx_word' id='word_1_257' title='bbox 593 1596 713 1636; x_wconf 87' lang='lat' dir='ltr'><strong>quam</strong></span> <span class='ocrx_word' id='word_1_258' title='bbox 745 1583 921 1635; x_wconf 85' lang='lat' dir='ltr'><strong>proxime</strong></span> <span class='ocrx_word' id='word_1_259' title='bbox 954 1583 1005 1622; x_wconf 91' lang='lat' dir='ltr'><strong>ad</strong></span> <span class='ocrx_word' id='word_1_260' title='bbox 1037 1582 1277 1622; x_wconf 86' lang='lat' dir='ltr'><strong>directiones</strong></span> <span class='ocrx_word' id='word_1_261' title='bbox 1309 1581 1642 1632; x_wconf 86' lang='lat' dir='ltr'><strong>Regiomontani,</strong></span> <span class='ocrx_word' id='word_1_262' title='bbox 1675 1586 1718 1621; x_wconf 89' lang='lat' dir='ltr'><strong>et</strong></span> <span class='ocrx_word' id='word_1_263' title='bbox 1748 1581 1787 1621; x_wconf 91' lang='lat' dir='ltr'><strong>iu</strong></span> <span class='ocrx_word' id='word_1_264' title='bbox 1820 1581 1895 1621; x_wconf 90' lang='lat' dir='ltr'><strong>hoc</strong></span> 
     </span>
     <span class='ocr_line' id='line_1_26' title="bbox 90 1639 1894 1695; baseline -0.002 -13"><span class='ocrx_word' id='word_1_265' title='bbox 90 1640 252 1692; x_wconf 78' lang='lat' dir='ltr'><strong>negotio</strong></span> <span class='ocrx_word' id='word_1_266' title='bbox 282 1641 335 1681; x_wconf 83' lang='lat' dir='ltr'><strong>ad</strong></span> <span class='ocrx_word' id='word_1_267' title='bbox 363 1641 552 1695; x_wconf 86' lang='lat' dir='ltr'><strong>cuspides</strong></span> <span class='ocrx_word' id='word_1_268' title='bbox 583 1642 790 1683; x_wconf 91' lang='lat' dir='ltr'><strong>domorum</strong></span> <span class='ocrx_word' id='word_1_269' title='bbox 818 1642 1038 1682; x_wconf 87' lang='lat' dir='ltr'><strong>rationales</strong></span> <span class='ocrx_word' id='word_1_270' title='bbox 1069 1646 1285 1689; x_wconf 85' lang='lat' dir='ltr'><strong>venturos,</strong></span> <span class='ocrx_word' id='word_1_271' title='bbox 1328 1640 1362 1680; x_wconf 90' lang='lat' dir='ltr'><strong>si</strong></span> <span class='ocrx_word' id='word_1_272' title='bbox 1406 1640 1653 1680; x_wconf 85' lang='lat' dir='ltr'><strong>differentias</strong></span> <span class='ocrx_word' id='word_1_273' title='bbox 1686 1639 1894 1680; x_wconf 85' lang='lat' dir='ltr'><strong>ascensio-</strong></span> 
     </span>
     <span class='ocr_line' id='line_1_27' title="bbox 92 1697 1895 1757; baseline -0.001 -17"><span class='ocrx_word' id='word_1_274' title='bbox 92 1699 208 1740; x_wconf 86' lang='lat' dir='ltr'><strong>nales</strong></span> <span class='ocrx_word' id='word_1_275' title='bbox 236 1711 316 1740; x_wconf 85' lang='lat' dir='ltr'><strong>uon</strong></span> <span class='ocrx_word' id='word_1_276' title='bbox 344 1699 385 1740; x_wconf 89' lang='lat' dir='ltr'><strong>in</strong></span> <span class='ocrx_word' id='word_1_277' title='bbox 416 1700 621 1757; x_wconf 80' lang='lat' dir='ltr'><strong>horizonte</strong></span> <span class='ocrx_word' id='word_1_278' title='bbox 653 1701 750 1745; x_wconf 88' lang='lat' dir='ltr'><strong>loci,</strong></span> <span class='ocrx_word' id='word_1_279' title='bbox 796 1701 868 1740; x_wconf 91' lang='lat' dir='ltr'><strong>sed</strong></span> <span class='ocrx_word' id='word_1_280' title='bbox 900 1713 972 1752; x_wconf 89' lang='lat' dir='ltr'><strong>pro</strong></span> <span class='ocrx_word' id='word_1_281' title='bbox 1003 1699 1077 1741; x_wconf 90' lang='lat' dir='ltr'><strong>XI.</strong></span> <span class='ocrx_word' id='word_1_282' title='bbox 1112 1704 1154 1739; x_wconf 89' lang='lat' dir='ltr'><strong>et</strong></span> <span class='ocrx_word' id='word_1_283' title='bbox 1185 1699 1259 1740; x_wconf 85' lang='grc' dir='ltr'><strong>ΠΙ.</strong></span> <span class='ocrx_word' id='word_1_284' title='bbox 1299 1699 1338 1739; x_wconf 94' lang='lat' dir='ltr'><strong>in</strong></span> <span class='ocrx_word' id='word_1_285' title='bbox 1372 1699 1520 1739; x_wconf 89' lang='lat' dir='ltr'><strong>circulo</strong></span> <span class='ocrx_word' id='word_1_286' title='bbox 1550 1697 1784 1750; x_wconf 86' lang='lat' dir='ltr'><strong>positionis,</strong></span> <span class='ocrx_word' id='word_1_287' title='bbox 1829 1698 1895 1753; x_wconf 87' lang='lat' dir='ltr'><strong>qui</strong></span> 
     </span>
     <span class='ocr_line' id='line_1_28' title="bbox 92 1756 1895 1810; baseline -0.001 -11"><span class='ocrx_word' id='word_1_288' title='bbox 92 1758 248 1806; x_wconf 71' lang='lat' dir='ltr'><strong>vicinus</strong></span> <span class='ocrx_word' id='word_1_289' title='bbox 278 1763 344 1799; x_wconf 81' lang='lat' dir='ltr'><strong>est</strong></span> <span class='ocrx_word' id='word_1_290' title='bbox 372 1758 604 1807; x_wconf 83' lang='lat' dir='ltr'><strong>meridiano,</strong></span> <span class='ocrx_word' id='word_1_291' title='bbox 638 1764 680 1799; x_wconf 93' lang='lat' dir='ltr'><strong>et</strong></span> <span class='ocrx_word' id='word_1_292' title='bbox 709 1771 781 1810; x_wconf 90' lang='lat' dir='ltr'><strong>pro</strong></span> <span class='ocrx_word' id='word_1_293' title='bbox 800 1759 898 1800; x_wconf 88' lang='lat' dir='ltr'><strong>XII.</strong></span> <span class='ocrx_word' id='word_1_294' title='bbox 932 1764 974 1798; x_wconf 91' lang='lat' dir='ltr'><strong>et</strong></span> <span class='ocrx_word' id='word_1_295' title='bbox 1005 1758 1056 1798; x_wconf 92' lang='lat'><strong>11.</strong></span> <span class='ocrx_word' id='word_1_296' title='bbox 1090 1758 1128 1798; x_wconf 90' lang='lat' dir='ltr'><strong>in</strong></span> <span class='ocrx_word' id='word_1_297' title='bbox 1161 1758 1308 1798; x_wconf 83' lang='lat' dir='ltr'><strong>circulo</strong></span> <span class='ocrx_word' id='word_1_298' title='bbox 1341 1758 1565 1810; x_wconf 83' lang='lat' dir='ltr'><strong>positionis,</strong></span> <span class='ocrx_word' id='word_1_299' title='bbox 1601 1756 1665 1810; x_wconf 91' lang='lat' dir='ltr'><strong>qui</strong></span> <span class='ocrx_word' id='word_1_300' title='bbox 1697 1756 1895 1797; x_wconf 87' lang='lat' dir='ltr'><strong>horizonti</strong></span> 
     </span>
     <span class='ocr_line' id='line_1_29' title="bbox 85 1815 1897 1868; baseline -0.001 -11"><span class='ocrx_word' id='word_1_301' title='bbox 85 1816 248 1862; x_wconf 61' lang='lat' dir='ltr'><strong>‚vicinus</strong></span> <span class='ocrx_word' id='word_1_302' title='bbox 277 1821 355 1866; x_wconf 86' lang='lat' dir='ltr'><strong>est,</strong></span> <span class='ocrx_word' id='word_1_303' title='bbox 386 1817 427 1858; x_wconf 91' lang='lat' dir='ltr'><strong>id</strong></span> <span class='ocrx_word' id='word_1_304' title='bbox 459 1823 523 1858; x_wconf 91' lang='lat' dir='ltr'><strong>est</strong></span> <span class='ocrx_word' id='word_1_305' title='bbox 554 1818 593 1857; x_wconf 90' lang='lat' dir='ltr'><strong>in</strong></span> <span class='ocrx_word' id='word_1_306' title='bbox 625 1818 783 1858; x_wconf 89' lang='lat' dir='ltr'><strong>illorum</strong></span> <span class='ocrx_word' id='word_1_307' title='bbox 814 1818 1050 1858; x_wconf 88' lang='lat' dir='ltr'><strong>circulorum</strong></span> <span class='ocrx_word' id='word_1_308' title='bbox 1081 1817 1371 1858; x_wconf 84' lang='lat' dir='ltr'><strong>elevationibus</strong></span> <span class='ocrx_word' id='word_1_309' title='bbox 1412 1816 1493 1868; x_wconf 91' lang='lat' dir='ltr'><strong>poli</strong></span> <span class='ocrx_word' id='word_1_310' title='bbox 1524 1816 1633 1868; x_wconf 86' lang='lat' dir='ltr'><strong>prius</strong></span> <span class='ocrx_word' id='word_1_311' title='bbox 1665 1815 1897 1856; x_wconf 89' lang='lat' dir='ltr'><strong>constitutis</strong></span> 
     </span>
     <span class='ocr_line' id='line_1_30' title="bbox 93 1887 398 1928; baseline -0.007 -11"><span class='ocrx_word' id='word_1_312' title='bbox 93 1887 398 1928; x_wconf 77' lang='lat' dir='ltr'><strong>inquireremus.</strong></span> 
     </span>
    </p>
   </div>
   <div class='ocr_carea' id='block_1_3' title="bbox 213 1929 827 1975">
    <p class='ocr_par' dir='ltr' id='par_1_4' title="bbox 213 1929 827 1975">
     <span class='ocr_line' id='line_1_31' title="bbox 213 1929 827 1975; baseline 0.002 -1"><span class='ocrx_word' id='word_1_313' title='bbox 213 1933 367 1975; x_wconf 86' lang='lat' dir='ltr'><strong>Datum</strong></span> <span class='ocrx_word' id='word_1_314' title='bbox 397 1934 514 1974; x_wconf 87' lang='lat' dir='ltr'><strong>VIII.</strong></span> <span class='ocrx_word' id='word_1_315' title='bbox 546 1933 664 1974; x_wconf 85' lang='lat' dir='ltr'><strong>Febr.</strong></span> <span class='ocrx_word' id='word_1_316' title='bbox 701 1929 827 1975; x_wconf 85' lang='grc'><strong>1611.</strong></span> 
     </span>
    </p>
   </div>
   <div class='ocr_carea' id='block_1_4' title="bbox 95 1982 1898 2455">
    <p class='ocr_par' dir='ltr' id='par_1_5' title="bbox 95 1982 1898 2455">
     <span class='ocr_line' id='line_1_32' title="bbox 186 1982 1894 2035; baseline -0.001 -12"><span class='ocrx_word' id='word_1_317' title='bbox 186 1990 263 2024; x_wconf 84' lang='lat' dir='ltr'><strong>Vol.</strong></span> <span class='ocrx_word' id='word_1_318' title='bbox 287 1990 333 2023; x_wconf 89' lang='lat'><strong>11.</strong></span> <span class='ocrx_word' id='word_1_319' title='bbox 373 1991 455 2024; x_wconf 72' lang='lat' dir='ltr'><strong>Mn.</strong></span> <span class='ocrx_word' id='word_1_320' title='bbox 480 1992 731 2029; x_wconf 76' lang='lat' dir='ltr'><strong>Viennensium,</strong></span> <span class='ocrx_word' id='word_1_321' title='bbox 758 2003 777 2025; x_wconf 90' lang='lat' dir='ltr'><strong>e</strong></span> <span class='ocrx_word' id='word_1_322' title='bbox 801 2003 863 2035; x_wconf 91' lang='lat' dir='ltr'><strong>quo</strong></span> <span class='ocrx_word' id='word_1_323' title='bbox 888 1992 1070 2035; x_wconf 83' lang='lat' dir='ltr'><strong>praemissa</strong></span> <span class='ocrx_word' id='word_1_324' title='bbox 1094 1982 1248 2024; x_wconf 74' lang='lat' dir='ltr'><strong>desumta</strong></span> <span class='ocrx_word' id='word_1_325' title='bbox 1270 1995 1359 2028; x_wconf 86' lang='lat' dir='ltr'><strong>sunt,</strong></span> <span class='ocrx_word' id='word_1_326' title='bbox 1383 1991 1468 2023; x_wconf 87' lang='lat' dir='ltr'><strong>haec</strong></span> <span class='ocrx_word' id='word_1_327' title='bbox 1492 1994 1622 2023; x_wconf 83' lang='lat' dir='ltr'><strong>tantum</strong></span> <span class='ocrx_word' id='word_1_328' title='bbox 1648 1989 1780 2022; x_wconf 87' lang='lat' dir='ltr'><strong>exhibet</strong></span> <span class='ocrx_word' id='word_1_329' title='bbox 1802 1989 1894 2031; x_wconf 84' lang='lat' dir='ltr'><strong>Kep-</strong></span> 
     </span>
     <span class='ocr_line' id='line_1_33' title="bbox 100 2037 1897 2080; baseline -0.001 -9"><span class='ocrx_word' id='word_1_330' title='bbox 100 2039 163 2071; x_wconf 81' lang='lat' dir='ltr'><strong>leri</strong></span> <span class='ocrx_word' id='word_1_331' title='bbox 183 2038 304 2076; x_wconf 72' lang='lat' dir='ltr'><strong>verba,</strong></span> <span class='ocrx_word' id='word_1_332' title='bbox 341 2040 460 2071; x_wconf 88' lang='lat' dir='ltr'><strong>omisso</strong></span> <span class='ocrx_word' id='word_1_333' title='bbox 492 2038 622 2072; x_wconf 83' lang='lat' dir='ltr'><strong>exordio</strong></span> <span class='ocrx_word' id='word_1_334' title='bbox 654 2043 689 2071; x_wconf 86' lang='lat' dir='ltr'><strong>et</strong></span> <span class='ocrx_word' id='word_1_335' title='bbox 719 2039 938 2072; x_wconf 81' lang='lat' dir='ltr'><strong>conclusione.</strong></span> <span class='ocrx_word' id='word_1_336' title='bbox 986 2040 1013 2072; x_wconf 85' lang='grc' dir='ltr'><strong>Ε</strong></span> <span class='ocrx_word' id='word_1_337' title='bbox 1038 2039 1192 2072; x_wconf 84' lang='lat' dir='ltr'><strong>Vickeuii</strong></span> <span class='ocrx_word' id='word_1_338' title='bbox 1215 2039 1317 2070; x_wconf 88' lang='lat' dir='ltr'><strong>literis</strong></span> <span class='ocrx_word' id='word_1_339' title='bbox 1343 2042 1502 2080; x_wconf 82' lang='lat' dir='ltr'><strong>apparet,</strong></span> <span class='ocrx_word' id='word_1_340' title='bbox 1542 2038 1609 2070; x_wconf 87' lang='lat' dir='ltr'><strong>alia</strong></span> <span class='ocrx_word' id='word_1_341' title='bbox 1634 2048 1709 2070; x_wconf 88' lang='lat' dir='ltr'><strong>eum</strong></span> <span class='ocrx_word' id='word_1_342' title='bbox 1732 2037 1897 2079; x_wconf 75' lang='lat' dir='ltr'><strong>quaedam</strong></span> 
     </span>
     <span class='ocr_line' id='line_1_34' title="bbox 95 2084 1896 2129; baseline -0.001 -11"><span class='ocrx_word' id='word_1_343' title='bbox 95 2084 260 2119; x_wconf 78' lang='lat' dir='ltr'><strong>addidisse</strong></span> <span class='ocrx_word' id='word_1_344' title='bbox 293 2085 427 2122; x_wconf 72' lang='lat' dir='ltr'><strong>leviora.</strong></span> <span class='ocrx_word' id='word_1_345' title='bbox 450 2087 538 2118; x_wconf 85' lang='lat' dir='ltr'><strong>inter</strong></span> <span class='ocrx_word' id='word_1_346' title='bbox 561 2085 629 2118; x_wconf 84' lang='lat' dir='ltr'><strong>alia</strong></span> <span class='ocrx_word' id='word_1_347' title='bbox 644 2087 769 2128; x_wconf 81' lang='lat' dir='ltr'><strong>gratias</strong></span> <span class='ocrx_word' id='word_1_348' title='bbox 787 2087 894 2129; x_wconf 81' lang='lat' dir='ltr'><strong>egisse</strong></span> <span class='ocrx_word' id='word_1_349' title='bbox 917 2095 974 2128; x_wconf 90' lang='lat' dir='ltr'><strong>pro</strong></span> <span class='ocrx_word' id='word_1_350' title='bbox 992 2086 1077 2118; x_wconf 89' lang='lat' dir='ltr'><strong>dono</strong></span> <span class='ocrx_word' id='word_1_351' title='bbox 1101 2087 1163 2128; x_wconf 84' lang='lat' dir='ltr'><strong>ipsi</strong></span> <span class='ocrx_word' id='word_1_352' title='bbox 1179 2086 1267 2118; x_wconf 86' lang='lat' dir='ltr'><strong>datis</strong></span> <span class='ocrx_word' id='word_1_353' title='bbox 1293 2094 1314 2117; x_wconf 89' lang='lat' dir='ltr'><strong>a</strong></span> <span class='ocrx_word' id='word_1_354' title='bbox 1330 2084 1492 2118; x_wconf 85' lang='lat' dir='ltr'><strong>Vickenio</strong></span> <span class='ocrx_word' id='word_1_355' title='bbox 1520 2084 1686 2123; x_wconf 79' lang='lat' dir='ltr'><strong>„liuteis“,</strong></span> <span class='ocrx_word' id='word_1_356' title='bbox 1711 2085 1766 2127; x_wconf 89' lang='lat' dir='ltr'><strong>qui</strong></span> <span class='ocrx_word' id='word_1_357' title='bbox 1782 2084 1896 2117; x_wconf 81' lang='lat' dir='ltr'><strong>literas</strong></span> 
     </span>
     <span class='ocr_line' id='line_1_35' title="bbox 97 2131 1897 2174; baseline -0.001 -10"><span class='ocrx_word' id='word_1_358' title='bbox 97 2141 176 2164; x_wconf 80' lang='lat' dir='ltr'><strong>suas</strong></span> <span class='ocrx_word' id='word_1_359' title='bbox 198 2131 261 2164; x_wconf 77' lang='lat' dir='ltr'><strong>has</strong></span> <span class='ocrx_word' id='word_1_360' title='bbox 285 2133 429 2174; x_wconf 85' lang='lat' dir='ltr'><strong>proxime</strong></span> <span class='ocrx_word' id='word_1_361' title='bbox 452 2133 688 2174; x_wconf 81' lang='lat' dir='ltr'><strong>praecedentes</strong></span> <span class='ocrx_word' id='word_1_362' title='bbox 714 2131 761 2172; x_wconf 57' lang='lat' dir='ltr'><strong>(d.</strong></span> <span class='ocrx_word' id='word_1_363' title='bbox 790 2132 845 2164; x_wconf 86' lang='grc'><strong>11.</strong></span> <span class='ocrx_word' id='word_1_364' title='bbox 869 2131 965 2172; x_wconf 84' lang='lat' dir='ltr'><strong>Jan.)</strong></span> <span class='ocrx_word' id='word_1_365' title='bbox 991 2134 1038 2166; x_wconf 88' lang='lat' dir='ltr'><strong>sic</strong></span> <span class='ocrx_word' id='word_1_366' title='bbox 1063 2133 1248 2166; x_wconf 80' lang='lat' dir='ltr'><strong>concludit:</strong></span> <span class='ocrx_word' id='word_1_367' title='bbox 1276 2132 1458 2170; x_wconf 62' lang='lat' dir='ltr'><strong>„Tandem</strong></span> <span class='ocrx_word' id='word_1_368' title='bbox 1483 2136 1522 2164; x_wconf 86' lang='lat' dir='ltr'><strong>ut</strong></span> <span class='ocrx_word' id='word_1_369' title='bbox 1537 2133 1683 2164; x_wconf 83' lang='lat' dir='ltr'><strong>animum</strong></span> <span class='ocrx_word' id='word_1_370' title='bbox 1705 2140 1814 2164; x_wconf 86' lang='lat' dir='ltr'><strong>meum</strong></span> <span class='ocrx_word' id='word_1_371' title='bbox 1839 2132 1897 2163; x_wconf 87' lang='lat' dir='ltr'><strong>tibi</strong></span> 
     </span>
     <span class='ocr_line' id='line_1_36' title="bbox 95 2178 1896 2220; baseline 0 -10"><span class='ocrx_word' id='word_1_372' title='bbox 95 2178 290 2211; x_wconf 71' lang='lat' dir='ltr'><strong>bonomium</strong></span> <span class='ocrx_word' id='word_1_373' title='bbox 313 2187 356 2211; x_wconf 84' lang='lat' dir='ltr'><strong>ex</strong></span> <span class='ocrx_word' id='word_1_374' title='bbox 378 2184 473 2220; x_wconf 85' lang='lat' dir='ltr'><strong>parte</strong></span> <span class='ocrx_word' id='word_1_375' title='bbox 497 2184 629 2211; x_wconf 68' lang='lat' dir='ltr'><strong>tantam</strong></span> <span class='ocrx_word' id='word_1_376' title='bbox 645 2180 820 2215; x_wconf 84' lang='lat' dir='ltr'><strong>declarem.</strong></span> <span class='ocrx_word' id='word_1_377' title='bbox 846 2182 941 2212; x_wconf 89' lang='lat' dir='ltr'><strong>mitto</strong></span> <span class='ocrx_word' id='word_1_378' title='bbox 958 2181 1018 2212; x_wconf 89' lang='lat' dir='ltr'><strong>tibi</strong></span> <span class='ocrx_word' id='word_1_379' title='bbox 1043 2180 1123 2212; x_wconf 90' lang='lat' dir='ltr'><strong>duos</strong></span> <span class='ocrx_word' id='word_1_380' title='bbox 1140 2180 1314 2212; x_wconf 78' lang='lat' dir='ltr'><strong>linteorum</strong></span> <span class='ocrx_word' id='word_1_381' title='bbox 1332 2179 1563 2212; x_wconf 83' lang='lat' dir='ltr'><strong>Silesiacorum</strong></span> <span class='ocrx_word' id='word_1_382' title='bbox 1578 2179 1763 2216; x_wconf 78' lang='lat' dir='ltr'><strong>fasciculos,</strong></span> <span class='ocrx_word' id='word_1_383' title='bbox 1789 2179 1896 2211; x_wconf 86' lang='lat' dir='ltr'><strong>amice</strong></span> 
     </span>
     <span class='ocr_line' id='line_1_37' title="bbox 95 2226 1898 2268; baseline 0 -11"><span class='ocrx_word' id='word_1_384' title='bbox 95 2234 235 2268; x_wconf 74' lang='lat' dir='ltr'><strong>rogam,</strong></span> <span class='ocrx_word' id='word_1_385' title='bbox 268 2229 309 2257; x_wconf 78' lang='lat' dir='ltr'><strong>ut</strong></span> <span class='ocrx_word' id='word_1_386' title='bbox 337 2226 414 2258; x_wconf 85' lang='lat' dir='ltr'><strong>boui</strong></span> <span class='ocrx_word' id='word_1_387' title='bbox 438 2226 608 2262; x_wconf 82' lang='lat' dir='ltr'><strong>consulas.</strong></span> <span class='ocrx_word' id='word_1_388' title='bbox 642 2235 684 2258; x_wconf 85' lang='lat' dir='ltr'><strong>ac</strong></span> <span class='ocrx_word' id='word_1_389' title='bbox 705 2236 745 2258; x_wconf 84' lang='lat' dir='ltr'><strong>ex</strong></span> <span class='ocrx_word' id='word_1_390' title='bbox 770 2229 881 2259; x_wconf 87' lang='lat' dir='ltr'><strong>animo</strong></span> <span class='ocrx_word' id='word_1_391' title='bbox 911 2228 997 2259; x_wconf 86' lang='lat' dir='ltr'><strong>bono</strong></span> <span class='ocrx_word' id='word_1_392' title='bbox 1020 2227 1201 2268; x_wconf 81' lang='lat' dir='ltr'><strong>profectum</strong></span> <span class='ocrx_word' id='word_1_393' title='bbox 1226 2227 1359 2263; x_wconf 81' lang='lat' dir='ltr'><strong>credas;</strong></span> <span class='ocrx_word' id='word_1_394' title='bbox 1401 2229 1529 2267; x_wconf 85' lang='lat' dir='ltr'><strong>majora</strong></span> <span class='ocrx_word' id='word_1_395' title='bbox 1553 2230 1784 2268; x_wconf 83' lang='lat' dir='ltr'><strong>expectatmus</strong></span> <span class='ocrx_word' id='word_1_396' title='bbox 1808 2226 1898 2258; x_wconf 86' lang='lat' dir='ltr'><strong>cirea</strong></span> 
     </span>
     <span class='ocr_line' id='line_1_38' title="bbox 95 2270 1895 2315; baseline 0 -11"><span class='ocrx_word' id='word_1_397' title='bbox 95 2272 219 2304; x_wconf 71' lang='lat' dir='ltr'><strong>fest-um</strong></span> <span class='ocrx_word' id='word_1_398' title='bbox 242 2270 461 2304; x_wconf 57' lang='lat' dir='ltr'><strong>Paschstosst‘</strong></span> <span class='ocrx_word' id='word_1_399' title='bbox 510 2272 679 2312; x_wconf 71' lang='lat' dir='ltr'><strong>Adiuncto.</strong></span> <span class='ocrx_word' id='word_1_400' title='bbox 711 2273 803 2306; x_wconf 81' lang='lat' dir='ltr'><strong>fuere</strong></span> <span class='ocrx_word' id='word_1_401' title='bbox 832 2274 885 2305; x_wconf 79' lang='lat' dir='ltr'><strong>his</strong></span> <span class='ocrx_word' id='word_1_402' title='bbox 908 2274 1062 2306; x_wconf 80' lang='lat' dir='ltr'><strong>Vickeuii</strong></span> <span class='ocrx_word' id='word_1_403' title='bbox 1098 2274 1199 2305; x_wconf 87' lang='lat' dir='ltr'><strong>literis</strong></span> <span class='ocrx_word' id='word_1_404' title='bbox 1233 2273 1371 2305; x_wconf 87' lang='lat' dir='ltr'><strong>aliorum</strong></span> <span class='ocrx_word' id='word_1_405' title='bbox 1412 2272 1556 2315; x_wconf 74' lang='lat' dir='ltr'><strong>(Magini</strong></span> <span class='ocrx_word' id='word_1_406' title='bbox 1569 2297 1579 2310; x_wconf 93' lang='lat'><strong>,</strong></span> <span class='ocrx_word' id='word_1_407' title='bbox 1621 2273 1762 2306; x_wconf 86' lang='lat' dir='ltr'><strong>Simonis</strong></span> <span class='ocrx_word' id='word_1_408' title='bbox 1787 2271 1895 2308; x_wconf 80' lang='lat' dir='ltr'><strong>Marii,</strong></span> 
     </span>
     <span class='ocr_line' id='line_1_39' title="bbox 96 2317 1896 2363; baseline 0 -13"><span class='ocrx_word' id='word_1_409' title='bbox 96 2317 267 2355; x_wconf 65' lang='lat' dir='ltr'><strong>Brundi,</strong></span> <span class='ocrx_word' id='word_1_410' title='bbox 292 2317 440 2356; x_wconf 83' lang='lat' dir='ltr'><strong>Crabbii)</strong></span> <span class='ocrx_word' id='word_1_411' title='bbox 460 2319 587 2359; x_wconf 84' lang='lat' dir='ltr'><strong>judicia</strong></span> <span class='ocrx_word' id='word_1_412' title='bbox 611 2319 653 2351; x_wconf 86' lang='lat' dir='ltr'><strong>de</strong></span> <span class='ocrx_word' id='word_1_413' title='bbox 680 2320 795 2357; x_wconf 82' lang='lat' dir='ltr'><strong>„modo</strong></span> <span class='ocrx_word' id='word_1_414' title='bbox 821 2320 1017 2363; x_wconf 83' lang='lat' dir='ltr'><strong>dirigendi“,</strong></span> <span class='ocrx_word' id='word_1_415' title='bbox 1041 2329 1103 2352; x_wconf 87' lang='lat' dir='ltr'><strong>nee</strong></span> <span class='ocrx_word' id='word_1_416' title='bbox 1128 2330 1194 2351; x_wconf 89' lang='lat' dir='ltr'><strong>uon</strong></span> <span class='ocrx_word' id='word_1_417' title='bbox 1218 2320 1355 2352; x_wconf 68' lang='lat' dir='ltr'><strong>tabulae</strong></span> <span class='ocrx_word' id='word_1_418' title='bbox 1379 2320 1521 2362; x_wconf 71' lang='lat' dir='ltr'><strong>aliaque,</strong></span> <span class='ocrx_word' id='word_1_419' title='bbox 1547 2320 1588 2352; x_wconf 91' lang='lat' dir='ltr'><strong>de</strong></span> <span class='ocrx_word' id='word_1_420' title='bbox 1612 2320 1729 2361; x_wconf 88' lang='lat' dir='ltr'><strong>quibus</strong></span> <span class='ocrx_word' id='word_1_421' title='bbox 1753 2320 1814 2351; x_wconf 78' lang='lat' dir='ltr'><strong>sibi</strong></span> <span class='ocrx_word' id='word_1_422' title='bbox 1839 2328 1896 2351; x_wconf 86' lang='lat' dir='ltr'><strong>ex-</strong></span> 
     </span>
     <span class='ocr_line' id='line_1_40' title="bbox 98 2364 1895 2408; baseline -0.001 -10"><span class='ocrx_word' id='word_1_423' title='bbox 98 2365 183 2407; x_wconf 69' lang='lat' dir='ltr'><strong>petit</strong></span> <span class='ocrx_word' id='word_1_424' title='bbox 203 2364 363 2406; x_wconf 74' lang='lat' dir='ltr'><strong>iudicium</strong></span> <span class='ocrx_word' id='word_1_425' title='bbox 387 2365 533 2406; x_wconf 82' lang='lat' dir='ltr'><strong>Kepleri·</strong></span> <span class='ocrx_word' id='word_1_426' title='bbox 582 2364 647 2404; x_wconf 88' lang='lat' dir='ltr'><strong>Qui</strong></span> <span class='ocrx_word' id='word_1_427' title='bbox 671 2376 770 2408; x_wconf 87' lang='lat' dir='ltr'><strong>qumn</strong></span> <span class='ocrx_word' id='word_1_428' title='bbox 794 2368 938 2399; x_wconf 82' lang='lat' dir='ltr'><strong>maxima</strong></span> <span class='ocrx_word' id='word_1_429' title='bbox 964 2376 1004 2398; x_wconf 85' lang='lat' dir='ltr'><strong>ex</strong></span> <span class='ocrx_word' id='word_1_430' title='bbox 1026 2371 1121 2408; x_wconf 87' lang='lat' dir='ltr'><strong>parte</strong></span> <span class='ocrx_word' id='word_1_431' title='bbox 1147 2366 1293 2399; x_wconf 86' lang='lat' dir='ltr'><strong>Stadii</strong></span> <span class='ocrx_word' id='word_1_432' title='bbox 1316 2366 1417 2398; x_wconf 83' lang='lat' dir='ltr'><strong>verba</strong></span> <span class='ocrx_word' id='word_1_433' title='bbox 1431 2366 1633 2403; x_wconf 80' lang='lat' dir='ltr'><strong>refutaverit,</strong></span> <span class='ocrx_word' id='word_1_434' title='bbox 1660 2366 1701 2398; x_wconf 88' lang='lat' dir='ltr'><strong>de</strong></span> <span class='ocrx_word' id='word_1_435' title='bbox 1716 2365 1779 2398; x_wconf 84' lang='lat' dir='ltr'><strong>hoc</strong></span> <span class='ocrx_word' id='word_1_436' title='bbox 1794 2374 1895 2407; x_wconf 82' lang='lat' dir='ltr'><strong>quae-</strong></span> 
     </span>
     <span class='ocr_line' id='line_1_41' title="bbox 97 2409 1896 2455; baseline -0.001 -11"><span class='ocrx_word' id='word_1_437' title='bbox 97 2413 176 2444; x_wconf 82' lang='lat' dir='ltr'><strong>dam</strong></span> <span class='ocrx_word' id='word_1_438' title='bbox 200 2412 356 2445; x_wconf 83' lang='lat' dir='ltr'><strong>addenda</strong></span> <span class='ocrx_word' id='word_1_439' title='bbox 379 2421 563 2445; x_wconf 81' lang='lat' dir='ltr'><strong>censemus.</strong></span> <span class='ocrx_word' id='word_1_440' title='bbox 612 2411 665 2444; x_wconf 89' lang='lat' dir='ltr'><strong>De</strong></span> <span class='ocrx_word' id='word_1_441' title='bbox 689 2413 759 2444; x_wconf 82' lang='lat' dir='ltr'><strong>vita</strong></span> <span class='ocrx_word' id='word_1_442' title='bbox 782 2412 892 2445; x_wconf 85' lang='lat' dir='ltr'><strong>Stadii</strong></span> <span class='ocrx_word' id='word_1_443' title='bbox 914 2415 1039 2455; x_wconf 77' lang='lat' dir='ltr'><strong>pagina</strong></span> <span class='ocrx_word' id='word_1_444' title='bbox 1063 2422 1180 2446; x_wconf 82' lang='lat' dir='ltr'><strong>aversa</strong></span> <span class='ocrx_word' id='word_1_445' title='bbox 1202 2413 1288 2445; x_wconf 84' lang='lat' dir='ltr'><strong>tituli</strong></span> <span class='ocrx_word' id='word_1_446' title='bbox 1315 2413 1609 2454; x_wconf 78' lang='lat' dir='ltr'><strong>„Ephemeridum“</strong></span> <span class='ocrx_word' id='word_1_447' title='bbox 1637 2411 1767 2451; x_wconf 83' lang='lat' dir='ltr'><strong>(Gelon.</strong></span> <span class='ocrx_word' id='word_1_448' title='bbox 1788 2409 1896 2450; x_wconf 78' lang='lat'>1581)</span> 
     </span>
    </p>
   </div>
   <div class='ocr_carea' id='block_1_5' title="bbox 38 2457 1895 2502">
    <p class='ocr_par' dir='ltr' id='par_1_6' title="bbox 38 2457 1895 2502">
     <span class='ocr_line' id='line_1_42' title="bbox 38 2457 1895 2502; baseline -0.001 -10"><span class='ocrx_word' id='word_1_449' title='bbox 38 2493 42 2495; x_wconf 25' lang='grc' dir='ltr'><strong><em>Δ</em></strong></span> <span class='ocrx_word' id='word_1_450' title='bbox 96 2459 180 2492; x_wconf 76' lang='lat' dir='ltr'><strong>haec</strong></span> <span class='ocrx_word' id='word_1_451' title='bbox 205 2458 321 2491; x_wconf 80' lang='lat' dir='ltr'><strong>affert:</strong></span> <span class='ocrx_word' id='word_1_452' title='bbox 344 2458 524 2491; x_wconf 81' lang='lat' dir='ltr'><strong>Joaunis</strong></span> <span class='ocrx_word' id='word_1_453' title='bbox 549 2457 709 2496; x_wconf 86' lang='lat' dir='ltr'><strong>Stadii,</strong></span> <span class='ocrx_word' id='word_1_454' title='bbox 733 2459 964 2493; x_wconf 78' lang='lat' dir='ltr'><strong>Mathematici</strong></span> <span class='ocrx_word' id='word_1_455' title='bbox 987 2460 1126 2502; x_wconf 81' lang='lat' dir='ltr'><strong>Belgae,</strong></span> <span class='ocrx_word' id='word_1_456' title='bbox 1152 2459 1438 2501; x_wconf 86' lang='lat' dir='ltr'><strong>Epitaphium,</strong></span> <span class='ocrx_word' id='word_1_457' title='bbox 1463 2459 1611 2491; x_wconf 79' lang='lat' dir='ltr'><strong>Jehovae</strong></span> <span class='ocrx_word' id='word_1_458' title='bbox 1635 2466 1741 2491; x_wconf 75' lang='lat' dir='ltr'><strong>sacr-z</strong></span> <span class='ocrx_word' id='word_1_459' title='bbox 1766 2458 1798 2490; x_wconf 85' lang='lat' dir='ltr'><strong>J.</strong></span> <span class='ocrx_word' id='word_1_460' title='bbox 1819 2457 1895 2490; x_wconf 86' lang='lat' dir='ltr'><strong>Sta-</strong></span> 
     </span>
    </p>
   </div>
   <div class='ocr_carea' id='block_1_6' title="bbox 97 2504 1899 3158">
    <p class='ocr_par' dir='ltr' id='par_1_7' title="bbox 97 2504 1899 3015">
     <span class='ocr_line' id='line_1_43' title="bbox 98 2504 1896 2548; baseline -0.001 -10"><span class='ocrx_word' id='word_1_461' title='bbox 98 2506 163 2543; x_wconf 85' lang='lat' dir='ltr'><strong>dio.</strong></span> <span class='ocrx_word' id='word_1_462' title='bbox 187 2504 448 2542; x_wconf 71' lang='lat' dir='ltr'><strong>Mathematico.</strong></span> <span class='ocrx_word' id='word_1_463' title='bbox 485 2505 528 2537; x_wconf 90' lang='lat' dir='ltr'><strong>ab</strong></span> <span class='ocrx_word' id='word_1_464' title='bbox 553 2505 648 2536; x_wconf 82' lang='lat' dir='ltr'><strong>editis</strong></span> <span class='ocrx_word' id='word_1_465' title='bbox 673 2506 791 2538; x_wconf 88' lang='lat' dir='ltr'><strong>tabulis</strong></span> <span class='ocrx_word' id='word_1_466' title='bbox 817 2511 851 2538; x_wconf 87' lang='lat' dir='ltr'><strong>et</strong></span> <span class='ocrx_word' id='word_1_467' title='bbox 876 2507 1134 2548; x_wconf 86' lang='lat' dir='ltr'><strong>ephemeridibus</strong></span> <span class='ocrx_word' id='word_1_468' title='bbox 1160 2506 1384 2548; x_wconf 82' lang='lat' dir='ltr'><strong>astrologicis,</strong></span> <span class='ocrx_word' id='word_1_469' title='bbox 1417 2507 1722 2547; x_wconf 85' lang='lat' dir='ltr'><strong>commentariisque</strong></span> <span class='ocrx_word' id='word_1_470' title='bbox 1743 2504 1896 2537; x_wconf 85' lang='lat' dir='ltr'><strong>historia·</strong></span> 
     </span>
     <span class='ocr_line' id='line_1_44' title="bbox 97 2552 1896 2595; baseline 0 -11"><span class='ocrx_word' id='word_1_471' title='bbox 97 2562 181 2589; x_wconf 87' lang='lat' dir='ltr'><strong>rum,</strong></span> <span class='ocrx_word' id='word_1_472' title='bbox 204 2557 336 2594; x_wconf 78' lang='lat' dir='ltr'><strong>propter</strong></span> <span class='ocrx_word' id='word_1_473' title='bbox 360 2562 500 2585; x_wconf 82' lang='lat' dir='ltr'><strong>acumen</strong></span> <span class='ocrx_word' id='word_1_474' title='bbox 525 2553 650 2594; x_wconf 81' lang='lat' dir='ltr'><strong>ingenii</strong></span> <span class='ocrx_word' id='word_1_475' title='bbox 675 2553 782 2590; x_wconf 86' lang='lat' dir='ltr'><strong>claro,</strong></span> <span class='ocrx_word' id='word_1_476' title='bbox 816 2553 958 2595; x_wconf 85' lang='lat' dir='ltr'><strong>Philippi</strong></span> <span class='ocrx_word' id='word_1_477' title='bbox 981 2553 1075 2594; x_wconf 84' lang='lat' dir='ltr'><strong>Hisp.</strong></span> <span class='ocrx_word' id='word_1_478' title='bbox 1100 2554 1187 2594; x_wconf 81' lang='lat' dir='ltr'><strong>regis</strong></span> <span class='ocrx_word' id='word_1_479' title='bbox 1210 2553 1391 2584; x_wconf 88' lang='lat' dir='ltr'><strong>honorariis</strong></span> <span class='ocrx_word' id='word_1_480' title='bbox 1415 2553 1618 2588; x_wconf 84' lang='lat' dir='ltr'><strong>Lovauium,</strong></span> <span class='ocrx_word' id='word_1_481' title='bbox 1653 2552 1770 2584; x_wconf 88' lang='lat' dir='ltr'><strong>deinde</strong></span> <span class='ocrx_word' id='word_1_482' title='bbox 1794 2552 1896 2584; x_wconf 86' lang='lat' dir='ltr'><strong>Lute—</strong></span> 
     </span>
     <span class='ocr_line' id='line_1_45' title="bbox 99 2598 1899 2642; baseline 0 -11"><span class='ocrx_word' id='word_1_483' title='bbox 99 2600 182 2631; x_wconf 71' lang='lat' dir='ltr'><strong>tiam</strong></span> <span class='ocrx_word' id='word_1_484' title='bbox 198 2598 394 2632; x_wconf 79' lang='lat' dir='ltr'><strong>Parisiorum</strong></span> <span class='ocrx_word' id='word_1_485' title='bbox 421 2600 464 2631; x_wconf 86' lang='lat' dir='ltr'><strong>ab</strong></span> <span class='ocrx_word' id='word_1_486' title='bbox 480 2599 623 2631; x_wconf 84' lang='lat' dir='ltr'><strong>Heurico</strong></span> <span class='ocrx_word' id='word_1_487' title='bbox 648 2599 710 2631; x_wconf 91' lang='lat'><strong>111.</strong></span> <span class='ocrx_word' id='word_1_488' title='bbox 738 2600 868 2632; x_wconf 83' lang='lat' dir='ltr'><strong>Galliae</strong></span> <span class='ocrx_word' id='word_1_489' title='bbox 892 2610 983 2642; x_wconf 81' lang='lat' dir='ltr'><strong>rege,</strong></span> <span class='ocrx_word' id='word_1_490' title='bbox 1010 2600 1054 2632; x_wconf 89' lang='lat' dir='ltr'><strong>ad</strong></span> <span class='ocrx_word' id='word_1_491' title='bbox 1075 2600 1241 2640; x_wconf 85' lang='lat' dir='ltr'><strong>publicam</strong></span> <span class='ocrx_word' id='word_1_492' title='bbox 1265 2609 1380 2631; x_wconf 85' lang='lat' dir='ltr'><strong>earum</strong></span> <span class='ocrx_word' id='word_1_493' title='bbox 1398 2599 1652 2640; x_wconf 83' lang='lat' dir='ltr'><strong>disciplinarum,</strong></span> <span class='ocrx_word' id='word_1_494' title='bbox 1679 2608 1761 2641; x_wconf 80' lang='lat' dir='ltr'><strong>quaa</strong></span> <span class='ocrx_word' id='word_1_495' title='bbox 1778 2599 1899 2632; x_wconf 76' lang='lat' dir='ltr'><strong>celebri</strong></span> 
     </span>
     <span class='ocr_line' id='line_1_46' title="bbox 99 2644 1896 2687; baseline 0 -9"><span class='ocrx_word' id='word_1_496' title='bbox 99 2645 315 2678; x_wconf 71' lang='lat' dir='ltr'><strong>studiosorum</strong></span> <span class='ocrx_word' id='word_1_497' title='bbox 336 2646 506 2678; x_wconf 84' lang='lat' dir='ltr'><strong>hominum</strong></span> <span class='ocrx_word' id='word_1_498' title='bbox 530 2647 565 2677; x_wconf 89' lang='lat' dir='ltr'><strong>iu</strong></span> <span class='ocrx_word' id='word_1_499' title='bbox 589 2646 719 2678; x_wconf 88' lang='lat' dir='ltr'><strong>illarum</strong></span> <span class='ocrx_word' id='word_1_500' title='bbox 742 2647 870 2678; x_wconf 86' lang='lat' dir='ltr'><strong>urbium</strong></span> <span class='ocrx_word' id='word_1_501' title='bbox 894 2647 1074 2679; x_wconf 86' lang='lat' dir='ltr'><strong>academiis</strong></span> <span class='ocrx_word' id='word_1_502' title='bbox 1100 2656 1260 2679; x_wconf 82' lang='lat' dir='ltr'><strong>concursu</strong></span> <span class='ocrx_word' id='word_1_503' title='bbox 1284 2646 1409 2685; x_wconf 86' lang='lat' dir='ltr'><strong>docuit,</strong></span> <span class='ocrx_word' id='word_1_504' title='bbox 1432 2646 1666 2687; x_wconf 74' lang='lat' dir='ltr'><strong>professionem</strong></span> <span class='ocrx_word' id='word_1_505' title='bbox 1691 2646 1819 2678; x_wconf 78' lang='lat' dir='ltr'><strong>adscito</strong></span> <span class='ocrx_word' id='word_1_506' title='bbox 1835 2644 1896 2678; x_wconf 67' lang='lat' dir='ltr'><strong>&amp;e-</strong></span> 
     </span>
     <span class='ocr_line' id='line_1_47' title="bbox 98 2690 1898 2734; baseline -0.001 -9"><span class='ocrx_word' id='word_1_507' title='bbox 98 2706 147 2714; x_wconf 89' lang='lat'><strong>--</strong></span> <span class='ocrx_word' id='word_1_508' title='bbox 168 2692 263 2725; x_wconf 75' lang='lat' dir='ltr'><strong>Vixit</strong></span> <span class='ocrx_word' id='word_1_509' title='bbox 286 2694 381 2725; x_wconf 82' lang='lat' dir='ltr'><strong>aunis</strong></span> <span class='ocrx_word' id='word_1_510' title='bbox 407 2691 465 2730; x_wconf 87' lang='grc'><strong>53,</strong></span> <span class='ocrx_word' id='word_1_511' title='bbox 491 2693 572 2725; x_wconf 88' lang='lat' dir='ltr'><strong>obiit</strong></span> <span class='ocrx_word' id='word_1_512' title='bbox 594 2693 699 2734; x_wconf 88' lang='lat' dir='ltr'><strong>pridie</strong></span> <span class='ocrx_word' id='word_1_513' title='bbox 725 2693 795 2726; x_wconf 90' lang='lat' dir='ltr'><strong>Cal.</strong></span> <span class='ocrx_word' id='word_1_514' title='bbox 813 2693 988 2726; x_wconf 83' lang='lat' dir='ltr'><strong>Novembr.</strong></span> <span class='ocrx_word' id='word_1_515' title='bbox 1011 2692 1134 2726; x_wconf 80' lang='lat'><strong>1579.“</strong></span> <span class='ocrx_word' id='word_1_516' title='bbox 1160 2708 1207 2714; x_wconf 93' lang='lat'>-</span> <span class='ocrx_word' id='word_1_517' title='bbox 1231 2693 1464 2734; x_wconf 85' lang='lat' dir='ltr'><strong>Ephemerides</strong></span> <span class='ocrx_word' id='word_1_518' title='bbox 1487 2693 1551 2725; x_wconf 85' lang='lat' dir='ltr'><strong>has</strong></span> <span class='ocrx_word' id='word_1_519' title='bbox 1574 2691 1634 2732; x_wconf 86' lang='lat' dir='ltr'><strong>(ab</strong></span> <span class='ocrx_word' id='word_1_520' title='bbox 1653 2702 1740 2724; x_wconf 86' lang='lat' dir='ltr'><strong>anno</strong></span> <span class='ocrx_word' id='word_1_521' title='bbox 1760 2690 1898 2724; x_wconf 78' lang='lat'>155⁴-</span> 
     </span>
     <span class='ocr_line' id='line_1_48' title="bbox 101 2735 1895 2782; baseline 0.001 -13"><span class='ocrx_word' id='word_1_522' title='bbox 101 2735 208 2779; x_wconf 72' lang='lat'><strong>1⁶06)</strong></span> <span class='ocrx_word' id='word_1_523' title='bbox 234 2740 339 2772; x_wconf 87' lang='lat' dir='ltr'><strong>edidit</strong></span> <span class='ocrx_word' id='word_1_524' title='bbox 362 2739 446 2772; x_wconf 84' lang='lat' dir='ltr'><strong>filius</strong></span> <span class='ocrx_word' id='word_1_525' title='bbox 472 2739 579 2773; x_wconf 85' lang='lat' dir='ltr'><strong>Stadii</strong></span> <span class='ocrx_word' id='word_1_526' title='bbox 603 2739 821 2780; x_wconf 86' lang='lat' dir='ltr'><strong>Hieronymus</strong></span> <span class='ocrx_word' id='word_1_527' title='bbox 847 2749 933 2772; x_wconf 89' lang='lat' dir='ltr'><strong>auno</strong></span> <span class='ocrx_word' id='word_1_528' title='bbox 957 2745 1032 2782; x_wconf 86' lang='lat' dir='ltr'><strong>post</strong></span> <span class='ocrx_word' id='word_1_529' title='bbox 1055 2745 1184 2782; x_wconf 66' lang='lat' dir='ltr'><strong>patrem</strong></span> <span class='ocrx_word' id='word_1_530' title='bbox 1207 2744 1369 2772; x_wconf 90' lang='lat' dir='ltr'><strong>mortuum</strong></span> <span class='ocrx_word' id='word_1_531' title='bbox 1395 2740 1558 2777; x_wconf 86' lang='lat' dir='ltr'><strong>secundo,</strong></span> <span class='ocrx_word' id='word_1_532' title='bbox 1584 2741 1775 2771; x_wconf 86' lang='lat' dir='ltr'><strong>immutatas</strong></span> <span class='ocrx_word' id='word_1_533' title='bbox 1799 2739 1895 2772; x_wconf 86' lang='lat' dir='ltr'><strong>relin-</strong></span> 
     </span>
     <span class='ocr_line' id='line_1_49' title="bbox 100 2784 1896 2830; baseline 0 -12"><span class='ocrx_word' id='word_1_534' title='bbox 100 2794 202 2830; x_wconf 76' lang='lat' dir='ltr'><strong>quens</strong></span> <span class='ocrx_word' id='word_1_535' title='bbox 227 2786 300 2819; x_wconf 86' lang='lat' dir='ltr'><strong>illas</strong></span> <span class='ocrx_word' id='word_1_536' title='bbox 325 2795 484 2818; x_wconf 88' lang='lat' dir='ltr'><strong>annorum</strong></span> <span class='ocrx_word' id='word_1_537' title='bbox 511 2784 757 2823; x_wconf 77' lang='lat'><strong>1554-1570,</strong></span> <span class='ocrx_word' id='word_1_538' title='bbox 784 2796 865 2828; x_wconf 89' lang='lat' dir='ltr'><strong>quas</strong></span> <span class='ocrx_word' id='word_1_539' title='bbox 889 2787 959 2828; x_wconf 88' lang='lat' dir='ltr'><strong>ipse</strong></span> <span class='ocrx_word' id='word_1_540' title='bbox 975 2787 1122 2819; x_wconf 86' lang='lat' dir='ltr'><strong>Joannes</strong></span> <span class='ocrx_word' id='word_1_541' title='bbox 1148 2796 1235 2818; x_wconf 88' lang='lat' dir='ltr'><strong>anno</strong></span> <span class='ocrx_word' id='word_1_542' title='bbox 1258 2785 1345 2818; x_wconf 76' lang='lat'><strong>¹556</strong></span> <span class='ocrx_word' id='word_1_543' title='bbox 1365 2785 1522 2818; x_wconf 88' lang='lat' dir='ltr'><strong>Coloniae</strong></span> <span class='ocrx_word' id='word_1_544' title='bbox 1550 2785 1782 2827; x_wconf 88' lang='lat' dir='ltr'><strong>imprimendas</strong></span> <span class='ocrx_word' id='word_1_545' title='bbox 1800 2795 1896 2818; x_wconf 85' lang='lat' dir='ltr'><strong>cura-</strong></span> 
     </span>
     <span class='ocr_line' id='line_1_50' title="bbox 98 2831 1897 2875; baseline 0 -11"><span class='ocrx_word' id='word_1_546' title='bbox 98 2835 209 2870; x_wconf 70' lang='lat' dir='ltr'><strong>vast,</strong></span> <span class='ocrx_word' id='word_1_547' title='bbox 243 2833 482 2874; x_wconf 76' lang='lat' dir='ltr'><strong>praefationem</strong></span> <span class='ocrx_word' id='word_1_548' title='bbox 506 2843 632 2875; x_wconf 88' lang='lat' dir='ltr'><strong>quoque</strong></span> <span class='ocrx_word' id='word_1_549' title='bbox 656 2834 759 2875; x_wconf 84' lang='lat' dir='ltr'><strong>patris</strong></span> <span class='ocrx_word' id='word_1_550' title='bbox 785 2833 1017 2875; x_wconf 81' lang='lat' dir='ltr'><strong>astrologicam</strong></span> <span class='ocrx_word' id='word_1_551' title='bbox 1050 2833 1167 2865; x_wconf 89' lang='lat' dir='ltr'><strong>iisdem</strong></span> <span class='ocrx_word' id='word_1_552' title='bbox 1199 2833 1267 2865; x_wconf 81' lang='lat' dir='ltr'><strong>fere</strong></span> <span class='ocrx_word' id='word_1_553' title='bbox 1299 2833 1404 2864; x_wconf 84' lang='lat' dir='ltr'><strong>verbis</strong></span> <span class='ocrx_word' id='word_1_554' title='bbox 1440 2831 1585 2874; x_wconf 84' lang='lat' dir='ltr'><strong>(reliquis</strong></span> <span class='ocrx_word' id='word_1_555' title='bbox 1611 2843 1628 2864; x_wconf 90' lang='lat' dir='ltr'><strong>e</strong></span> <span class='ocrx_word' id='word_1_556' title='bbox 1652 2833 1897 2873; x_wconf 80' lang='lat' dir='ltr'><strong>patrismanu-</strong></span> 
     </span>
     <span class='ocr_line' id='line_1_51' title="bbox 99 2878 1898 2921; baseline 0.001 -11"><span class='ocrx_word' id='word_1_557' title='bbox 99 2879 226 2919; x_wconf 72' lang='lat' dir='ltr'><strong>scriptis</strong></span> <span class='ocrx_word' id='word_1_558' title='bbox 251 2878 385 2919; x_wconf 80' lang='lat' dir='ltr'><strong>additia)</strong></span> <span class='ocrx_word' id='word_1_559' title='bbox 417 2881 644 2921; x_wconf 83' lang='lat' dir='ltr'><strong>praemittens.</strong></span> <span class='ocrx_word' id='word_1_560' title='bbox 692 2881 733 2912; x_wconf 91' lang='lat' dir='ltr'><strong>In</strong></span> <span class='ocrx_word' id='word_1_561' title='bbox 757 2880 821 2912; x_wconf 87' lang='lat' dir='ltr'><strong>hac</strong></span> <span class='ocrx_word' id='word_1_562' title='bbox 846 2880 1051 2920; x_wconf 77' lang='lat' dir='ltr'><strong>praefatione</strong></span> <span class='ocrx_word' id='word_1_563' title='bbox 1085 2881 1236 2912; x_wconf 84' lang='lat' dir='ltr'><strong>editionis</strong></span> <span class='ocrx_word' id='word_1_564' title='bbox 1267 2880 1459 2920; x_wconf 85' lang='lat' dir='ltr'><strong>posthumae</strong></span> <span class='ocrx_word' id='word_1_565' title='bbox 1494 2879 1770 2921; x_wconf 82' lang='lat' dir='ltr'><strong>deprehendimus</strong></span> <span class='ocrx_word' id='word_1_566' title='bbox 1797 2879 1898 2912; x_wconf 83' lang='lat' dir='ltr'><strong>verba</strong></span> 
     </span>
     <span class='ocr_line' id='line_1_52' title="bbox 100 2923 1898 2969; baseline 0 -11"><span class='ocrx_word' id='word_1_567' title='bbox 100 2923 218 2964; x_wconf 68' lang='lat' dir='ltr'><strong>Stadii,</strong></span> <span class='ocrx_word' id='word_1_568' title='bbox 242 2935 329 2968; x_wconf 80' lang='lat' dir='ltr'><strong>quae</strong></span> <span class='ocrx_word' id='word_1_569' title='bbox 352 2930 448 2958; x_wconf 83' lang='lat' dir='ltr'><strong>taxat</strong></span> <span class='ocrx_word' id='word_1_570' title='bbox 472 2926 647 2967; x_wconf 85' lang='lat' dir='ltr'><strong>KepIerus,</strong></span> <span class='ocrx_word' id='word_1_571' title='bbox 671 2927 706 2958; x_wconf 88' lang='lat' dir='ltr'><strong>in</strong></span> <span class='ocrx_word' id='word_1_572' title='bbox 731 2928 840 2967; x_wconf 87' lang='lat' dir='ltr'><strong>capite</strong></span> <span class='ocrx_word' id='word_1_573' title='bbox 864 2927 1037 2968; x_wconf 81' lang='lat' dir='ltr'><strong>inscripto:</strong></span> <span class='ocrx_word' id='word_1_574' title='bbox 1068 2927 1142 2965; x_wconf 83' lang='lat' dir='ltr'><strong>„De</strong></span> <span class='ocrx_word' id='word_1_575' title='bbox 1166 2927 1314 2959; x_wconf 82' lang='lat' dir='ltr'><strong>domibus</strong></span> <span class='ocrx_word' id='word_1_576' title='bbox 1338 2927 1405 2958; x_wconf 82' lang='lat' dir='ltr'><strong>sive</strong></span> <span class='ocrx_word' id='word_1_577' title='bbox 1431 2926 1513 2958; x_wconf 87' lang='lat' dir='ltr'><strong>coeli</strong></span> <span class='ocrx_word' id='word_1_578' title='bbox 1537 2927 1660 2969; x_wconf 79' lang='lat' dir='ltr'><strong>figuris,</strong></span> <span class='ocrx_word' id='word_1_579' title='bbox 1686 2927 1776 2959; x_wconf 81' lang='lat' dir='ltr'><strong>vario</strong></span> <span class='ocrx_word' id='word_1_580' title='bbox 1801 2926 1898 2958; x_wconf 87' lang='lat' dir='ltr'><strong>modo</strong></span> 
     </span>
     <span class='ocr_line' id='line_1_53' title="bbox 102 2971 1059 3015; baseline 0.002 -11"><span class='ocrx_word' id='word_1_581' title='bbox 102 2971 282 3014; x_wconf 77' lang='lat' dir='ltr'><strong>descriptis,</strong></span> <span class='ocrx_word' id='word_1_582' title='bbox 306 2973 490 3015; x_wconf 87' lang='lat' dir='ltr'><strong>ibidemque</strong></span> <span class='ocrx_word' id='word_1_583' title='bbox 514 2973 697 3009; x_wconf 78' lang='lat' dir='ltr'><strong>Ptolemaei</strong></span> <span class='ocrx_word' id='word_1_584' title='bbox 721 2974 835 3005; x_wconf 87' lang='lat' dir='ltr'><strong>modus</strong></span> <span class='ocrx_word' id='word_1_585' title='bbox 860 2974 1059 3015; x_wconf 85' lang='lat' dir='ltr'><strong>expositus.“</strong></span> 
     </span>
    </p>

    <p class='ocr_par' dir='ltr' id='par_1_8' title="bbox 100 3017 1895 3108">
     <span class='ocr_line' id='line_1_54' title="bbox 189 3017 1895 3063; baseline 0.001 -12"><span class='ocrx_word' id='word_1_586' title='bbox 189 3017 374 3063; x_wconf 65' lang='lat' dir='ltr'><strong>I’tolemaei</strong></span> <span class='ocrx_word' id='word_1_587' title='bbox 398 3020 508 3057; x_wconf 79' lang='lat' dir='ltr'><strong>verba,</strong></span> <span class='ocrx_word' id='word_1_588' title='bbox 534 3030 619 3062; x_wconf 89' lang='lat' dir='ltr'><strong>quae</strong></span> <span class='ocrx_word' id='word_1_589' title='bbox 645 3030 720 3052; x_wconf 88' lang='lat' dir='ltr'><strong>cum</strong></span> <span class='ocrx_word' id='word_1_590' title='bbox 747 3029 768 3052; x_wconf 94' lang='lat' dir='ltr'><strong>a</strong></span> <span class='ocrx_word' id='word_1_591' title='bbox 785 3019 912 3057; x_wconf 87' lang='lat' dir='ltr'><strong>Stadio,</strong></span> <span class='ocrx_word' id='word_1_592' title='bbox 938 3023 1009 3051; x_wconf 81' lang='lat' dir='ltr'><strong>tum</strong></span> <span class='ocrx_word' id='word_1_593' title='bbox 1034 3030 1055 3053; x_wconf 88' lang='lat' dir='ltr'><strong>a</strong></span> <span class='ocrx_word' id='word_1_594' title='bbox 1070 3020 1216 3062; x_wconf 87' lang='lat' dir='ltr'><strong>Keplero</strong></span> <span class='ocrx_word' id='word_1_595' title='bbox 1242 3024 1464 3057; x_wconf 85' lang='lat' dir='ltr'><strong>recensentur,</strong></span> <span class='ocrx_word' id='word_1_596' title='bbox 1489 3020 1644 3062; x_wconf 81' lang='lat' dir='ltr'><strong>leguntur</strong></span> <span class='ocrx_word' id='word_1_597' title='bbox 1667 3020 1702 3051; x_wconf 90' lang='lat' dir='ltr'><strong>iu</strong></span> <span class='ocrx_word' id='word_1_598' title='bbox 1726 3028 1822 3061; x_wconf 86' lang='lat' dir='ltr'><strong>opere</strong></span> <span class='ocrx_word' id='word_1_599' title='bbox 1845 3019 1895 3052; x_wconf 87' lang='lat' dir='ltr'><strong>iu-</strong></span> 
     </span>
     <span class='ocr_line' id='line_1_55' title="bbox 100 3064 1716 3108; baseline -0.001 -11"><span class='ocrx_word' id='word_1_600' title='bbox 100 3064 234 3107; x_wconf 69' lang='lat' dir='ltr'><strong>scripta:</strong></span> <span class='ocrx_word' id='word_1_601' title='bbox 262 3065 336 3103; x_wconf 86' lang='lat' dir='ltr'><strong>„De</strong></span> <span class='ocrx_word' id='word_1_602' title='bbox 359 3065 495 3099; x_wconf 83' lang='lat' dir='ltr'><strong>Judiciis</strong></span> <span class='ocrx_word' id='word_1_603' title='bbox 521 3067 705 3099; x_wconf 85' lang='lat' dir='ltr'><strong>astrorum“</strong></span> <span class='ocrx_word' id='word_1_604' title='bbox 730 3065 1041 3108; x_wconf 85' lang='lat' dir='ltr'><strong>(Quadripartitum)</strong></span> <span class='ocrx_word' id='word_1_605' title='bbox 1066 3067 1198 3108; x_wconf 86' lang='lat' dir='ltr'><strong>passim,</strong></span> <span class='ocrx_word' id='word_1_606' title='bbox 1223 3067 1364 3098; x_wconf 86' lang='lat' dir='ltr'><strong>maxime</strong></span> <span class='ocrx_word' id='word_1_607' title='bbox 1389 3066 1444 3099; x_wconf 89' lang='lat' dir='ltr'><strong>lib.</strong></span> <span class='ocrx_word' id='word_1_608' title='bbox 1470 3065 1529 3098; x_wconf 90' lang='lat'><strong>111.</strong></span> <span class='ocrx_word' id='word_1_609' title='bbox 1557 3075 1631 3107; x_wconf 88' lang='lat' dir='ltr'><strong>cap.</strong></span> <span class='ocrx_word' id='word_1_610' title='bbox 1660 3064 1716 3097; x_wconf 87' lang='grc'><strong>10.</strong></span> 
     </span>
    </p>

    <p class='ocr_par' dir='ltr' id='par_1_9' title="bbox 193 3110 1899 3158">
     <span class='ocr_line' id='line_1_56' title="bbox 193 3110 1899 3158; baseline 0.001 -14"><span class='ocrx_word' id='word_1_611' title='bbox 193 3110 458 3152; x_wconf 73' lang='lat' dir='ltr'><strong>Vickeuius,</strong></span> <span class='ocrx_word' id='word_1_612' title='bbox 500 3122 576 3146; x_wconf 85' lang='lat' dir='ltr'><strong>cum</strong></span> <span class='ocrx_word' id='word_1_613' title='bbox 605 3113 735 3147; x_wconf 74' lang='lat' dir='ltr'><strong>facilem</strong></span> <span class='ocrx_word' id='word_1_614' title='bbox 765 3124 808 3147; x_wconf 84' lang='lat' dir='ltr'><strong>ex</strong></span> <span class='ocrx_word' id='word_1_615' title='bbox 837 3114 887 3145; x_wconf 71' lang='lat' dir='ltr'><strong>hi:</strong></span> <span class='ocrx_word' id='word_1_616' title='bbox 917 3114 1019 3146; x_wconf 84' lang='lat' dir='ltr'><strong>literis</strong></span> <span class='ocrx_word' id='word_1_617' title='bbox 1051 3114 1231 3157; x_wconf 84' lang='lat' dir='ltr'><strong>Keplerum</strong></span> <span class='ocrx_word' id='word_1_618' title='bbox 1265 3118 1487 3158; x_wconf 73' lang='lat' dir='ltr'><strong>cognosceret</strong></span> <span class='ocrx_word' id='word_1_619' title='bbox 1511 3113 1557 3147; x_wconf 80' lang='lat' dir='ltr'><strong>ad</strong></span> <span class='ocrx_word' id='word_1_620' title='bbox 1578 3112 1840 3157; x_wconf 73' lang='lat' dir='ltr'><strong>respondendum</strong></span> <span class='ocrx_word' id='word_1_621' title='bbox 1863 3117 1899 3146; x_wconf 78' lang='lat' dir='ltr'><strong>et</strong></span> 
     </span>
    </p>
   </div>
  </div>
 </body>
</html>
