2028 3242
673 87 715 119 ιι.
738 87 836 119 κω
861 87 1075 129 umam.
1690 85 1776 128 30⁷

0 191 100 239 lind
127 191 169 232 in
199 190 349 232 circulo
377 190 476 231 facit
506 190 685 232 infinitas
715 190 960 240 inflexionis,
993 191 1034 232 id
1065 191 1104 232 in
1138 192 1378 244 septangulo
1411 191 1512 232 facit
1542 191 1776 244 impossibi-

0 253 79 294 itas
109 249 275 297 duarum
305 249 491 290 continue
522 249 902 302 proportionalium,
945 262 998 290 ex
1027 263 1108 303 qna
1138 251 1267 290 fluunt
1296 250 1430 291 omnia
1459 250 1573 290 talia.
1632 251 1779 303 Itaque

0 322 84 351 lanc
115 308 244 350 solam
273 308 361 348 loco
393 309 566 349 omnium
597 308 1011 350 indemonstrabilium
1051 309 1364 350 consideremus.
1426 309 1538 350 Inter
1574 321 1778 362 quascun-

0 380 57 423 μιᾳ
88 367 189 408 duas
219 367 348 408 lineas
380 373 516 407 rectas
547 373 643 408 sunt
673 365 720 417 2,
752 365 794 416 4,
829 364 869 416 6,
902 364 931 408 8
962 367 1119 408 mediae
1149 368 1497 420 proportionales,
1539 380 1611 409 nec
1643 373 1779 409 tamen

0 426 149 468 nveniri
178 431 366 478 possunt,
411 425 488 466 nisi
519 438 592 478 per
621 426 893 469 mechanicum
925 425 1112 467 Platonis
1143 426 1472 475 (Eratosthenis)
1503 426 1777 473 mesolabinm.

0 486 27 526 d
56 497 136 528 non
166 489 233 525 est
260 484 302 525 in
331 490 474 525 nostra
502 485 799 534 imbecillitate,
832 485 906 525 sed
937 485 976 524 iu
1010 482 1161 525 natura
1187 485 1480 537 quantitatum
1530 485 1777 537 impossibile

0 544 89 586 mim
119 549 186 584 est
213 542 382 592 homini,
425 543 607 583 omnibus
644 543 729 584 suis
759 544 1019 595 conceptibus
1050 551 1389 596 conceptuninque
1422 543 1646 583 nominibus
1678 545 1776 591 (nu-

0 602 82 643 neri
113 603 248 643 autem
280 606 371 642 sunt
401 602 526 642 verba
552 604 864 654 geometrarum)
905 602 1115 645 enunciare
1147 603 1445 655 proportionem
1476 602 1616 643 harum
1646 602 1777 642 linea-

0 674 89 710 ιιιιι,
132 672 258 728 eaque
289 660 592 712 impossibilitas
622 674 672 700 ex
702 661 792 713 ipsa
822 667 985 710 natura,
1031 674 1120 702 cum
1150 667 1313 702 nostrae
1349 661 1495 702 mentis
1538 667 1623 702 tum
1649 673 1778 714 quan-

0 720 144 762 itatem
181 718 326 775 oritur,
376 718 436 759 ita
471 725 518 760 ut
554 719 790 772 simpliciter
826 720 880 760 sit
916 720 1176 772 impossibile.
1238 719 1350 760 Nihil
1387 719 1481 760 novi
1513 719 1622 768 dico;
1673 720 1780 760 idem

0 778 79 820 licit
106 777 296 818 Euclides
326 777 428 818 libro
449 778 521 825 lx,
556 779 713 831 quando
746 778 795 818 de
828 778 1000 819 numeris
1033 779 1243 831 quadratis
1274 785 1316 819 et
1347 791 1425 818 non
1446 778 1654 831 quadratis
1674 779 1772 831 agit,

0 837 17 879 i
46 837 134 890 ejus
164 835 440 880 conclusiones
472 841 680 888 aptentur,
715 843 758 877 et
787 851 867 877 una
898 837 949 877 ab
982 838 1063 878 alia
1095 838 1328 878 deducatur.
1390 837 1497 878 Nam
1527 837 1594 878 ubi
1627 833 1655 878 4
1686 843 1781 878 sunt

0 896 167 937 bntinne
198 895 541 948 proportionaleS‚
580 896 730 948 primus
769 902 831 936 est
864 897 915 936 ad
946 896 1127 936 ultimum
1168 902 1213 936 ut
1244 895 1369 942 cub-us
1400 895 1454 936 ad
1486 896 1648 944 cubum3
1702 896 1779 936 duo

0 955 168 996 =ontinue
196 954 518 1006 proportionales
548 967 625 995 non
657 955 856 995 intersunt
887 956 1054 995 numeri.
1116 955 1209 995 Etsi
1241 955 1365 1007 igitur
1395 954 1571 995 cossista
1597 955 1680 994 suis
1710 967 1780 995 re-

0 1013 88 1066 gulis
119 1012 272 1053 invenit
302 1013 593 1065 aequationem,
627 1025 664 1053 v.
688 1026 726 1066 g.
760 1014 987 1066 septanguli
1020 1019 1062 1054 et
1092 1013 1297 1061 diametri,
1330 1013 1510 1066 adeoque
1541 1013 1710 1053 aliarum
1741 1013 1783 1053 in

0 1072 128 1113 :irculo
158 1076 383 1120 rectarum,
415 1078 550 1112 tamen
582 1085 654 1112 nec
686 1073 877 1117 nominat.
910 1085 983 1112 nec
1015 1073 1243 1113 describere
1275 1073 1416 1121 docet,
1451 1072 1523 1112 sed
1555 1072 1672 1124 quasi
1703 1072 1782 1113 ali-

0 1131 86 1172 mde
114 1135 233 1171 notos
263 1130 387 1170 cubos
417 1130 683 1183 cnbornmqne
713 1131 836 1171 cubos
869 1132 940 1171 &c.
970 1132 1277 1183 praesupponit,
1313 1143 1401 1171 cum
1430 1136 1565 1171 tamen
1596 1131 1780 1183 nuspiam

0 1189 243 1238 nnotuerint;
279 1189 398 1241 jubet
427 1189 550 1241 igitur
579 1189 618 1229 id
651 1202 862 1242 quaerere,
908 1191 1014 1243 quod
1046 1190 1281 1242 simpliciter
1311 1189 1482 1229 inveniri
1513 1202 1590 1229 non
1623 1196 1772 1242 potest,

0 1248 75 1290 ubi
104 1261 163 1289 sc.
195 1249 328 1296 latus,
360 1248 428 1300 qui
459 1248 692 1300 exprimitur
722 1261 885 1289 numero
917 1261 995 1289 non
1027 1249 1188 1296 cubico,
1221 1247 1444 1300 cujusmodi
1475 1248 1591 1288 radix
1622 1248 1784 1301 quidem

0 1306 146 1360 »rapina
187 1306 441 1352 accedendo,
489 1307 563 1346 sed
601 1319 801 1359 nunqnam
840 1308 959 1359 plane
1002 1308 1270 1360 cognoscitur.
1333 1308 1379 1347 In
1424 1319 1603 1356 summa,
1649 1307 1784 1349 omnia

0 1365 223 1418 mjusmodi,
253 1377 356 1418 quae
386 1377 475 1405 cum
504 1365 588 1405 sint
617 1365 760 1406 in'suo
791 1366 1076 1407 mathematico
1110 1366 1312 1406 essentiae
1334 1378 1493 1417 genere,
1526 1365 1611 1406 fieri
1645 1371 1783 1406 tamen

0 1437 61 1466 lon
90 1428 280 1477 possunt,
312 1423 385 1464 illa
413 1423 598 1464 videntur
628 1430 740 1472 ante,
776 1420 917 1473 extra?
936 1431 1115 1477 praeter,
1149 1431 1290 1465 contra
1322 1430 1503 1464 nostram
1534 1424 1783 1467 intellectio-

0 1495 75 1524 lem
105 1495 209 1523 esse.
270 1481 353 1523 Sed
385 1482 515 1530 dicas,
562 1495 638 1522 non
672 1483 806 1535 sequi,
851 1490 895 1523 nt
932 1490 1104 1536 nequeat
1135 1484 1246 1531 sciri,
1298 1483 1403 1535 quod
1435 1483 1555 1523 fuerit
1585 1483 1781 1524 hactenus

0 1542 205 1590 rescitum3
246 1547 362 1593 petes
393 1553 535 1593 nempe
567 1542 975 1591 demonstrationem,
1022 1555 1123 1594 quae
1169 1542 1405 1587 convincat,
1450 1541 1549 1581 haec
1579 1542 1675 1582 sciri
1707 1555 1783 1582 sua

0 1606 131 1642 natura
160 1600 335 1652 nequire.
384 1599 485 1640 Esto
518 1613 626 1652 ergo,
659 1606 703 1640 ut
727 1601 861 1653 possit
885 1602 992 1641 sciri.
1055 1600 1195 1641 Scire
1227 1601 1266 1640 in
1298 1600 1555 1652 geometricis
1587 1606 1664 1650 est,
1697 1613 1781 1641 rem

0 1671 55 1700 »er
86 1671 251 1701 cansam
281 1659 487 1699 formalem
519 1671 772 1711 cognoscere.
833 1661 894 1700 At
924 1660 1103 1700 formalis
1136 1673 1261 1700 causa
1300 1660 1439 1699 horum
1469 1659 1571 1698 baec
1602 1665 1691 1708 est,
1736 1664 1784 1699 ut

0 1717 188 1765 zonciljari
218 1729 297 1757 non
325 1717 495 1769 possint.
556 1717 647 1757 Nisi
680 1719 784 1757 enim
826 1724 922 1758 sunt
963 1720 1040 1759 duo
1081 1724 1263 1758 extrema
1304 1718 1422 1766 cubi,
1478 1718 1554 1757 duo
1595 1718 1782 1758 continue

0 1776 117 1817 nedia
145 1776 462 1828 proportionalia
492 1788 569 1815 non
602 1783 695 1827 sunt
726 1777 889 1826 numeri,
923 1778 1026 1829 qnod
1057 1778 1204 1830 probat
1234 1777 1424 1816 Euclides
1458 1777 1525 1816 lib.
1549 1777 1623 1816 IX.
1676 1775 1782 1817 Sciri

0 1847 81 1887 ergo
113 1834 264 1887 poterit
291 1834 356 1882 id,
401 1835 504 1888 quod
537 1835 737 1875 enunciari
769 1848 845 1875 non
876 1841 1041 1887 potest;
1091 1836 1166 1876 hoc
1196 1848 1292 1876 vero
1324 1835 1562 1884 absurdum,
1609 1835 1702 1875 sciri
1725 1835 1781 1884 id,

0 1894 87 1947 fluod
118 1906 197 1934 non
228 1898 307 1934 est.
365 1891 564 1945 objicias,
611 1895 771 1946 nequire
804 1894 978 1934 construi
1011 1895 1303 1947 rectiangulum,
1351 1893 1447 1934 sciri
1479 1900 1614 1934 tamen
1644 1906 1778 1946 posse.

0 1953 101 2005 flego
131 1951 238 1993 sciri.
300 1952 489 1992 Nescitur
521 1953 644 2000 basis,
678 1953 771 1993 dum
802 1954 1040 2006 quadratum
1073 1955 1218 1994 baseos
1250 1954 1387 1993 scitur.

99 2011 246 2058 Dicas,
286 2011 360 2050 hoc
390 2011 514 2051 etiam
543 2011 660 2051 modo
704 2012 796 2052 sciri
838 2012 987 2064 aliquid
1018 2013 1068 2053 de
1099 2012 1126 2053 2
1158 2012 1301 2052 mediis
1332 2012 1518 2052 continue
1549 2011 1781 2064 proportio-

0 2069 153 2115 nalibus,
183 2070 264 2110 etsi
290 2070 407 2122 ipsae
438 2070 680 2111 nesciantur.
743 2069 904 2116 Quaero
936 2083 1050 2123 ergo,
1090 2072 1278 2124 quidnam
1308 2071 1405 2111 illud
1436 2071 1502 2119 sit,
1537 2071 1641 2123 quod
1672 2071 1782 2111 scia-

3 2140 49 2168 ιιι·
89 2128 140 2168 de
181 2128 322 2169 hisce?
384 2126 486 2170 Cum
516 2129 619 2169 enim
657 2127 683 2169 3
715 2134 873 2169 tantum
911 2131 1065 2181 species
1107 2136 1202 2170 sunt
1244 2129 1483 2182 quantitatis
1526 2129 1780 2169 rectilineae:

0 2188 103 2232 inea,
135 2186 383 2238 superficies,
417 2199 578 2238 corpus,
611 2188 736 2226 scitur
766 2194 836 2227 aut
867 2188 956 2239 ipsa
986 2195 1153 2240 utraque
1185 2189 1335 2238 media,
1380 2189 1484 2240 quod
1516 2189 1661 2228 falsum
1692 2202 1782 2228 esse

0 2259 26 2285 ιι
56 2245 242 2298 confesso
272 2250 356 2293 est,
400 2251 471 2285 aut
501 2258 668 2296 corpu8‚
702 2246 806 2297 quod
839 2247 1042 2298 quaeritur
1073 2247 1216 2293 (cubus
1249 2247 1300 2286 ab
1331 2247 1421 2298 ipsa
1450 2247 1583 2291 media
1616 2249 1781 2296 iactus),

5 2309 56 2346 ut
87 2295 329 2356 superficies,
361 2315 478 2354 qnam
508 2303 709 2356 quaelibet
740 2304 845 2343 linea
877 2305 988 2352 facit,
1021 2306 1125 2356 quod
1154 2317 1247 2344 mox
1278 2305 1632 2345 considerabimus.
1688 2306 1781 2345 Jam

10 2358 267 2404 ecurrendum
311 2367 375 2401 est
418 2362 507 2402 huic
549 2362 785 2413 objectioni:
831 2362 956 2402 scitur
995 2364 1180 2414 planum,
1226 2364 1329 2415 quod
1354 2363 1700 2415 comprehenditur
1732 2365 1782 2404 ab

11 2427 166 2474 traque,
198 2434 291 2461 nam
320 2421 364 2461 id
395 2420 560 2472 aequale
592 2426 657 2460 est
686 2421 918 2472 rectangulo
951 2421 1023 2460 sub
1056 2421 1262 2461 extremis.
1322 2421 1590 2473 Responde0:
1632 2422 1672 2461 id
1705 2435 1783 2463 non

11 2485 53 2520 at
81 2480 326 2532 distinguere
357 2479 558 2530 singulas;
591 2479 651 2518 ita
682 2480 847 2518 confusa
878 2484 941 2518 est
971 2479 1071 2519 haec
1102 2479 1260 2528 notitia,
1294 2492 1383 2519 cum
1414 2493 1488 2519 nos
1522 2480 1571 2519 de
1592 2480 1784 2521 distincta

13 2551 239 2579 uaeramus.
301 2539 367 2578 Ita
395 2538 563 2584 scimus,
596 2537 703 2590 quod
734 2538 884 2577 factum
923 2538 999 2576 sub
1028 2538 1156 2590 prima
1195 2544 1238 2578 et
1268 2538 1391 2578 tertia
1422 2539 1607 2590 quaesita
1637 2540 1785 2580 debeat

14 2598 154 2650 equari
185 2597 379 2650 quadrato
412 2597 624 2645 secundae,
658 2596 763 2648 quod
794 2597 983 2644 nescitur,
1015 2602 1061 2635 ut
1092 2602 1134 2636 et
1163 2597 1308 2636 tertiae
1341 2597 1592 2649 quadratum,
1624 2599 1673 2637 de
1706 2611 1783 2651 quo

15 2661 156 2704 ostea;
211 2656 397 2696 similiter
447 2655 551 2707 quod
602 2655 751 2695 factum
801 2654 874 2693 sub
917 2655 1093 2694 secunda
1136 2655 1320 2708 quaesita
1363 2661 1406 2694 et
1449 2661 1593 2707 quarta
1635 2657 1789 2697 debeat

15 2714 151 2767 equari
171 2715 366 2767 quadrato
397 2715 554 2762 tertiae,
589 2714 692 2765 quod
725 2712 913 2752 nescitur.
966 2713 1053 2752 Hae
1074 2718 1157 2752 tres
1182 2714 1348 2753 notitiae
1370 2714 1489 2767 nobis·
1507 2714 1782 2755 discriminant

17 2785 91 2814 uas
120 2773 345 2825 quaesitas,
389 2786 463 2812 nec
495 2772 656 2815 sistunt,
674 2772 767 2811 illas
812 2771 852 2810 in
882 2771 1130 2811 intellectum
1163 2778 1362 2819 nostrum,
1407 2777 1571 2824 propter
1601 2773 1781 2813 infinita-

19 2844 73 2872 ,ιιι
102 2832 482 2883 subingredienoem,
514 2828 722 2871 et'tamen
755 2829 1032 2869 discriminant
1061 2831 1154 2869 illas
1186 2836 1302 2870 extra
1332 2831 1579 2870 intellectum
1603 2837 1784 2872 nostrum

20 2904 30 2929 ι
61 2903 133 2930 suo
164 2903 310 2943 genere
341 2891 566 2939 essentiae,
599 2890 840 2940 faciuntque,
873 2893 920 2927 ut
949 2888 1025 2927 hae
1055 2901 1133 2928 non
1165 2889 1268 2929 aliae
1300 2901 1388 2928 esse
1419 2889 1590 2940 possint.
1653 2889 1784 2931 Simili

59 2949 69 2958 '
89 2949 160 2989 'ori
201 2962 286 2990 rem
327 2949 552 2989 illustrabo.
622 2948 715 2989 Scio
760 2947 905 2986 baseos
949 2946 988 2985 in
1029 2947 1231 2999 triangulo
1274 2949 1507 2999 rectangulo
1547 2949 1783 3001 quadratum

114 3009 282 3059 aequale
313 3007 518 3060 quadratis
549 3005 830 3060 adjacentium,
862 3004 997 3045 nescio
1025 3005 1310 3057 longitudinem
1340 3007 1499 3056 baseos,
1532 3007 1570 3046 h.
1592 3020 1627 3046 e.
1655 3021 1781 3048 enun-

32 3077 98 3105 are
128 3078 207 3106 non
236 3078 412 3119 possum.
475 3066 648 3107 Tantum
678 3066 752 3105 hoc
785 3063 880 3112 scio,
915 3063 948 3103 si
980 3065 1061 3104 tale
1095 3065 1332 3118 quadratum
1364 3065 1521 3115 faciam,
1555 3066 1699 3107 fecisse
1719 3080 1782 3107 me

1420 3134 1500 3169 20*
