2028 3242
773 41 815 75 ao
838 41 934 76 robus
960 41 1176 85 analogicis.
1792 35 1877 79 313

72 149 203 192 Rheni
230 153 388 191 tractus
416 148 675 189 contremuit:
717 148 855 201 itaque
883 147 972 199 jam
1002 138 1095 187 non*
1113 146 1218 198 apud
1248 157 1323 186 vos
1354 143 1502 192 solum,
1547 144 1620 185 sed
1650 148 1695 184 et
1722 144 1764 185 in
1797 143 1877 184 Al-

74 208 199 258 sada,
229 207 551 260 Luxemburgia‚
582 207 835 259 Burgundia‚
869 205 1029 254 Gallia,
1062 204 1252 245 Helvetia
1289 203 1392 244 varii
1422 208 1579 253 motus,
1613 203 1705 244 dum
1735 202 1878 255 religio

72 267 138 309 vel
168 266 459 320 suspicionibus
501 267 566 306 vel
596 279 639 307 re
669 267 759 319 ipsa
798 265 943 317 agitur.
1005 262 1114 311 Quid
1145 264 1338 305 faciemus
1375 275 1449 302 nos
1490 262 1548 303 illi
1587 262 1768 311 Palladi,
1813 274 1877 309 ne,

73 327 167 368 dum
208 326 369 367 hastam
409 325 563 373 vibrat,
609 326 761 366 coelum
804 323 1046 376 perturbet?
1107 321 1273 363 Scilicet
1316 321 1369 362 ad
1401 321 1529 362 Deum
1568 320 1878 374 confugiendum

73 385 215 434 unios,
256 390 301 425 et
342 397 393 425 ex
435 384 499 425 his
527 384 764 437 promiscuis
794 383 903 423 vitae
943 382 1105 422 casibus
1145 380 1395 422 dediscenda
1432 381 1522 420 vita
1552 381 1668 433 ipsa,
1714 385 1760 420 ut
1790 392 1878 420 eam

74 449 189 486 tanto
220 443 398 496 aequiori
429 443 560 484 animo
589 455 796 496 ponamus,
829 454 917 482 cum
948 453 1125 481 summus
1155 440 1225 480 ille
1249 438 1422 492 jusserit
1439 438 1673 492 imperator.
1728 438 1879 480 Cetera

75 515 127 543 ex
145 507 220 543 ·:te
270 514 348 555 quo
377 502 483 542 enim
513 501 587 542 tibi
618 501 801 569 exemplo
833 500 1071 540 documenta
1117 499 1213 540 dare
1244 510 1428 551 possem,
1472 498 1514 538 id
1545 499 1631 551 jam
1678 503 1720 538 et
1757 498 1797 537 iu
1837 502 1879 537 te

74 562 175 615 proh
207 561 323 602 dolor
350 560 557 612 experiris,
589 566 632 600 et
661 561 805 612 cuique
833 571 911 599 non
943 558 1113 598 alienum
1134 557 1370 610 exemplum,
1402 557 1475 597 sed
1507 569 1602 597 suus
1633 569 1754 597 casus
1781 568 1879 607 gra-

75 620 277 662 vissimus.
337 618 427 672 Ego
458 619 508 660 de
538 625 599 669 te,
644 619 698 660 mi
736 617 923 664 Fabrici,
966 617 1017 658 ob
1055 617 1249 659 Uraniam
1293 622 1473 657 nostram
1511 616 1713 670 privatam
1757 615 1881 655 etiam

76 680 142 720 alo
172 677 493 726 sollicitudinem,
524 691 641 731 quam
673 684 789 718 tanto
820 676 949 729 magis
981 677 1205 725 confirmas,
1240 680 1389 728 quanto
1420 680 1462 716 te
1495 675 1613 716 video
1645 673 1881 727 diligentio-

76 750 160 779 rem
187 737 230 778 in
261 737 564 791 quamtionibus
596 736 882 790 proponendis.

194 795 278 836 Sed
308 795 361 836 ad
390 809 490 838 rem.
553 797 717 837 Literas
749 808 881 844 meaS‚
909 807 998 847 sup.
1032 793 1200 835 Octobri
1233 793 1429 846 scriptas,
1472 805 1546 846 per
1575 785 1802 832 ministrum
1834 791 1881 831 L.

76 857 125 896 B.
157 869 183 895 a
211 854 498 896 Dietrickstein
530 855 661 907 (cnjus
694 867 782 895 cum
813 854 905 902 filio,
939 867 1064 907 nuper
1094 854 1132 892 in
1164 852 1345 904 Ungaria
1376 851 1618 892 variolorum
1656 856 1699 890 et
1730 850 1880 904 dysen-

78 914 205 955 teriae
234 913 353 954 malis
384 914 576 963 extincto,
610 913 674 954 hic
707 914 745 954 in
778 913 1017 981 colloquium
1049 912 1217 959 venisti)
1256 912 1307 951 ad
1340 924 1482 951 manus
1515 909 1756 951 Cancellarii
1788 908 1880 948 Fri-

77 973 162 1014 saei
194 973 275 1020 (sic
304 972 447 1012 habuit
475 971 702 1024 inscriptio)
733 971 1016 1021 transmissas,
1055 970 1129 1012 tibi
1161 983 1256 1011 vero
1285 969 1525 1022 inscriptas,
1557 974 1656 1021 puto
1686 973 1728 1008 te
1761 979 1881 1007 acce-

76 1032 208 1085 pisse;
258 1031 441 1084 quamvis
473 1030 749 1072 Cancellarius
788 1030 885 1070 mihi
915 1029 1183 1078 recensuerit,
1229 1041 1276 1069 eo
1308 1029 1397 1082 ipso
1429 1033 1609 1080 tempore
1641 1040 1684 1067 se
1717 1025 1880 1075 abiisse,

79 1104 155 1143 quo
186 1090 254 1131 ille
286 1090 520 1139 advenerat,
552 1103 626 1130 nec
657 1090 807 1130 vidisse
838 1090 914 1130 has
946 1090 1100 1130 literas.
1162 1088 1338 1141 Require
1370 1087 1493 1140 igitur
1524 1087 1576 1127 ab
1595 1086 1681 1140 ejus
1713 1084 1880 1126 familia.

78 1150 153 1190 His
184 1149 313 1190 literis
345 1149 395 1188 ad
428 1155 586 1201 partem
616 1154 788 1194 tuarum,
822 1161 921 1201 quas
954 1162 1004 1189 ex
1026 1147 1328 1200 Archiepiscopi
1354 1147 1470 1187 domo
1497 1146 1646 1198 accepi,
1679 1144 1881 1197 respondi.

79 1209 142 1249 Ex
179 1220 228 1248 eo
268 1213 448 1260 tempore
491 1208 607 1248 binas
651 1208 755 1248 alias
798 1207 937 1260 accepi
979 1209 1119 1248 eodem
1163 1212 1341 1259 tempore
1386 1220 1411 1246 a
1441 1206 1584 1246 Franc.
1620 1203 1883 1256 Tengnaglio,

79 1279 245 1320 quarum
273 1266 314 1306 in
345 1267 626 1319 praesentibus
657 1266 899 1307 mentionem
931 1267 1051 1308 facis.
1111 1266 1201 1318 Ego
1233 1266 1271 1305 in
1313 1265 1394 1305 illis
1427 1264 1507 1305 tuis
1538 1262 1882 1315 Archiepiscopa-

81 1326 184 1366 libus
225 1337 392 1378 pergam
433 1325 569 1375 initio,
610 1332 728 1379 post,
774 1326 809 1366 si
855 1326 948 1377 quid
993 1326 1084 1366 novi
1132 1324 1331 1377 scripsisti
1369 1324 1408 1364 in
1453 1322 1713 1376 sequentibus
1744 1321 1885 1363 itidem

80 1385 296 1425 ruminabo.

174 1454 418 1487 Fabricius.
468 1453 663 1493 Quaeritur,
701 1464 745 1487 an
776 1456 900 1498 signa
932 1453 1163 1490 eoelestia,
1205 1453 1256 1485 vel
1280 1453 1474 1495 magnitudo
1500 1450 1544 1483 12
1569 1453 1736 1495 signorum
1760 1452 1885 1484 consti-

82 1501 207 1542 nenda
238 1501 284 1534 nit
314 1502 423 1544 potius
457 1506 609 1543 respectu
643 1507 751 1534 motus
783 1502 883 1534 medii
917 1503 970 1534 vel
988 1499 1094 1534 veri?
1142 1500 1189 1533 Ut
1213 1510 1320 1532 annus
1345 1504 1433 1532 totus
1463 1501 1497 1532 iu
1523 1498 1567 1530 12
1593 1499 1750 1554 aequales
1774 1504 1886 1541 partes

83 1549 246 1586 dividitur,
269 1548 319 1581 ita
342 1553 378 1581 ot
400 1548 528 1581 eoelum
553 1549 762 1582 dividendum
786 1554 875 1582 osset
898 1550 933 1581 in
962 1547 1004 1580 ¹²
1021 1553 1145 1590 partes,
1170 1557 1256 1590 quae
1280 1548 1558 1590 signavoeantur.
1609 1546 1644 1579 Si
1668 1547 1703 1578 in
1727 1546 1884 1588 aequales

84 1602 195 1638 parte·
218 1595 347 1629 eoelum
370 1595 543 1633 dividitur.
569 1600 648 1629 tune
673 1606 810 1629 neeesse
835 1603 897 1634 est,
922 1596 1003 1628 illud
1026 1596 1097 1628 fieri
1123 1595 1243 1628 debere
1268 1596 1395 1627 ratione
1419 1594 1519 1626 medii
1542 1598 1651 1626 motus
1675 1598 1711 1626 et
1734 1603 1800 1626 non
1825 1603 1885 1635 ap-

83 1643 249 1685 parentis,
287 1643 343 1684 qui
365 1643 528 1675 interdum
554 1643 684 1686 aequali
707 1645 863 1685 temporis
886 1645 994 1685 spatio
1018 1643 1160 1679 tardior,
1200 1647 1234 1674 et
1258 1643 1305 1673 sic
1338 1642 1486 1684 longiora
1516 1642 1613 1684 signa
1637 1642 1782 1678 ἴωπας
1823 1640 1883 1673 ali-

84 1689 216 1732 quando
240 1689 387 1727 adorior,
412 1693 448 1722 et
469 1691 518 1722 sic
541 1690 689 1723 breviora
713 1691 820 1733 signa.
869 1691 967 1723 Hane
992 1691 1219 1732 quaestoriam
1245 1699 1312 1721 non
1337 1698 1457 1721 vanam
1480 1692 1608 1730 putato.

200 1737 471 1789 Keplerns:
521 1738 583 1777 De
615 1738 895 1778 distributione
928 1738 1131 1790 signorum
1170 1737 1404 1776 coelestium
1438 1749 1514 1776 non
1547 1749 1651 1775 vana
1681 1735 1813 1788 inquis
1842 1741 1885 1774 te

85 1808 290 1849 quaerere.
352 1794 660 1837 Consideremus
692 1810 802 1837 usus.
865 1796 909 1836 Si
941 1797 992 1836 ob
1024 1796 1359 1843 numerationem,
1403 1796 1444 1834 in
1487 1800 1681 1847 promtu
1695 1807 1762 1834 res
1807 1800 1883 1840 est,

86 1867 176 1895 eam
208 1855 417 1907 aequalem
456 1867 546 1895 esse
587 1856 751 1904 debere,
798 1862 839 1896 et
869 1855 1142 1908 pulchrorum,
1187 1854 1508 1903 articulatorum‚
1554 1859 1674 1906 captu
1710 1853 1887 1893 facilium

86 1925 350 1963 numerorum,
382 1914 467 1954 sine
500 1914 580 1954 ullo
613 1920 745 1955 motus
777 1921 974 1967 respectu,
1006 1915 1078 1954 sed
1109 1927 1203 1954 vere
1235 1913 1477 1962 distributio,
1510 1918 1701 1967 tanquam
1731 1912 1888 1952 itineris

87 1972 127 2012 in
157 1978 303 2012 metas.
366 1971 412 2013 Si
443 1973 494 2012 ob
526 1973 701 2013 dominia
732 1987 781 2013 ea
813 1981 854 2014 et
893 1974 1042 2014 limites
1075 1973 1399 2025 jurisdictionum
1430 1971 1768 2024 planetariarum‚
1813 1983 1887 2022 age

89 2036 134 2071 ut
164 2030 351 2079 libuerit3
394 2043 470 2081 ego
500 2037 629 2071 totum
661 2033 863 2084 negotium
894 2045 1038 2072 vanum
1069 2037 1187 2084 puto,
1233 2031 1308 2071 nisi
1347 2037 1544 2083 quatenus
1586 2044 1611 2070 a
1643 2029 1733 2070 fixis
1765 2035 1807 2070 et
1838 2031 1888 2069 ab

91 2088 303 2129 altitudine
346 2090 498 2130 orbium
530 2091 677 2142 aliquid
722 2091 951 2132 ratiocinari
993 2091 1207 2143 possimus.
1270 2088 1376 2136 Quid
1409 2089 1542 2130 enim?
1604 2088 1677 2130 Sol
1714 2095 1887 2141 quotan-

90 2147 153 2188 nis
192 2159 319 2188 novas
361 2149 537 2200 planetis
580 2150 764 2198 tabulas,
807 2163 933 2190 novos
977 2150 1126 2190 limites
1168 2149 1440 2189 describeret?
1501 2149 1566 2188 An
1598 2161 1678 2187 non
1708 2148 1814 2188 idem
1846 2154 1888 2187 et

90 2207 207 2246 Luna
236 2205 418 2246 faceret?
479 2207 590 2246 Idem
620 2213 663 2247 et
702 2209 826 2249 ceteri
856 2209 1079 2260 planetae?
1140 2207 1184 2247 Si
1218 2207 1268 2246 ob
1301 2213 1514 2259 aspectus,
1558 2219 1716 2247 rursum
1747 2205 1889 2246 distri-

92 2264 295 2305 butionem
324 2270 486 2316 oportet
516 2278 606 2304 esse
639 2267 865 2318 aequalem,
909 2271 978 2306 aut
1007 2267 1046 2306 in
1080 2266 1357 2318 inaequalibus
1388 2265 1436 2305 iis
1470 2265 1736 2318 inaequaliter
1768 2265 1890 2305 etiam

91 2322 346 2372 numerandi,
380 2335 452 2363 nec
484 2337 509 2363 a
538 2321 676 2371 2¹⁰11
706 2324 745 2364 iu
777 2323 904 2374 21033
936 2325 1093 2364 sextilis
1126 2325 1216 2373 erit,
1249 2323 1320 2363 sed
1353 2338 1379 2363 a
1409 2322 1548 2371 21011
1577 2324 1615 2363 in
1644 2321 1770 2372 22052
1803 2324 1888 2362 for-

92 2388 218 2421 tasse.
281 2380 326 2421 Si
358 2381 526 2434 denique
557 2383 608 2422 ob
639 2382 894 2431 directiones,
934 2383 997 2423 hic
1029 2396 1126 2422 sane
1158 2390 1289 2422 tecum
1330 2394 1406 2433 ego
1438 2383 1569 2422 sentio
1599 2382 1639 2421 in
1671 2394 1759 2422 meo
1791 2381 1890 2422 diri-

91 2440 211 2492 gendi
242 2441 374 2483 modo.
435 2441 540 2480 Nam
572 2454 688 2481 arcus
719 2442 951 2493 eclipticae,
996 2455 1021 2481 a
1052 2440 1387 2494 significatoribus
1418 2440 1618 2487 inchoati,
1664 2440 1893 2480 dividuntur

28 2487 38 2504 ’
93 2498 133 2538 in
163 2499 302 2551 spatia
345 2499 530 2550 aequalia
566 2499 717 2539 diurnis
753 2500 926 2540 motibus
971 2499 1079 2540 Solis
1117 2501 1200 2552 ejus
1238 2499 1405 2547 mensis,
1444 2499 1483 2539 iu
1516 2511 1592 2551 quo
1624 2504 1690 2538 est
1718 2498 1892 2550 genesis.

95 2557 139 2596 In
178 2559 420 2599 ascendente
462 2570 557 2598 vero
602 2563 645 2598 et
685 2559 815 2598 medio
858 2558 959 2598 coeli
1004 2571 1119 2598 arcus
1161 2558 1391 2610 aequatoris
1430 2557 1659 2598 dividuntur
1688 2557 1729 2598 in
1760 2557 1895 2609 spatia

43 2614 45 2617 ’
95 2617 278 2668 aequalia
317 2616 617 2656 ascensionibus
658 2617 778 2657 rectis
819 2617 1045 2657 diurnorum
1082 2616 1206 2657 Solis.
1270 2616 1352 2656 Sed
1390 2616 1638 2664 memineris,
1683 2617 1758 2657 hoc
1803 2630 1894 2657 esse

96 2674 280 2727 dirigere,
311 2681 354 2715 et.
384 2688 462 2715 non
494 2675 730 2715 distribuere
762 2676 994 2716 zodiacum:
1027 2676 1137 2715 illam
1166 2676 1364 2715 rationem
1383 2675 1632 2723 variabilem,
1665 2675 1767 2716 hanc
1797 2688 1894 2727 per-

95 2738 256 2784 petuam
286 2746 376 2773 esse
407 2734 606 2774 convenit.

62 2838 67 2841 ,
214 2791 277 2831 De
308 2793 594 2844 astrologia
625 2805 725 2844 quae
747 2791 889 2843 scripsi
920 2792 971 2831 ad
1003 2797 1058 2841 te,
1092 2791 1198 2831 seria
1229 2791 1386 2843 accipe;
1419 2804 1510 2831 nam
1541 2791 1575 2831 si
1602 2791 1702 2832 bene
1721 2793 1892 2841 memini,

98 2861 121 2888 e
152 2849 407 2902 dogmatibus
440 2856 482 2890 et
512 2851 705 2902 exemplis
737 2850 917 2896 ostendi,
960 2862 1022 2890 me
1060 2863 1137 2889 non
1175 2855 1303 2889 totam
1342 2850 1582 2890 convellere.
1644 2850 1705 2890 Tu
1736 2853 1770 2892 si
1802 2851 1894 2904 quid

100 2907 164 2948 hic
192 2909 461 2960 praestiteris,
492 2910 652 2949 laudem
683 2915 797 2949 tanto
829 2908 1035 2960 majorem,
1069 2921 1185 2960 qnam
1219 2921 1307 2959 ego,
1338 2908 1587 2959 reportabis,
1621 2914 1769 2962 quanto
1799 2923 1896 2964 pro-

99 2965 190 3016 pius
219 2967 440 3017 astrologia
470 2968 523 3007 ad
554 2981 649 3008 usus
681 2968 873 3008 humanos
906 2967 1075 3015 accedit,
1109 2972 1257 3018 quanto
1289 2966 1388 3006 haec
1420 2966 1605 3007 subtilior
1634 2969 1895 3010 astronomia.

46 3048 54 3075 5
102 3023 252 3064 Verum
301 3025 423 3075 scito,
466 3026 635 3078 primum
680 3032 800 3079 atque
837 3032 881 3066 tu
913 3030 1043 3066 metas
1081 3024 1281 3078 ἀκριβειας
1312 3030 1354 3064 et
1384 3025 1526 3066 virium
1556 3026 1717 3068 humani
1748 3028 1895 3081 ingenii
