2028 3242
160 107 245 150 242
901 106 1063 148 Apologia
1087 105 1250 146 Tychonis

161 227 227 254 ses
259 213 571 262 astronomicas,
615 212 690 260 ait,
743 224 833 252 esse
874 211 1047 251 effictam
1082 211 1393 251 delineationem
1438 211 1698 263 imaginariae
1736 223 1813 252 non
1855 206 1975 252 verae

160 279 202 312 et
231 272 426 325 genuinae
465 272 615 312 formae
648 270 883 325 systematis
917 270 1118 312 mundani.
1184 269 1339 316 Quibus
1385 270 1518 310 verbis
1561 275 1700 323 aperte
1736 275 1861 321 negat
1897 270 1973 324 hy-

158 331 344 384 pothesin
378 344 489 376 esse,
535 344 637 383 quae
670 343 747 370 non
780 331 982 370 sitfalsa.
1047 328 1269 370 Confirmat
1301 330 1402 369 hanc
1435 342 1548 369 suam
1579 329 1822 370 sententiam
1852 329 1973 382 paulo

160 396 270 443 post,
311 390 375 430 ubi
410 390 485 439 ait,
526 390 622 430 nihil
658 390 766 430 aliud
799 402 889 429 esse
923 389 1190 442 hypotheses,
1237 401 1356 441 quam
1389 393 1615 442 commenta
1647 389 1856 442 quaedam,
1919 387 1975 427 Et

158 450 322 490 inferius
355 449 425 498 ait,
458 462 537 489 non
571 450 654 489 fore
686 449 931 501 hypotheses
964 449 997 488 si
1032 461 1149 488 verae
1187 448 1280 488 sint.
1353 448 1473 488 Item:
1507 447 1710 500 proprium
1734 459 1824 487 esse
1843 448 1975 501 hypo-

160 509 356 554 thesium,
398 521 447 547 ex
481 509 584 548 falso
619 521 756 548 verum
789 508 1002 548 sciscitari.
1066 506 1201 553 Quare
1243 507 1460 547 secundum
1492 507 1596 547 hanc
1627 506 1871 547 sententiam
1902 518 1975 546 nec

162 568 382 608 movebitur
416 568 541 607 Terra
585 581 658 607 nec
691 567 883 618 quiescet.
946 566 1168 618 Utramque
1202 566 1306 606 enim
1323 566 1580 619 ‘hypothesin
1610 566 1738 606 Ursus
1771 565 1975 606 fatebitur

148 627 215 671 ,Et
245 627 354 667 mille
386 627 499 666 talia.
564 626 645 666 Sed
679 627 754 666 hoc
786 630 1009 682 monstrum
1042 625 1283 666 definitionis
1318 625 1403 677 jam
1435 631 1557 666 antea
1589 624 1691 665 satis
1723 630 1788 664 est
1818 625 1977 665 refuta-

161 692 243 726 tum
287 699 360 726 nec
392 685 527 726 verbis
561 686 722 737 dignuin
756 691 832 725 est.
897 685 1000 724 Tota
1032 685 1159 725 series
1187 698 1364 725 errorum
1396 692 1459 725 est
1491 698 1541 724 ex
1573 683 1738 725 sinistro
1771 684 1977 724 intellectu

163 746 308 800 etymi:
343 742 633 792 ὑποτιθεσθαι,
679 745 784 796 quod
816 745 921 785 Urso
947 744 1106 784 videtui
1144 744 1248 784 idem
1281 757 1371 784 esse
1404 745 1508 796 quod
1541 744 1702 796 fingere.
1766 743 1827 784 At
1857 755 1979 796 supra

162 805 346 853 diximus,
381 804 469 856 quis
502 804 587 856 ejus
621 804 674 844 sit
706 803 956 855 significatus
989 804 1093 855 apud
1126 808 1366 855 geometras.
1768 819 1772 824 ¹

279 863 434 903 Deinde
469 863 725 916 hypotheses,
754 863 824 909 ait,
857 863 1026 914 confingi
1060 862 1110 902 ad
1139 862 1413 903 observandos
1439 866 1568 902 motus
1590 861 1802 901 coelestes.
1865 861 1978 901 Haec

161 923 364 963 sententia
396 935 416 961 e
440 922 635 961 diametro
656 927 809 974 pugnat
840 934 927 961 eum
973 922 1158 962 veritate.
1221 922 1358 961 Motus
1403 921 1601 961 coelestes
1634 920 1848 961 observare
1878 932 1978 973 pos-

162 994 320 1029 sumus,
367 981 478 1021 nulla
521 981 638 1033 plane
683 981 824 1021 imbuti
857 980 1039 1033 opinione
1082 980 1200 1021 ullius
1234 980 1510 1033 dispositionis
1543 979 1755 1021 coelorum.
1817 978 1979 1020 Etenim

163 1041 392 1081 observatio
426 1045 603 1097 motuum
634 1039 892 1093 coelestium
909 1045 1162 1091 astronomos
1193 1041 1418 1091 ιημιιςιιιςιὲιι
1430 1039 1508 1087 ad„
1510 1027 1981 1095 chefflffie

158 1096 480 1150 constituendas
515 1112 591 1139 non
615 1113 634 1139 e
657 1099 871 1139 contrario.
936 1097 1053 1145 Quod
1087 1099 1190 1139 enim
1222 1099 1262 1139 in
1296 1099 1399 1139 omni
1421 1098 1647 1151 cognitione
1681 1098 1737 1148 fit,
1770 1103 1817 1139 ut
1847 1098 1899 1138 ab
1931 1097 1980 1138 iis

126 1180 132 1205 ι
163 1157 265 1212 qua'e
296 1158 336 1198 in
369 1171 511 1198 sensus
553 1152 757 1199 incurrunt
799 1158 951 1207 exorsi,
998 1159 1144 1198 mentis
1177 1158 1398 1211 agitatione
1437 1157 1704 1225 provehamur
1735 1159 1786 1198 ad
1818 1157 1977 1205 altiora,

127 1208 265 1271 {quae
303 1219 411 1258 nullo
451 1230 592 1257 sensus
638 1217 818 1258 acumine
864 1218 1145 1285 comprehendi
1190 1223 1356 1270 queunt,
1401 1218 1507 1257 idem
1551 1222 1593 1257 et
1634 1216 1672 1257 in
1711 1216 1981 1258 astronomico

129 1280 134 1330 ³,¹
163 1277 323 1329 negotio
358 1277 484 1317 locum
517 1277 656 1325 habet,
705 1277 769 1317 ubi
802 1277 969 1329 primum
1009 1277 1140 1317 varios
1184 1278 1439 1329 planetarum
1478 1276 1580 1316 situs
1619 1276 1788 1317 diversis
1820 1280 1979 1328 tempo-

130 1331 134 1364 3
163 1336 270 1376 ribus
304 1337 427 1376 oculis
461 1342 665 1385 notamus,
708 1336 848 1388 quibus
882 1336 1229 1376 observationibus
1262 1336 1518 1376 ratiocinatio
1550 1335 1834 1388 superveniens
1867 1348 1981 1375 men-

163 1401 243 1436 tem
275 1396 314 1435 in
347 1395 614 1447 cognitionem
648 1396 800 1435 formae
832 1395 1056 1435 mundanae
1091 1396 1272 1443 deducit,
1311 1396 1424 1448 cujus
1447 1394 1604 1448 quidem
1638 1395 1788 1436 formae
1807 1394 1980 1435 munda-

131 1457 134 1460 ’
163 1468 236 1495 nae
271 1455 327 1495 sic
360 1468 409 1494 ex
442 1455 790 1495 observationibus
823 1455 1034 1495 conclusae
1070 1455 1287 1495 delineatio
1310 1454 1591 1508 hypothesium
1625 1453 1981 1495 astronomicarum

130 1520 133 1524 ’
164 1514 416 1566 postmodum
449 1527 589 1554 nomen
624 1514 874 1566 adipiscitur.

132 1564 138 1577 ’
278 1573 414 1614 Tertio
459 1579 709 1613 astronomos
754 1573 792 1612 in
833 1573 874 1612 id
913 1574 1059 1613 saltem
1102 1573 1310 1613 elaborare
1353 1573 1459 1621 vult,
1502 1577 1547 1612 ut
1587 1585 1637 1612 ex
1669 1573 1864 1613 assumtis
1897 1572 1981 1615 suis

164 1633 453 1686 hypothesibus
487 1633 682 1673 rationem
714 1633 887 1672 reddant
918 1638 1095 1672 motuum
1122 1632 1355 1672 coelestium
1388 1632 1658 1684 doceantque,
1700 1632 1840 1684 quales
1863 1631 1980 1688 Q

70 1713 125 1736 «η-
162 1692 218 1750 9}
265 1692 510 1743 temporibus
556 1692 777 1743 apparituri
821 1693 916 1732 sint.
991 1692 1132 1743 Neque
1171 1691 1235 1731 hic
1285 1691 1371 1730 sine
1416 1690 1650 1742 exceptione
1690 1703 1824 1731 verum
1869 1691 1980 1734 dicit.

165 1751 271 1792 Nam
304 1751 381 1790 etsi
414 1751 503 1798 hoc,
537 1752 641 1803 quod
673 1751 783 1799 dicit,
819 1751 1039 1790 astronomi
1070 1751 1300 1802 primarium
1335 1755 1398 1790 est
1423 1750 1608 1799 officium,
1642 1763 1720 1790 non
1753 1756 1817 1790 est
1846 1755 1981 1791 tamen

167 1815 423 1850 astronomus
457 1823 478 1849 e
513 1816 630 1849 coetu
662 1809 1009 1862 philosophorum,
1051 1810 1116 1862 qui
1149 1810 1197 1849 de
1230 1822 1361 1850 rerum
1404 1814 1548 1850 natura
1579 1814 1795 1862 quaerunt,
1841 1810 1978 1855 exclua

167 1869 334 1909 dendus.
398 1869 509 1908 Bene
544 1869 720 1921 fungitur
753 1869 883 1908 officio
918 1869 1148 1918 astronomi,
1184 1868 1249 1921 qui
1283 1882 1399 1921 quam
1430 1869 1608 1920 proxime
1641 1873 1774 1909 motus
1806 1874 1848 1910 et
1879 1869 1983 1910 situs

167 1928 374 1967 stellarum
407 1928 627 1979 praedicit:
662 1928 805 1968 melius
840 1934 972 1967 tamen
1006 1928 1104 1967 facit
1140 1933 1179 1967 et
1211 1928 1354 1980 majori
1387 1928 1503 1967 laude
1531 1928 1687 1982 diguus
1702 1928 1883 1978 habetur,
1917 1927 1983 1982 qui

167 1993 329 2040 praeter
370 1987 444 2026 hoc
487 1987 609 2026 etiam
642 2000 760 2026 veras
803 1988 851 2026 de
892 1987 1026 2026 mundi
1065 1987 1191 2026 forma
1233 1987 1458 2026 sententias
1497 1987 1673 2028 adhibet.
1736 1987 1811 2027 Ille
1841 1999 1982 2040 nempe

168 2058 304 2085 verum
346 2046 475 2097 quoad
514 2045 640 2085 visum
688 2038 909 2086 concludit:
953 2046 1015 2085 hic
1047 2058 1124 2084 non
1166 2051 1323 2085 tantum
1356 2045 1457 2085 visui
1490 2045 1731 2086 concludens
1763 2046 1982 2094 satisfacit,

169 2105 242 2144 sed
274 2105 398 2144 etiam
433 2109 600 2144 naturae
632 2105 927 2156 penitissimam
960 2106 1126 2144 formam
1157 2104 1427 2144 concludendo
1466 2105 1745 2156 amplectitur,
1785 2111 1831 2146 ut
1861 2117 1983 2158 supra

170 2163 245 2203 fuit
289 2164 545 2215 explicatum.
618 2164 756 2216 Neque
797 2164 861 2204 hic
907 2164 1153 2203 solummodo
1198 2164 1363 2212 ideam
1405 2164 1580 2216 aliquam
1625 2164 1719 2204 boni
1763 2163 1983 2205 astronomi

170 2223 375 2262 describo.
405 2223 606 2274 exempla
645 2229 871 2275 suppetunt.
934 2224 1027 2264 Non
1072 2224 1148 2263 fuit
1178 2223 1447 2263 necessarium
1481 2224 1532 2263 ad
1564 2228 1695 2263 motus
1731 2224 1983 2280 planetarum

171 2282 473 2348 praedicendos,
509 2287 552 2321 ut
584 2282 842 2322 Ptolemaeus
879 2283 926 2322 de
960 2282 1098 2322 01dine
1135 2283 1395 2335 sphaerarum
1431 2282 1671 2335 disputaret,
1710 2289 1752 2323 et
1775 2283 1818 2323 id
1847 2288 1981 2323 tamen

171 2342 202 2380 is
237 2341 451 2392 diligentei
484 2341 592 2380 fecit.
657 2342 746 2381 Non
782 2342 856 2382 fuit
886 2342 1157 2382 necessarium
1190 2342 1240 2382 ad
1276 2346 1408 2382 motus
1439 2342 1691 2393 planetarum
1725 2342 1876 2383 calculo
1907 2354 1982 2382 ex-

170 2401 408 2451 promendos
441 2405 481 2439 et
513 2401 825 2452 praedicendos,
869 2407 913 2440 ut
946 2400 1191 2453 Copernicus
1231 2408 1272 2440 et
1317 2406 1412 2453 post
1443 2401 1554 2440 illum
1584 2401 1644 2440 D:
1670 2401 1804 2454 Tycho
1837 2413 1982 2441 causas

171 2458 425 2510 inquirerent,
462 2472 529 2498 cur
562 2460 749 2511 planetae
785 2459 1006 2513 ἀκρριιυχιοι
1038 2461 1136 2499 fiant
1157 2460 1290 2500 Terris
1323 2460 1504 2511 proximi.
1566 2459 1763 2500 Poterant
1783 2460 1887 2500 enim
1917 2460 1983 2499 vel

170 2518 419 2557 Ptolemaica
467 2521 594 2557 forma
651 2520 849 2559 coeloium
888 2521 948 2559 usi
1000 2520 1189 2559 correctis
1242 2519 1552 2559 dimensionibus
1605 2518 1712 2558 idem
1755 2525 1980 2571 praestare.

170 2576 249 2615 Sed
278 2576 375 2616 fecit
407 2590 524 2628 amor
528 2579 942 2637 cognoscendae
874 2584 1067 2641 naturae,
1103 2584 1146 2618 ut
1179 2577 1399 2618 astronomi
1430 2577 1708 2618 astronomicis
1735 2577 1981 2630 argumentis
2023 2575 2026 2579 ’

170 2636 269 2674 hanc
302 2629 508 2689 physices
515 2634 676 2688 partem
694 2633 901 2689 explorari
931 2651 995 2677 am
1030 2644 1243 2685 sumerent,
1279 2650 1350 2676 nec
1383 2632 1528 2688 injuria
1548 2636 1770 2688 gloriantur
1801 2637 1850 2677 de
1883 2650 1982 2678 sua-

167 2707 250 2733 rum
283 2695 560 2747 hypothesium
605 2708 693 2736 cum
727 2709 858 2736 lerum
891 2704 1039 2736 natura
1075 2697 1371 2736 conformitate.
1435 2693 1541 2740 Quid
1575 2694 1850 2747 Copernicus?
1894 2706 1983 2736 cum

169 2753 506 2793 animadverteret
549 2755 586 2794 in
620 2756 854 2794 Ptolemaeo
897 2756 1096 2808 quandam
1135 2755 1466 2807 inaequalitatem
1497 2761 1629 2794 motus
1675 2755 1858 2808 epicycli,
1905 2767 1982 2795 non

169 2811 259 2862 quia
298 2812 332 2851 is
370 2818 501 2852 motus
535 2813 636 2853 visui
681 2820 721 2854 et
762 2814 1034 2864 experientiae
1077 2827 1147 2854 seu
1186 2812 1458 2854 observationi
1502 2813 1728 2862 stellarum,
1775 2814 1847 2854 sed
1891 2812 1999 2867 Q

168 2883 306 2918 rerum
335 2877 521 2921 naturae„
548 2879 810 2924 repugnaret,
858 2874 946 2913 ideo
979 2874 1068 2912 hinc
1102 2873 1353 2913 occasionem
1385 2885 1429 2912 se
1461 2872 1648 2923 adeptum
1689 2873 1913 2925 profitetur,
1959 2885 1982 2911 a
2025 2878 2028 2879 ⁷

170 2929 400 2968 Ptolemaeo
442 2931 687 2971 discedendi.
751 2933 806 2972 Et
844 2945 866 2971 o
899 2933 1086 2972 miserum
1118 2931 1400 2980 Aristotelem,
1448 2931 1636 2971 miseram
1677 2931 1764 2983 ejus
1801 2932 1981 2984 philoso-

168 2987 317 3051 phiam,
353 3000 430 3039 qua
461 2995 577 3039 parte
611 2990 863 3031 divinissima
896 2997 1103 3039 censetur,
1138 2991 1171 3030 si
1203 2989 1420 3030 astronomi
1452 2995 1537 3029 tam
1568 2990 1698 3030 malae
1730 2990 1822 3031 fidei
1852 2995 1982 3031 testes

167 3045 205 3082 in
239 3045 523 3096 philosophicis
563 3050 847 3088 5οιιιιον5ι5ἰί5
881 3051 991 3090 fiunt.
1055 3051 1100 3102 Ι5
1128 3062 1271 3097 em
1272 3061 1411 3102 SEU),
1399 3061 1446 3087 eo
1465 3048 1981 3116 quenjfissQm-fflmm

168 3102 521 3178 intelligentiarum
573 3107 808 3173 coelestium
846 3122 1048 3173 numerum
1094 3114 1136 3149 et
1174 3108 1352 3148 ordinem
1392 3103 1613 3162 exprimere
1655 3121 1821 3150 necesse
1860 3109 2028 3161 esset,

1040 3155 1354 3173 pum
