1982 3268
783 108 1006 143 nooman
1738 107 1791 150 13

15 215 248 271 φακὴ
267 216 470 257 ·«“οοοοιιιι·ἰ
514 228 591 256 ιιοιι
635 228 723 256 esse
762 215 1051 268 adjungendam
1085 215 1137 255 ad
1172 214 1410 267 παραλλαξυ
1444 215 1550 256 orbis
1585 228 1656 268 pro
1695 228 1789 256 arcu

7 275 85 318 231⁰
113 275 328 328 capiendo,
370 276 482 328 cujus
510 275 620 315 sinus
649 274 703 314 sit
733 274 925 315 distantia
953 274 1124 315 Telluris
1155 288 1180 313 a
1208 282 1360 314 centro.
1419 275 1523 315 Nam
1554 275 1589 315 si
1619 275 1789 321 additur,

4 335 104 376 {tota
129 334 503 388 prostbapbaeresis
531 345 608 374 non
639 333 841 374 exhibebit
867 333 1078 374 maximam
1115 334 1321 385 planetae,
1371 333 1456 373 sive
1493 334 1627 387 potius
1668 333 1788 374 mini-

3 405 119 435 nam
146 393 295 434 Terrae
326 393 576 441 distantiam,
609 392 681 432 sed
708 391 840 441 illam,
872 405 988 445 quam
1017 392 1139 432 habet
1168 393 1207 432 in
1237 392 1306 432 illo
1337 392 1423 432 loco
1454 399 1563 433 certo
1594 393 1789 433 eccentri-

8 451 163 494 citatis.
225 451 550 493 commodissime
579 451 701 504 igitur
729 451 940 491 maximam
964 451 1151 503 planetae
1171 451 1404 492 distantiam
1423 451 1601 492 elicimus
1621 464 1670 491 ex
1688 464 1788 504 apo-

11 522 117 566 gaea
142 510 505 564 prosthaphaeresi.
567 508 818 551 Contrarium
848 516 982 550 autem
1011 511 1052 550 in
1071 510 1320 551 inferioribus
1338 510 1640 551 observandum.
1684 511 1788 552 Nam

13 569 92 621 ini,
134 570 228 611 dum
261 575 472 611 censentur
500 570 540 610 in
570 569 700 609 media
728 569 969 620 longitudine
984 601 996 618 ,
1034 575 1128 609 sunt
1157 569 1195 610 in
1228 568 1391 621 ἀφηλιῳ,
1422 574 1464 609 et
1491 569 1667 609 vicissim
1698 570 1790 610 dum

10 634 207 682 apparent
235 629 276 670 in
305 628 467 682 ἀεσγωῳ
495 628 560 669 vel
589 642 772 681 ιοριγωῳ,
802 634 896 668 sunt
924 628 964 668 in
994 628 1126 669 media
1155 628 1362 669 distantia.
1423 628 1551 680 Igitur
1568 640 1639 680 pro
1658 629 1789 668 media

0 697 145 729 vcomm
185 687 379 729 distantia
419 701 445 728 a
473 687 568 728 Sole
609 686 876 740 computanda
918 687 1099 728 existimo
1129 687 1403 728 conferendam
1433 687 1655 740 parallaxin
1685 699 1786 740 apo-

0 753 155 801 gaeum
184 759 272 788 cum
298 746 508 800 perigaea:
540 759 640 799 quae
670 759 747 786 non
775 758 846 798 per
875 746 1122 787 differentiae
1152 759 1323 796 arcuum,
1356 747 1427 787 sed
1450 758 1523 798 per
1541 746 1786 787 differentiae

0 805 164 848 minuam
191 805 449 847 bisectionem
477 806 750 858 investigatur.
808 805 987 845 Maxima
1028 811 1161 846 autem
1203 806 1398 846 distantia
1440 819 1465 845 a
1494 804 1588 846 Sole
1618 806 1786 846 habetur

0 877 63 906 ιιι
87 865 261 906 maxima
289 864 565 916 elongatione;
608 864 807 917 elongatio
836 865 1032 914 maxima,
1065 866 1101 906 si
1129 865 1500 918 prosthaphaeresis
1531 865 1703 906 eccentri
1734 865 1784 905 ad

0 924 177 966 median
204 924 428 977 parallaxin
458 924 564 964 orbis
595 923 843 976 adjungatur.

121 982 217 1024 Jam
245 995 438 1024 summam
467 995 612 1031 eornm,
644 995 744 1035 quae
775 982 946 1034 scriptas
976 982 1111 1023 theses
1141 987 1371 1035 sequuntur,
1404 981 1646 1035 subjungam
1690 983 1784 1024 Μο-

0 1041 90 1084 trix
118 1042 273 1091 anima,
302 1047 349 1083 ut
376 1041 471 1090 dixi,
501 1041 542 1082 in
571 1040 680 1082 Sole.
741 1040 786 1082 Si
817 1047 946 1082 motus
977 1042 1199 1095 aequalitas
1230 1050 1272 1082 et
1300 1041 1406 1082 idem
1433 1041 1548 1094 vigor
1575 1042 1730 1082 veniret
1759 1056 1784 1082 a

5 1099 104 1143 Solo
131 1101 173 1142 in
202 1113 340 1142 omnes
369 1101 507 1148 orbes,
536 1107 669 1141 tamen
699 1113 799 1140 unus
829 1100 908 1141 alio
938 1101 1091 1141 tardius
1120 1100 1363 1148 circumiret,
1393 1106 1557 1152 propter
1588 1101 1781 1154 inaequa-

5 1159 162 1201 litatem
190 1159 375 1201 ambitus.
435 1159 630 1212 Tempora
657 1159 858 1211 periodica
887 1165 1036 1208 essent,
1066 1166 1110 1200 nt
1134 1160 1282 1201 circuli.
1343 1160 1450 1201 Nam
1469 1159 1674 1212 quantitas
1691 1173 1780 1200 mo-

4 1223 91 1260 tmn
117 1218 291 1263 motitur,
352 1217 501 1259 Circuli
530 1224 661 1259 autem
690 1224 735 1259 ut
763 1218 1061 1266 semidiametri,
1092 1219 1245 1260 scilicet
1263 1224 1309 1259 nt
1326 1218 1555 1259 distantiae.
1616 1218 1685 1260 Sic
1715 1220 1780 1259 fa-

5 1277 151 1319 cillime
179 1277 509 1318 constitueremus
539 1290 590 1317 ex
618 1277 787 1317 motibus
819 1278 960 1318 mediis
980 1284 1090 1318 certo
1109 1277 1279 1330 cognitis
1308 1277 1461 1318 medias
1480 1278 1602 1318 etiam
1621 1278 1779 1319 distan-

3 1336 99 1377 tias.
159 1335 241 1378 Sed
271 1336 427 1377 accedit
449 1337 531 1377 alia
558 1349 680 1376 causa
694 1368 704 1384 ,
743 1349 843 1389 quae
879 1337 1076 1377 tardiores
1107 1337 1229 1378 efficit
1258 1336 1503 1377 remotiores.
1565 1335 1779 1390 capiamus

0 1406 35 1436 a
60 1396 148 1437 luce
174 1395 498 1448 experimentum.
557 1395 662 1435 Nam
690 1395 757 1435 lux
787 1401 829 1436 et
847 1401 977 1436 motus
996 1396 1129 1448 utique
1149 1402 1193 1436 ut
1227 1396 1375 1448 origine
1406 1395 1465 1436 sic
1484 1396 1606 1436 etiam
1624 1332 1826 1450 actibusii

0 1453 224 1508 conjuncti,
266 1459 309 1495 et
346 1454 482 1494 forsan
520 1454 608 1509 ipsa
645 1454 711 1494 lux
740 1454 963 1495 vehiculum
993 1461 1122 1495 motus
1153 1460 1229 1495 est.
1290 1455 1418 1508 Igitur
1446 1455 1486 1495 in
1514 1467 1639 1508 parvo
1670 1456 1777 1504 orbe,

0 1517 48 1568 pt
82 1512 140 1554 sic
176 1513 298 1554 etiam
330 1513 374 1560 in
406 1525 530 1565 parvo
567 1513 711 1554 circulo
747 1525 866 1566 prope
908 1513 1043 1554 Solem
1073 1519 1229 1554 tantum
1258 1519 1322 1554 est
1352 1513 1475 1562 lucis,
1519 1520 1709 1566 quantum
1739 1515 1777 1555 in

0 1569 147 1625 hagno
176 1577 220 1613 et
246 1572 467 1614 remotiore.
527 1572 697 1612 Tenuior
726 1572 845 1624 igitur
876 1573 943 1613 lux
971 1573 1011 1612 in
1041 1585 1198 1626 magno,
1230 1573 1270 1612 in
1310 1576 1479 1625 angusto
1508 1573 1722 1614 confertior
1739 1580 1781 1614 et

0 1631 156 1688 Μαι.
215 1632 276 1672 At
314 1631 414 1672 haec
455 1631 646 1671 fortitudo
687 1643 840 1672 rursum
881 1638 945 1672 est
974 1633 1013 1672 iu
1044 1632 1277 1672 circulorum
1305 1632 1556 1685 proportione
1570 1664 1581 1682 ‚
1623 1633 1709 1673 sive
1739 1633 1779 1673 in

0 1689 292 1732 'manum-um.
351 1689 397 1730 Si
421 1690 506 1742 jam
535 1690 675 1730 eadem
705 1691 807 1731 ratio
836 1697 966 1731 motus
997 1696 1060 1731 est
1102 1692 1201 1744 (qua
1230 1690 1387 1744 quidem
1417 1703 1459 1731 re
1488 1691 1587 1732 nihil
1617 1692 1779 1732 concin-

1 1748 92 1794 ainus
119 1748 216 1802 fingi
243 1751 413 1802 potest),
446 1754 632 1802 sequetur
655 1749 868 1790 distantias
891 1750 961 1807 Q
994 1751 1123 1791 facere
1154 1750 1207 1790 ad
1231 1756 1361 1790 motus
1392 1750 1625 1791 tarditatem
1662 1751 1779 1791 indu-
1808 1749 1839 1787 ι’

0 1807 180 1860 plenam.
241 1806 376 1854 Quare
412 1808 574 1848 dimidia
609 1807 830 1848 differentia
865 1816 1039 1849 motuum
1076 1809 1238 1849 duorum
1267 1809 1457 1861 adjuncta
1485 1809 1626 1850 minori
1655 1810 1779 1850 motui
1806 1793 1815 1814 i

0 1866 82 1914 unt
108 1866 303 1908 distantia
330 1867 574 1908 remotioris:
605 1873 735 1907 motus
764 1867 851 1919 ipse
883 1868 1010 1909 minor
1027 1868 1104 1908 erit
1122 1868 1314 1908 distantia
1329 1868 1630 1921 propinquioris.
1673 1869 1779 1910 Vide

0 1924 98 1980 mid
126 1931 315 1980 sequatur
343 1926 384 1967 in
413 1926 488 1966 hoc
518 1925 815 1979 diagrammate.

1350 1998 1400 2030 Ex
1423 1997 1539 2030 tabula

1134 2021 1187 2054 Ex
1203 2025 1299 2064 'motu
1415 2049 1477 2076 tua
1583 2020 1780 2054 Differentia

604 2087 631 2141 15
1115 2105 1118 2110 ’
1142 2091 1182 2140 'li
1212 2090 1296 2133 574
1402 2089 1486 2133 563
1606 2089 1663 2143 -Ι-
1695 2090 1746 2133 11

603 2148 643 2198 Ἃ
721 2155 783 2190 est
818 2147 952 2199 1000,
995 2155 1078 2190 tum
1145 2155 1179 2196 ὅ
1208 2149 1295 2192 274
1400 2148 1487 2193 294
1605 2171 1661 2178 -—-
1691 2149 1749 2192 20

119 2203 167 2246 Si
195 2205 387 2247 distantia
414 2207 545 2248 media
603 2213 637 2253 d

818 2268 970 2308 stantia

720 2208 797 2248 erit
837 2209 968 2249 media
1013 2209 1076 2250 di-
1147 2210 1179 2258 ὃ
1207 2206 1293 2250 694
1399 2207 1486 2252 658
1604 2207 1662 2261 —l-
1693 2207 1749 2251 36

604 2267 637 2315 ὅ
1111 2234 1180 2352 (φ
1207 2266 1288 2309 761
1401 2266 1486 2310 719
1605 2268 1661 2320 -l-
1691 2267 1749 2310 42
1793 2328 1796 2330 Α

606 2324 638 2372 Q
1146 2328 1174 2376 ζὲ
1205 2325 1289 2367 563
1397 2325 1483 2369 549
1604 2326 1661 2379 -i-
1696 2326 1749 2368 14
1782 2328 1792 2335 ’

15 2349 34 2369 Η

10 2380 47 2441 ἶ
84 2431 89 2435 ,
114 2391 221 2439 Ecce
252 2405 367 2445 quam
395 2404 517 2444 prope
546 2394 755 2434 veritatem
787 2395 971 2436 venerim.
1030 2395 1101 2446 Et¹
1116 2397 1244 2436 adhuc
1275 2397 1456 2454 dubitas,
1499 2397 1654 2453 quoties
1692 2399 1774 2442 tale
1819 2387 1828 2401 ”

9 2468 21 2521 ²2⁴
35 2449 83 2520 :⁴-
124 2450 135 2459 ’
174 2450 277 2492 'dat
340 2465 408 2502 me
423 2451 504 2518 'lar
531 2464 553 2491 e
596 2452 815 2493 lachrumas
843 2454 1046 2521 *funderes
1080 2455 1184 2495 Nam
1214 2455 1344 2501 hercle
1374 2450 1782 2513 hQAE„3Jri93.

44 2530 49 2549 2
93 2509 146 2550 ad
172 2522 228 2550 ιιι
249 2523 303 2550 ns
333 2463 982 2571 conlgendosmaffls
1003 2526 1046 2569 Q
1068 2499 1440 2572 εἶΠῖἶῆιῖἷια-ἷῶᾒ
1452 2515 1772 2574 QEJQEUPP&

371 2561 845 2636 eiss‘IffjffidifibTeTtso
876 2577 970 2611 sunt
990 2561 1243 2613 *diffir‘entiae
1267 2573 1372 2613 inter
1390 2569 1622 2614 distantiam
1639 2587 1774 2614 veram

41 2558 361 2616 ωτνιυ·
407 2617 439 2624 „

58 2761 88 2780 η,

38 2801 85 2861 *³32
123 2802 166 2843 in
194 2808 228 2849 (ς
259 2805 307 2853 ὅ,
341 2805 374 2853 ὅ
396 2803 430 2852 ῼ
461 2804 542 2844 sint
572 2803 735 2845 similes.
797 2805 951 2845 Deinde
981 2811 1026 2846 ut
1055 2808 1256 2859 proportio
1279 2807 1383 2847 inter
1406 2808 1446 2856 'li
1465 2813 1498 2853 (ς
1517 2813 1582 2848 est
1601 2809 1770 2850 solitarii

14 2883 18 2909 :
63 2880 84 2900 ,-
103 2861 192 2910 n's,
224 2873 280 2902 sc.
311 2863 523 2903 tetraedri:
566 2863 624 2903 ita
652 2863 848 2917 peculiare
879 2863 953 2904 hoc
983 2864 1104 2904 habet
1130 2865 1350 2905 differentia
1379 2867 1492 2918 ejus,
1522 2872 1567 2907 ιιι
1594 2868 1685 2920 plns
1715 2869 1770 2908 sit

14 2911 19 2963 ῗ
115 2920 302 2973 pernico,
333 2933 422 2961 cum
450 2921 516 2962 ille
540 2921 582 2962 in
612 2923 756 2962 ceteris
786 2922 912 2962 minus
943 2935 1099 2975 semper
1129 2924 1319 2964 obtineat.
1370 2925 1503 2965 Tertio
1522 2926 1588 2978 qui
1604 2927 1769 2978 planeta

65 2999 78 3015 -.
98 2996 144 3013 ·=··
163 2978 319 3019 ·riorem
347 2979 516 3020 vicinum
544 2981 703 3033 propius
728 2981 920 3028 ascendit,
952 2994 1107 3033 semper
1136 2982 1258 3022 habet
1282 2983 1473 3036 majorem
1491 2985 1765 3026 differentiam.

63 3040 109 3089 ζ’)
166 3038 200 3087 ὃ
231 3034 300 3086 36,
331 3039 362 3088 ζξ
393 3035 459 3088 14,
491 3039 532 3088 ‘Ii
564 3038 634 3088 11,
667 3046 701 3085 ὅ
730 3039 786 3081 2θ
817 3040 980 3080 alterius
1010 3040 1169 3092 speciei.
1229 3041 1304 3082 Hic
1328 3042 1415 3095 jam
1444 3043 1635 3084 hactenus
1666 3045 1764 3085 bae-

16 3115 19 3143 ;
138 3095 243 3136 Nam
270 3096 471 3149 piaculare
501 3096 701 3148 existimo}
729 3099 928 3139 distantiis
959 3099 1098 3139 mediis
1117 3100 1157 3140 in
1177 3101 1416 3142 correctione
1435 3107 1588 3143 tantum
1608 3104 1765 3151 addere,
