1982 3268
795 101 1009 136 Ρωωωιω.
1436 142 1452 149 ,
1743 98 1800 143 25

11 201 583 253 misma-pneumam.
624 208 1707 251 Hincnullustypotheurumoperimanusadmoverepotest‚
1732 209 1801 250 ipse

0 256 474 323 ‚mmmmm-

102 308 226 343 Noe-n
246 297 324 354 Θ,
348 319 433 353 quae
456 310 515 343 tibi
538 309 672 342 Terram
695 310 876 352 fignificat,
900 320 966 342 non
990 309 1164 346 habemus,
1189 309 1263 342 ideo
1286 319 1344 366 pro
1369 320 1407 342 eo
1432 310 1623 342 charactere
1648 309 1721 351 ipsa
1743 319 1803 341 vox
1855 320 1866 326 ι

12 350 136 394 ram
159 357 332 392 sm'benda
353 357 426 390 fnit.
475 357 652 400 (Keplerus
674 357 737 390 hoc
761 357 953 390 charactere
976 358 1024 390 uti
1055 357 1239 391 consuevit.
1273 357 1302 388 si
1334 366 1401 389 non
1430 357 1537 398 ipsam
1559 357 1668 398 posuit
1690 364 1804 389 vocem

11 402 144 438 Terrae.
183 403 254 446 ijoe
275 415 333 449 pro
357 405 412 437 ino
435 408 548 437 notam
570 404 666 437 bodie
690 405 847 437 usitatam
872 401 950 447 [δ]
974 402 1168 447 posuimus.)
1207 403 1368 436 Numeros
1391 404 1512 437 fractos
1535 403 1678 436 nondum
1701 403 1803 436 habet

268 462 367 496 quam
389 451 430 484 ob
452 461 522 489 rem
541 452 618 484 hnic
642 452 784 484 defectui
810 451 882 484 aliis
908 452 1199 484 combinatiouibus
1221 451 1345 484 mederi
1370 461 1479 490 conor,
1503 451 1608 483 donec
1632 451 1806 493 typotheta

11 497 138 543 fionius
161 508 185 533 a
205 510 259 534 me
280 500 342 533 boc
365 500 400 533 in
423 500 555 543 negotio
579 498 676 532 fuerit
698 500 886 532 instructus.
934 498 1003 532 Res
1026 509 1092 531 non
1116 503 1186 532 tam
1209 498 1314 531 facilis
1339 502 1391 531 est
1414 508 1512 542 quam
1541 502 1695 541 putatur,
1730 498 1803 531 ideo

11 554 76 579 uon
99 555 173 580 ram
195 546 372 581 finctiones
394 557 453 588 per
475 557 571 579 voces
596 547 733 579 describi
758 547 879 579 curavi.

103 592 176 628 Risi
192 594 333 638 quotidie
350 603 459 627 coram
476 594 640 627 adstarem
657 594 847 636 typothetae
870 597 905 627 et
929 593 1141 636 typographo,
1166 593 1329 626 interdum
1353 602 1480 636 quoque
1504 593 1573 635 ipse
1599 592 1804 625 admoverem

11 650 148 680 manu,
177 641 271 675 multi
294 643 474 686 irreperent
497 651 637 674 errores:
672 642 816 684 quamvis
848 642 933 674 forte
955 641 1116 674 interdum
1140 641 1304 683 quaedam
1328 641 1532 683 diligentiam
1556 649 1666 672 meam
1689 639 1805 683 fugere

9 689 184 735 potuerint,
210 689 373 732 quaedam
388 693 501 722 autem
516 688 711 731 sphalmata,
737 698 811 721 cum
828 699 894 721 non
909 690 1069 731 potuerim
1086 689 1239 721 contiuuo
1256 698 1412 730 praesens
1429 697 1513 727 esse,
1538 687 1665 720 nullam
1687 691 1806 729 postea

12 737 244 769 correctionem
268 737 466 770 admiserint.
514 736 558 768 Et
586 735 671 769 haec
701 737 774 778 ipsa
806 740 857 768 est
887 745 1009 772 causa
1042 735 1127 778 quod
1156 740 1260 768 totum
1285 745 1378 778 opus·
1389 736 1423 767 iu
1446 745 1500 768 me
1523 735 1667 777 recipere
1691 734 1804 770 malui.

133 782 230 817 alicui
253 785 422 828 magistro,
445 785 496 816 cui
513 788 550 815 tu
567 785 772 816 commissum
786 788 894 825 putas,
919 783 1111 825 relinquere,
1138 784 1189 815 cui
1214 787 1248 814 et
1271 784 1412 815 materia
1433 793 1497 814 non
1515 781 1616 814 solide
1631 786 1805 824 perspecta

11 834 74 868 ut.
99 835 134 864 et
156 831 211 874 qui
233 841 340 864 rerum
362 830 671 874 typographicam
696 830 1018 871 (mathematicamm
1042 828 1201 872 inprimis)
1226 841 1292 863 non
1315 832 1438 873 peritus
1463 834 1524 862 est

105 875 201 918 Quas
224 879 259 912 in
282 870 401 921 sciipto
424 882 481 911 tuo
505 878 648 920 paucula
670 879 815 916 mutavi,
849 878 974 911 leniora
996 878 1158 911 interdum
1181 877 1341 911 vocabula
1364 877 1533 920 ponendo,
1567 876 1690 909 ridebis
1715 877 1804 919 ipse:

6 926 79 967 jun
102 934 146 959 ea
167 925 307 960 scribere
329 936 397 959 non
417 936 560 968 possum.
596 925 794 958 Praesertim
817 926 909 968 quod
925 926 1066 968 pertinet
1091 926 1134 958 ad
1157 925 1294 969 figuram
1318 930 1515 967 postremam
1539 933 1616 967 pag.
1643 922 1689 957 78
1714 922 1804 966 (cap.

11 970 116 1009 ml.
140 973 196 1018 fig.
213 971 270 1006 25
307 972 418 1016 Comp-
447 977 535 1006 auot-
563 970 624 1012 62)
648 976 752 1005 totum
781 974 923 1010 mutavi,
954 973 1031 1029 quia
1053 973 1179 1015 lapsum
1204 976 1238 1005 te
1263 973 1346 1011 ridi3
1371 982 1448 1005 nam
1472 982 1538 1004 ιιοιι
1563 971 1589 1004 C
1614 972 1672 1004 sed
1697 971 1728 1004 D
1754 976 1806 1004 est

12 1022 158 1054 onnus
183 1021 365 1064 aequantis.
414 1021 594 1064 Agnosces.
619 1030 723 1062 spero,
748 1021 783 1053 id
806 1030 910 1063 aequo
935 1021 1054 1053 auimo.
1106 1019 1200 1060 Quae
1226 1021 1312 1052 enim
1336 1029 1358 1053 a
1381 1029 1435 1052 me
1459 1020 1552 1052 iacta
1576 1023 1672 1056 sunt,
1698 1020 1731 1052 in
1756 1019 1803 1051 tui

12 1068 154 1111 mnam
179 1068 491 1111 etexintegritate
517 1069 634 1100 amoris
659 1068 890 1111 ergatefeci.

106 1114 247 1153 Adffidi,
270 1119 306 1149 te
329 1115 458 1159 quidem
481 1116 614 1147 inscio
646 1120 687 1148 et
715 1115 973 1152 inconsulto,
1005 1115 1297 1148 Narrationem
1322 1114 1510 1151 Rhetici,
1543 1124 1564 1147 a
1587 1124 1640 1146 me
1664 1114 1803 1146 revisam

13 1164 50 1195 et
63 1161 282 1196 schum
297 1167 442 1200 anetam,
466 1172 534 1195 una
558 1173 632 1195 cum
655 1172 731 1196 mea
753 1163 976 1205 praefatione3
1003 1173 1044 1195 ea
1067 1173 1154 1195 nunc
1179 1163 1238 1194 sub
1254 1162 1379 1204 prelum
1402 1163 1448 1195 ire
1466 1162 1589 1204 incipit,
1620 1171 1694 1205 cum
1716 1164 1805 1204 post-

14 1210 111 1243 remis
133 1211 200 1249 φὴ
221 1210 369 1254 pngellis-
419 1209 519 1252 Spero
544 1214 675 1246 autem,
701 1219 775 1243 eam
798 1211 857 1243 tibi
881 1221 946 1242 uon
971 1210 1122 1243 dedecori
1146 1210 1298 1243 futuram.

54 1297 59 1300 j
108 1255 228 1290 Cetera
249 1258 283 1290 in
308 1257 396 1291 aliud
418 1262 546 1299 tempus
569 1267 733 1290 reservare
758 1267 866 1301 cogor.
915 1257 1149 1301 'l'ypographus
1175 1258 1383 1300 conqueritur
1406 1257 1448 1290 de
1472 1257 1631 1289 sumtibus
1656 1255 1804 1289 schema-

14 1309 95 1342 tum,
117 1306 293 1348 praecipue
316 1304 358 1338 de
383 1315 440 1342 eo,
464 1305 550 1347 quod
574 1305 642 1338 aeri
665 1305 802 1346 insculpi
828 1306 961 1337 curavit.
1011 1305 1078 1338 Sed
1102 1305 1144 1337 de
1166 1304 1217 1337 his
1242 1306 1310 1347 ipse
1336 1304 1510 1347 aliquando
1535 1304 1666 1336 scribet.

105 1350 192 1385 Vale
214 1352 409 1385 felidssime.
458 1353 581 1384 Actum
603 1353 804 1394 rapidissimo
829 1353 968 1385 calamo
1020 1351 1073 1384 15.
1101 1350 1179 1393 (25)
1204 1352 1285 1384 Nov.
1312 1350 1368 1385 96.

103 1398 180 1432 RS.
228 1398 300 1432 Etsi
321 1403 451 1442 praeter
475 1401 751 1441 exspectationem
775 1410 912 1432 nunonis
946 1400 1066 1432 diutius
1098 1404 1253 1438 maneat,
1288 1400 1360 1432 aliis
1394 1404 1504 1431 tamen
1541 1398 1807 1440 occupationibus

8 1446 146 1486 obrutis
168 1457 232 1481 uec
255 1447 316 1480 tibi
338 1457 401 1480 nec
423 1446 501 1479 mihi
532 1447 724 1480 satisfacere
755 1457 895 1489 possum.
944 1446 997 1480 Ne
1028 1452 1140 1480 tamen
1173 1423 1253 1479 nihil
1285 1447 1426 1485 faciam,
1461 1446 1579 1487 adjicio
1609 1449 1807 1488 postremam

0 1492 196 1545 plagulam,
221 1495 333 1528 uidem
356 1495 486 1537 quidem
510 1498 545 1526 et
568 1494 710 1527 nondum
735 1499 913 1527 correctam
938 1495 981 1527 ad
1004 1495 1147 1537 prelum,
1172 1495 1255 1527 sicut
1279 1493 1471 1527 vides.1n
1492 1503 1533 1526 ea
1555 1493 1692 1536 plagula
1714 1492 1804 1524 vides

7 1545 140 1589 partem
162 1542 374 1584 prestationis
397 1551 503 1575 meae.

107 1588 290 1633 „Plagula“
307 1589 392 1622 baec
407 1588 580 1622 reserenda
601 1593 650 1622 est
670 1589 714 1622 ad
732 1589 831 1621 verba
849 1590 920 1627 „Ab
936 1589 998 1622 boe
1014 1590 1112 1633 igitur
1128 1589 1294 1631 tempor-0⁸
1314 1594 1377 1621 etc.
1397 1587 1488 1632 (pag.
1500 1598 1567 1631 seq.
1583 1586 1657 1628 26),
1683 1587 1809 1629 reliqua
1850 1588 1861 1603 '

169 1646 209 1668 ιιι
243 1637 363 1679 partim
394 1637 543 1680 integra,
577 1637 695 1678 partim
729 1637 913 1669 summatim
946 1638 1096 1680 proponit
1131 1636 1273 1679 Keplero
1307 1637 1341 1669 iu
1374 1637 1575 1678 postscriptis
1610 1633 1659 1676 (d.
1685 1634 1717 1667 d.
1754 1632 1807 1666 16.

0 1685 2 1687 '
30 1680 93 1723 28)
117 1681 219 1725 Rev.)
242 1693 328 1727 quae
350 1683 402 1716 his
426 1684 613 1716 concludit:
649 1683 703 1725 De
727 1684 861 1716 adverso
887 1689 920 1716 et
950 1686 1176 1727 inexspectato
1209 1688 1299 1716 statu
1315 1684 1571 1730 Μιιιιιιῐίιιιοιιίἰψ
1555 1684 1623 1725 tui„
1630 1692 1685 1722 ex
1700 1682 1808 1721 animo

0 1730 10 1746 ¹·
161 1731 222 1764 sed
289 1731 365 1766 ei'o.
398 1731 507 1764 Deum
532 1723 682 1764 daturum
705 1723 859 1763 meliora.
900 1731 962 1763 Pro
986 1733 1067 1764 meis
1080 1726 1271 1787 laboribus
1280 1735 1314 1764 et
1336 1741 1410 1764 meo
1442 1740 1523 1773 erga
1551 1736 1586 1762 te
1611 1739 1722 1762 amore
1747 1739 1808 1773 ego

0 1825 116 1879 Ῥω,
126 1825 156 1858 si
179 1826 255 1868 quid
280 1827 409 1858 omnino
434 1825 512 1858 mihi
536 1827 804 1858 remunerationis
827 1826 898 1858 loco
924 1827 1137 1859 constituisti
1162 1827 1197 1859 id
1221 1826 1293 1857 aliis
1318 1835 1383 1858 non
1408 1827 1455 1858 sic
1479 1825 1622 1862 scribas,
1648 1824 1698 1857 vel
1722 1824 1810 1866 apud

0 1866 96 1914 Tmu-
117 1873 316 1915 proclames‚
345 1874 537 1915 praesertim
566 1883 625 1915 per
654 1883 734 1916 quos
758 1873 802 1906 ad
827 1873 937 1906 aulam
959 1874 1264 1917 wirtembergicam
1290 1883 1332 1906 ea
1354 1883 1406 1906 res
1431 1873 1547 1906 deferri
1570 1876 1692 1914 posset.
1739 1871 1840 1913 De-

9 1906 196 1973 Q
219 1920 482 1970 obtrectator-ej,
491 1926 534 1961 ut
541 1922 648 1962 nosti,
673 1921 765 1960 varii,
789 1921 901 1953 faciles
926 1925 960 1953 et
975 1921 1077 1970 multi
1087 1926 1188 1977 sunt.
1234 1920 1330 1964 Rogo
1354 1930 1443 1964 ergo,
1469 1925 1507 1952 ut
1530 1923 1564 1952 et
1586 1919 1667 1952 mihi
1692 1923 1726 1952 et
1747 1918 1807 1951 tibi

73 1976 112 2000 eo
134 1976 263 2009 pueas.
310 1964 392 2011 Ego
405 1972 482 2000 tuus
507 1963 723 2000 sum.Va1e
747 1969 879 2010 optime.

7 2048 112 2111 ω
134 2062 314 2103 epistolam
362 2061 540 2095 Nunciavit
563 2063 645 2095 forte
675 2063 760 2094 talia
782 2040 1009 2095 Hafenreff’ero
1040 2063 1091 2095 vel
1114 2063 1274 2099 Besoldo‚
1309 2072 1383 2094 cum
1414 2063 1528 2104 quibus
1558 2066 1628 2094 tum
1657 2062 1810 2103 temporis

7 2097 119 2149 multa.
141 2119 200 2150 per
212 2107 325 2142 literas
335 2111 421 2154 egit.
456 2109 496 2142 Iu
512 2110 613 2142 literis
629 2111 838 2152 sequentibus
864 2108 990 2152 (1229)
1014 2110 1109 2152 plura
1131 2110 1195 2142 hae
1220 2110 1260 2143 de
1276 2120 1311 2142 re
1328 2110 1427 2144 refert
1442 2109 1604 2151 Keplerus
1621 2108 1809 2142 Maestlino.

110 2154 361 2194 ‚Nax-rationem
384 2157 558 2190 Rhaetici⁴⁶
585 2167 683 2200 quum
708 2157 869 2190 addiderit
884 2157 1079 2190 Maestlinus
1095 2157 1269 2190 Prodi-omo
1297 2158 1420 2196 „inscio
1445 2162 1480 2190 et
1502 2155 1720 2194 inconsulto&
1746 2155 1809 2192 vel,

16 2202 56 2241 ut
78 2211 97 2235 e
119 2203 329 2245 sequentibus
350 2205 488 2246 patebit,
512 2206 612 2238 invito
636 2205 791 2247 Keplero,
816 2215 953 2248 cumque
976 2205 1034 2237 illa
1057 2215 1172 2247 parum
1196 2205 1277 2238 lucis
1302 2204 1423 2237 afferat
1446 2205 1535 2247 operi
1558 2205 1631 2246 ipsi,
1659 2214 1727 2236 nou
1751 2203 1808 2236 ad-

19 2246 160 2289 dudm
183 2259 258 2283 eam
281 2252 465 2284 censuimus
487 2251 564 2285 huic
588 2252 731 2284 editioni.

19 2365 26 2387 ι

22 2394 23 2397 ’
48 2399 50 2401 ’
522 2394 576 2429 Μ
607 2394 765 2430 Meltad
793 2395 966 2430 Mae-stlin
997 2394 1296 2442 Gominyensis,

20 2480 41 2486 ,.
240 2485 241 2488 ,
726 2445 882 2478 Candido
907 2445 1046 2478 Lectori
1070 2445 1106 2478 S.

24 2519 66 2552 j·
109 2506 217 2541 met·
240 2517 263 2542 a
277 2508 416 2542 Platone
439 2510 620 2551 geometria
643 2514 678 2542 et
700 2510 907 2542 arithmetica
931 2510 1005 2542 alae
1023 2512 1241 2543 astronomiae
1259 2510 1474 2552 appellantur.
1512 2509 1700 2542 Geometria
1724 2509 1810 2541 enim

22 2589 36 2603 ᾖ
63 2554 209 2587 code-fi
233 2565 382 2598 corpore,
413 2557 499 2599 quod
522 2561 680 2599 quantum
705 2562 755 2588 est
777 2557 944 2599 globosum
969 2562 1003 2589 et
1027 2558 1174 2590 circulari
1198 2563 1289 2590 motu
1311 2558 1504 2600 regulariter
1527 2557 1662 2594 mobile,
1688 2565 1729 2588 ex
1753 2556 1808 2588 ob·

24 2605 48 2608 '⁴
110 2602 254 2636 dom‘bus
277 2604 409 2636 diversis
432 2605 629 2646 temporibus
652 2604 772 2635 habitis
802 2614 867 2635 non
892 2609 1019 2636 tantum
1043 2606 1129 2636 viam
1153 2605 1321 2637 stellarum
1343 2606 1485 2641 invenit,
1523 2604 1582 2635 sed
1606 2604 1707 2635 etiam
1730 2604 1808 2635 irre·

109 2663 150 2676 ·=·-
171 2664 198 2677 ·:
227 2651 489 2692 apparentiarmn
514 2662 554 2684 ex
576 2651 777 2694 regularibus
800 2651 939 2683 motibus
962 2652 1104 2684 rationes
1127 2653 1254 2687 reddit,
1292 2661 1467 2692 earumque
1499 2656 1607 2683 certas
1642 2659 1810 2682 mensuras

88 2719 92 2721 -
153 2697 161 2704 ”
214 2701 312 2740 atque
327 2707 496 2740 corporum
511 2699 637 2731 illorum
658 2698 842 2730 sublimium
861 2698 1102 2740 magnitudines
1126 2704 1164 2731 ut
1186 2704 1219 2731 et
1243 2699 1432 2730 altitudines
1450 2698 1663 2730 demonstrat.
1698 2697 1809 2730 Arith-

31 2760 34 2769 .
84 2742 144 2775 'ca
171 2748 303 2781 autem,
337 2745 413 2777 dum
441 2745 538 2787 hujus
562 2747 675 2788 quanti
701 2746 839 2786 corporis
862 2750 973 2786 partes
997 2746 1031 2777 in
1054 2756 1203 2778 numeros
1228 2747 1379 2786 conjicit,
1407 2745 1482 2776 illas
1511 2744 1755 2787 magnitudines
1777 2750 1812 2777 et

30 2802 34 2814 2
55 2820 60 2828 ἶ
92 2789 210 2823 dines
232 2793 376 2829 metitur,
400 2793 594 2835 tabulasque
618 2793 739 2827 condit,
764 2802 804 2824 ex
828 2793 941 2833 quibus
966 2793 1009 2824 ad
1032 2793 1164 2834 quodvis
1188 2793 1301 2824 datum
1325 2797 1452 2833 tempus
1476 2792 1644 2824 stellarum
1667 2793 1810 2824 omnium

51 2837 65 2844 ”
131 2837 278 2880 adeoque
300 2843 372 2872 tots
395 2841 476 2872 coeli
500 2841 602 2873 facies
627 2840 803 2872 exhibetur.
853 2839 924 2870 Etsi
949 2844 1059 2871 autem
1082 2841 1147 2872 ista
1172 2840 1364 2872 admiranda
1388 2844 1422 2870 et
1447 2839 1551 2871 ardua
1574 2840 1660 2876 sint,
1693 2839 1810 2872 harum

31 2913 37 2927 ,
58 2886 72 2924 J
111 2902 125 2910 .‚
150 2884 284 2917 ‘darm
307 2887 450 2930 remigiis
474 2888 518 2919 ad
540 2888 636 2931 longe
661 2888 779 2919 altiora
802 2886 970 2918 subvolare
994 2896 1052 2919 nos
1077 2888 1210 2919 eximius
1239 2886 1292 2918 hic
1323 2891 1432 2918 noster
1456 2886 1730 2924 Mathematicus,
1761 2886 1808 2919 M.

32 2934 35 2940 '
77 2939 206 2969 ‚unes
228 2932 454 2974 Keplerus,
481 2935 585 2975 docet.
625 2935 752 2977 Magna
775 2942 855 2965 sane
879 2937 966 2970 sunt,
992 2943 1076 2974 quae
1101 2934 1241 2966 artifices
1266 2934 1440 2965 astronomi
1465 2933 1529 2966 huc
1552 2943 1654 2975 usque
1677 2934 1809 2967 iuvene-

108 2987 119 2996 ·
142 2981 372 3012 astronomiam
396 2985 508 3013 tamen
531 2973 691 3014 hacteuus
714 2991 826 3019 omnes
849 2990 915 3012 uon
939 2980 1162 3025 111⁸]ssoeng
1186 2981 1290 3012 adorti
1314 2985 1401 3018 sunt,
1427 2986 1461 3013 et
1484 2986 1554 3013 tam
1569 2985 1688 3018 motus,
1713 2990 1811 3036 quam

36 3041 39 3047 =
79 3031 103 3050 ἰ
182 3026 268 3058 ·v‘es··
292 3032 326 3059 et
349 3028 522 3060 distantias
546 3039 587 3060 ex
609 3029 684 3061 solis
707 3028 982 3061 observationibus
1015 3028 1175 3070 indagare
1208 3028 1397 3060 docuerunt.
1444 3029 1499 3059 An
1523 3032 1632 3060 antem
1657 3028 1678 3059 a
1700 3029 1809 3070 priori,

35 3081 39 3095 t
72 3114 90 3117 ‚
95 3070 140 3103 ὁ
160 3072 266 3106 fronte
287 3074 372 3106 unm
394 3076 461 3107 ista
483 3076 671 3108 dimetiendi
695 3080 810 3117 pateat
835 3075 962 3114 aditus,
991 3075 1042 3106 vel
1066 3085 1152 3107 anne
1182 3075 1251 3107 ulla
1283 3075 1369 3112 alia,
1402 3082 1533 3116 praeter
1556 3076 1807 3114 observationes,

36 3129 40 3138 ¹
80 3133 81 3137 ¹
111 3136 113 3142 ·
131 3132 158 3144 --
172 3119 225 3152 ’ca
247 3131 362 3158 norma
383 3122 531 3155 inventos
554 3127 700 3157 motuum
724 3128 759 3156 et
781 3123 1002 3169 quantitatum
1026 3132 1175 3155 numeros
1200 3123 1408 3156 examinandi
1429 3122 1543 3156 haberi
1571 3123 1693 3164 possit,
1730 3122 1809 3156 nulli

107 2012 204 2054 Quae
230 2016 447 2054 „matrimonii
471 2015 614 2048 statum'‘
641 2015 777 2057 Kepleri
802 2016 963 2054 attinent,
989 2015 1114 2047 nullam
1139 2015 1179 2047 de
1203 2016 1253 2047 his
1280 2015 1422 2047 antehac
1447 2015 1491 2047 ad
1514 2013 1726 2046 Maestlinum
1744 2013 1808 2046 de·
1839 1987 1841 1990 «

109 2295 348 2331 Praefatio
372 2303 483 2332 autem
507 2299 742 2331 Maestlini
766 2299 850 2332 haec
875 2303 944 2331 est:
1811 2316 1894 2327 ,ι

1834 1701 1982 1793 Χ

1908 1904 1982 1922 „aaa

1908 1931 1915 1934 ,
1920 1926 1946 1932 .,.
1951 1924 1982 1931 -a-

1893 1941 1982 1951 ’.ι-...α-

1898 2308 1982 2319 ..ι-Λ
