1982 3268
791 134 1006 166 Prooemium.
1741 132 1791 176 31

76 200 90 218 0

5 243 157 278 ω
171 240 271 284 nnpl.
288 239 572 283 reprehensionem
586 239 695 272 hiddi.
714 236 763 278 ιι)
798 239 916 282 Itaque
938 248 1015 272 vere
1029 223 1117 271 mihi
1141 239 1263 272 accidit
1285 240 1465 273 seeundum
1489 239 1575 272 illins
1599 240 1797 281 symbolum:

0 289 680 344 'mmm
709 286 832 319 Verum
856 287 934 329 quia
955 288 990 319 in
1013 287 1062 318 tui
1087 287 1229 329 gratiam
1254 288 1287 319 id
1311 288 1436 320 factum
1461 293 1527 323 est,
1559 289 1667 320 minus
1690 288 1797 326 doleo,

4 337 118 374 ficu
141 336 228 369 enim
251 334 446 379 gratificari,
481 335 541 367 etsi
571 343 803 375 nonnunquam
835 334 887 366 vel
917 343 983 366 non
1016 343 1089 366 raro
1112 333 1286 376 plurimum
1309 335 1387 366 mihi
1411 334 1532 367 laboris
1555 335 1632 367 inde
1657 341 1796 373 creetur,

3 388 138 426 ,natm
156 381 402 416 31:111.me
426 391 536 414 morae
561 381 767 413 diuturnioris
792 390 894 413 causa
918 391 980 424 ego
1002 376 1149 423 profecto
1172 391 1238 414 non
1263 382 1320 420 ini,
1347 381 1405 414 sed
1427 383 1547 423 partim
1570 383 1676 424 ipsum
1700 393 1796 448 opus·

4 431 127 468 eninm,
151 431 270 472 partim
293 429 487 472 typographi
509 429 657 460 minister
679 427 852 470 typotheta
876 432 910 460 et
933 428 1068 460 tandem
1091 428 1226 460 schema
1250 430 1317 462 aeri
1342 428 1574 470 insculptumst‘

94 477 201 515 Dein,
231 477 399 510 recensitis
431 476 730 514 emendationibus,
764 485 851 517 quae
874 476 935 516 ipsi
959 476 1167 508 necessariae
1190 477 1281 508 visae
1311 480 1408 512 sunt,
1440 476 1488 508 sic
1512 477 1636 519 pergit:
1674 476 1797 510 Omnes

0 524 179 568 parumn
200 524 336 568 perlegi.
360 524 434 557 ideo
459 525 560 556 etiam
583 522 724 565 qnotidie
749 522 793 556 ad
815 523 983 555 minimum
1007 522 1119 557 semel
1146 528 1183 555 ut
1205 523 1378 565 plurimum
1402 523 1462 560 bis,
1486 533 1552 555 non
1577 534 1650 556 raro
1674 529 1735 564 ter,
1762 526 1797 557 iu

274 571 516 604 ascendendum
538 570 615 603 mihi
641 570 713 606 fuit,
738 575 776 602 ut
800 579 909 602 coram
935 570 979 602 ad
1002 579 1118 602 manus
1142 571 1345 613 typographo
1371 571 1539 607 adessem.
1564 575 1612 610 ut,
1638 579 1796 613 quantum

0 619 219 653 ocdutiasimo
241 619 393 661 possibile
416 619 480 656 sit,
513 626 762 660 praecaverem,
796 627 838 649 ue
872 618 986 651 erratis
1019 617 1101 650 liber
1123 623 1277 650 scateret.
1326 617 1450 650 Verum
1479 618 1572 651 video
1599 620 1689 659 Jam
1722 625 1796 652 utut

0 670 131 700 me
153 665 382 702 laboraverim,
413 665 498 709 qnod
521 665 678 697 nonnulla
701 669 814 697 tamen
839 669 949 697 errata
970 674 1060 697 meos
1085 665 1194 697 oculos
1219 669 1254 697 et
1276 665 1474 698 indefessum
1498 665 1643 698 laborem
1666 666 1790 699 fefelle-

0 717 86 748 mta
135 712 291 756 Singula,
315 717 487 755 postquam
511 721 634 745 excusa
656 711 803 745 fuerunt.
830 712 1001 754 diligentia
1025 712 1096 754 pari
1121 712 1266 755 relegere
1290 717 1324 744 et
1348 717 1458 745 errata
1481 712 1607 755 reliqua
1631 713 1796 756 colligere,

0 770 63 804 qe
83 761 230 804 profecto
251 765 383 803 propter
406 760 489 793 aliu
514 760 746 801 occupationes
769 769 835 791 nou
858 760 959 801 potui.
1002 759 1084 792 Cum
1108 764 1168 792 tua
1191 759 1330 801 epistola
1353 758 1399 800 (v.
1418 758 1461 800 s.)
1486 769 1530 792 ea
1553 761 1694 794 collecta
1715 761 1793 793 mihi

0 808 147 849 m,
172 817 216 842 ea
238 808 317 841 aa&
340 807 478 850 amplius
501 817 567 839 non
590 811 776 849 potuerunt,
801 815 881 839 nam
904 807 1001 839 nimis
1025 816 1096 838 sero
1121 816 1163 839 ea
1186 807 1392 840 adveniebat.

92 855 188 896 Quod
210 854 384 889 Bhetici
408 855 628 888 narrationem
652 854 870 894 adjiciendam
895 854 1027 894 censui,
1059 854 1156 887 facile
1185 856 1276 895 potui
1306 855 1486 896 conjicere,
1515 860 1646 897 propter
1668 860 1793 888 sumtus

0 904 138 946 nidmu
162 902 198 936 id
220 902 281 936 tibi
304 912 474 935 onerosum
497 902 576 934 iore.
624 901 749 933 Verum
773 901 869 934 crede
892 900 989 940 mihi,
1015 901 1111 934 crede
1135 902 1191 935 iis.
1226 903 1280 944 qui
1304 902 1417 934 dextre
1442 907 1477 935 et
1499 903 1569 935 sine
1593 903 1792 944 praeiudicio

0 949 39 984 h
58 954 96 983 te
119 955 242 993 tuoque
264 951 384 992 scripto
403 950 565 991 judicant.
591 959 656 981 non
681 950 752 989 ejus
774 949 963 990 poenitebit,
987 958 1050 981 nec
1074 950 1243 990 poeniteat
1258 954 1304 986 te,
1327 951 1404 991 quia
1419 950 1591 991 plurimum
1611 950 1693 982 lucis
1715 951 1792 983 inde

0 997 45 1031 nd
65 1002 159 1031 tunm
181 998 337 1040 miptum
359 997 453 1030 redit.
493 996 595 1039 quue
615 1000 710 1028 tanto
734 997 839 1039 magis
862 1000 993 1039 gratum
1016 996 1110 1033 foret,
1136 1006 1211 1029 cnm
1234 1005 1310 1039 pag.
1339 995 1377 1028 11
1407 1006 1447 1030 ex
1469 997 1613 1039 professo
1637 997 1792 1031 lectorem

0 1045 40 1079 ad
63 1054 139 1078 eam
161 1045 383 1088 narrationem
408 1044 551 1086 ableges.
602 1042 725 1083 Quodsi
750 1052 792 1076 ea
815 1048 939 1079 careat,
965 1043 1092 1076 videtur
1113 1045 1147 1076 in
1172 1043 1326 1086 Utopiam
1351 1044 1550 1087 ablegatus.

86 1091 184 1126 Nunc
208 1097 330 1126 cetera.
378 1091 560 1124 'tabellario
584 1095 661 1128 tuo,
691 1095 863 1133 postquam
888 1101 928 1124 ex
950 1091 1081 1123 Alsatia
1109 1091 1223 1128 rediit,
1258 1091 1380 1134 aliquot
1404 1068 1606 1134 exemplaria
1623 1093 1789 1134 imponere

0 1139 152 1175 volebam.
193 1138 316 1172 Verum
341 1140 419 1182 qnia
441 1139 509 1180 typi
534 1139 628 1170 aenei
652 1138 768 1170 tabula
792 1138 935 1170 nondum
961 1138 1111 1170 absoluta
1134 1138 1254 1175 fuerat,
1280 1142 1314 1170 et
1336 1139 1414 1180 quia
1438 1138 1487 1172 St.
1511 1139 1691 1172 Steinlinus
1714 1150 1788 1182 pro

0 1185 124 1229 pedion
146 1186 223 1219 hinc
245 1187 448 1229 profecturus
473 1190 554 1225 erat,
580 1185 768 1217 tabellarius
790 1189 865 1217 tuus
881 1189 1008 1218 mutato
1025 1186 1159 1218 consilio
1176 1186 1375 1227 exemplaria
1397 1186 1450 1219 hic
1474 1186 1604 1229 reliquit
1628 1188 1788 1219 animum-

0 1243 59 1277 ῃυ
81 1234 219 1271 induxit,
244 1243 311 1266 non
335 1244 430 1276 equo,
455 1243 551 1275 quem
575 1237 718 1265 emturus
741 1233 860 1269 fuerat,
886 1233 943 1265 sed
967 1233 1103 1274 pedibus
1128 1233 1258 1265 domum
1282 1235 1399 1266 reverti
1423 1234 1518 1266 velle.
1566 1233 1690 1267 Verum
1715 1245 1789 1267 eum

0 1291 57 1324 ugo
81 1281 235 1315 Stu’nlini
256 1281 435 1314 discessum
459 1285 611 1322 expecto
647 1289 724 1312 ecce
751 1281 822 1320 jam
853 1284 931 1312 ante
960 1279 1083 1322 aliquot
1111 1280 1181 1313 dies
1205 1290 1303 1323 quam
1328 1290 1399 1323 ego
1414 1283 1556 1323 comperi
1581 1281 1786 1318 discesserat,

0 1338 179 1372 {uunquam
207 1328 351 1361 nondum
374 1328 519 1370 perfecto
542 1331 620 1368 typo
645 1336 759 1359 aeneo.
801 1326 878 1359 Jam
902 1337 977 1359 vero
1001 1327 1045 1359 D.
1071 1327 1113 1359 N.
1139 1327 1269 1360 Veneto
1294 1327 1583 1370 Gruppeubachius
1608 1327 1653 1360 25
1678 1339 1786 1361 exem-

0 1375 98 1419 pluis
129 1376 311 1410 commisit.
349 1384 434 1418 quae
463 1383 531 1406 una
560 1385 633 1406 cum
663 1364 750 1406 libris
779 1374 906 1406 inclusa
930 1374 1097 1406 Graetium
1121 1375 1213 1407 seret.
1263 1375 1447 1407 Tabellaria
1471 1386 1599 1419 quoque
1620 1379 1787 1418 praesenti

0 1423 138 1460 nm‘ni
162 1420 185 1453 7
208 1422 407 1464 exemplaria
430 1421 474 1455 ad
497 1427 531 1454 te
556 1421 776 1463 deportanda,
802 1421 917 1463 quibus
942 1421 1106 1454 residuum
1129 1424 1198 1462 ejus
1223 1422 1352 1457 addidi,
1382 1425 1474 1464 cujus
1496 1428 1624 1465 partem
1648 1424 1787 1466 priorem

0 1468 115 1509 ῌιῶ
132 1470 219 1503 misi.
266 1469 409 1512 Reliqua
431 1478 490 1511 per
512 1470 697 1512 Augustam
719 1470 906 1503 mittentur.
934 1470 1019 1501 sicut
1043 1479 1082 1501 ex
1107 1469 1368 1511 Gruppenbachii
1392 1470 1494 1503 literis
1517 1471 1691 1513 intelliges.

9 1539 28 1558 2>
83 1517 166 1551 Gum
190 1516 461 1560 Grupponbachio
485 1522 541 1549 tuo
566 1517 695 1548 nomine
718 1517 766 1547 sic
789 1520 907 1557 paetus
938 1526 1029 1548 sum:
1065 1517 1230 1559 exemplar
1261 1517 1426 1559 quodlibet
1456 1528 1513 1560 pro
1539 1517 1584 1549 10
1609 1519 1784 1562 crucigeris

0 1565 169 1604 medere
193 1565 277 1602 vult,
302 1563 365 1596 boc
390 1569 441 1596 est
462 1574 526 1605 pro
545 1562 590 1595 28
614 1563 786 1595 nummulis
811 1563 1105 1606 Wirtembergicis‚
1135 1570 1212 1596 sunt
1235 1565 1322 1597 enim
1347 1563 1393 1596 28
1415 1565 1582 1608 plagulae.
1630 1566 1662 1597 A
1685 1571 1784 1608 paeto

0 1604 102 1647 Ῐιὲαιι
123 1609 194 1644 200
218 1611 449 1654 exemplarium
473 1620 572 1654 aegre
595 1611 728 1643 recedit.
777 1610 850 1642 Hoc
875 1620 952 1653 ergo
975 1611 1118 1644 medinm
1140 1612 1218 1644 inii:
1249 1621 1310 1654 ego
1335 1612 1450 1645 eodem
1472 1614 1577 1655 pretio
1603 1612 1650 1646 50
1674 1623 1783 1647 exem-

0 1648 93 1705 ᾖ,-
113 1667 263 1697 umam,
286 1663 324 1692 ut
346 1659 406 1691 tibi
432 1656 499 1690 150
523 1663 654 1690 tantum
677 1658 849 1699 supersint.

83 1705 209 1747 Qubm
234 1710 270 1739 et
291 1706 451 1749 quomodo
476 1705 673 1747 exemplaria
696 1709 752 1736 tuo
776 1705 907 1737 nomine
924 1705 1115 1738 distribuere
1132 1707 1316 1743 conveniat,
1341 1706 1421 1739 mihi
1439 1707 1569 1749 quidem
1591 1717 1650 1750 per
1672 1708 1784 1742 literas

0 1749 171 1796 mutus.
218 1753 354 1787 Manem
378 1758 489 1785 autem
514 1753 663 1785 disertius
686 1761 842 1807 personas
865 1752 944 1784 mihi
968 1754 1189 1790 nominasses,
1214 1764 1287 1786 meo
1312 1756 1398 1786 enim
1423 1755 1582 1787 arbitram
1604 1755 1659 1788 hic
1684 1764 1783 1799 agere

0 1797 162 1843 Ἂιιηόιῶι
185 1800 314 1833 difficile
338 1800 416 1833 mihi
442 1805 503 1832 est.
551 1800 627 1832 Non
651 1799 762 1831 dubito
786 1801 863 1842 quin
886 1799 932 1831 ill.
957 1806 1067 1832 nostro
1091 1802 1228 1842 principi
1252 1803 1384 1844 ejusque
1410 1802 1487 1834 cels.
1512 1802 1598 1842 filio,
1630 1813 1692 1836 nec
1715 1814 1783 1837 non

0 1840 79 1890 fici
80 1845 334 1891 Lunebnrgensi
356 1849 475 1880 rectori
503 1851 613 1880 nostro
642 1856 755 1889 magu.
788 1847 921 1889 singulis
955 1847 1086 1889 singula
1116 1848 1314 1890 exemplaria
1348 1849 1461 1881 donari
1485 1850 1537 1882 vel
1561 1849 1668 1882 offerri
1691 1851 1781 1884 velis.

0 1892 81 1929 {be
90 1896 159 1928 tm
181 1895 380 1937 campinia
401 1894 608 1927 mediocriter
631 1894 803 1935 splendida
825 1894 919 1936 ligari
945 1903 1032 1930 curo.
1058 1895 1172 1936 quibus
1196 1900 1287 1927 tuum
1303 1906 1422 1929 nomen
1437 1906 1539 1929 manu
1561 1901 1623 1929 tua
1644 1899 1779 1940 inscn‘p-

0 1949 58 1979 η
80 1950 154 1976 me
177 1943 401 1976 conveniebat.
450 1941 574 1974 Verum
598 1943 674 1984 quia
698 1941 731 1973 id
754 1942 875 1974 frustra
899 1946 985 1983 opto,
1012 1941 1097 1973 dabo
1121 1952 1272 1985 operam,
1297 1949 1336 1975 ut
1357 1945 1489 1976 nomine
1512 1949 1569 1976 tuo
1593 1946 1777 1978 tradanmr.

77 1990 193 2033 quihus
217 1989 290 2023 aliis
313 1990 385 2022 dari
408 1990 507 2028 velis,
539 2000 601 2032 ego
624 1990 769 2031 profecto
791 1990 922 2027 nescio,
953 1998 1015 2021 nee
1044 1994 1141 2030 puto,
1175 1991 1261 2032 quod
1283 1992 1430 2024 omnibus
1452 1993 1683 2034 professoribus
1709 1993 1779 2026 dari

172 2037 288 2080 quibus
312 2035 448 2070 autem?
489 2036 639 2069 Profecto
657 2045 718 2078 ego
735 2037 869 2068 uomina
885 2046 995 2068 eorum
1010 2036 1088 2068 mihi
1113 2037 1287 2079 designata
1309 2038 1506 2071 maluissem.
1549 2039 1638 2079 Quos
1655 2042 1778 2073 amicos

50 2087 56 2090 ’
82 2085 184 2118 insu
141 2084 303 2127 stipendio
325 2084 531 2116 honorandos
553 2088 666 2125 putes,
691 2084 805 2116 itidem
828 2084 955 2120 nescio,
985 2093 1047 2116 nec
1072 2084 1200 2122 dubito,
1232 2086 1266 2117 in
1291 2085 1518 2118 distribuendis
1542 2088 1776 2129 exemplaribus

0 2125 105 2167 Q
128 2140 166 2164 se
187 2141 321 2164 nmero
346 2132 377 2164 ei
401 2136 680 2164 annumeratums.
730 2130 826 2170 Quod
850 2132 878 2162 si
901 2131 989 2163 brevi
1012 2132 1217 2164 occasionem
1241 2134 1386 2174 responsi
1410 2135 1458 2165 tui
1480 2143 1611 2175 sperare
1634 2145 1774 2176 possem,

0 2184 156 2215 m
177 2188 247 2211 rem
270 2188 345 2211 eam
368 2178 592 2211 dilatationem
616 2179 699 2211 ferre
723 2187 838 2219 posse;
869 2178 928 2210 sed
951 2178 1100 2219 prolixior
1123 2189 1213 2216 sum,
1247 2189 1346 2222 quam
1370 2182 1498 2213 animus
1523 2185 1595 2213 erat
1618 2187 1653 2214 et
1676 2192 1775 2224 quam

0 2224 72 2266 aba
93 2226 325 2272 occupationes
346 2230 538 2268 praesentes
560 2226 644 2258 ferre
661 2229 814 2267 possunt:
851 2224 1011 2257 Dominus
1028 2224 1120 2257 Deus
1144 2230 1190 2263 te,
1214 2230 1274 2259 tua
1297 2228 1406 2260 studia.
1430 2233 1464 2260 et
1486 2238 1545 2261 nos
1570 2239 1682 2261 omnes
1707 2230 1773 2262 cle-

0 2275 111 2309 m
127 2276 305 2305 conservet.
341 2271 515 2305 Plurimum
539 2273 679 2306 salutem
701 2282 779 2315 rogo
804 2272 896 2304 dicas
919 2282 992 2304 meo
1017 2273 1148 2305 nomine
1165 2273 1205 2305 cl.
1226 2275 1293 2306 viro
1310 2275 1439 2307 domino
1455 2285 1529 2308 meo
1544 2280 1701 2318 perpetuo
1718 2287 1770 2309 co-

0 2318 169 2354 mmo
190 2319 236 2352 D.
260 2318 427 2352 D.w·11h.
452 2319 726 2352 Zimmermanno
773 2319 859 2351 Vale
883 2319 1032 2352 feliciter.

0 2401 42 2460 gg
72 2412 237 2456 sepior-1⁸
259 2413 429 2455 respondit
452 2413 483 2445 a.
510 2412 543 2445 9.
569 2411 647 2453 (19)
672 2413 791 2454 Aprilis
818 2410 929 2445 1597:

0 2464 40 2517 ἓξ
98 2472 281 2514 Salutem
310 2473 531 2525 plurimam.
583 2471 699 2518 Quod
728 2473 890 2511 tandem
921 2472 1133 2525 aliquando
1165 2474 1329 2526 elephas
1358 2488 1469 2516 meus
1498 2476 1666 2529 peperit,
1700 2490 1771 2517 nec

55 2562 57 2564 -
95 2545 137 2572 a
165 2532 355 2584 temporis
386 2533 469 2572 ulla
500 2531 634 2571 libello
664 2543 751 2571 meo
783 2531 996 2571 difficultas
1029 2545 1054 2571 a
1079 2532 1298 2583 scripturae
1320 2547 1458 2575 sacrae
1484 2536 1770 2585 defensoribus,

1 2586 74 2649 *ss*
113 2592 367 2636 metuebam,
406 2591 567 2643 objecta
603 2589 696 2638 fuit,
740 2590 920 2642 equidem
949 2590 1036 2630 Deo
1068 2589 1262 2631 conditori
1299 2593 1442 2634 devote
1486 2594 1638 2646 gratias
1678 2607 1768 2646 ago.

3 2649 80 2659 '
108 2650 177 2699 is,
208 2656 265 2699 ut,
298 2651 400 2703 quod
431 2662 505 2702 ego
523 2649 679 2702 publice
700 2660 857 2700 quaero,
888 2649 1037 2700 passim
1069 2650 1174 2701 apud
1205 2663 1327 2691 sanos
1359 2658 1400 2692 et
1431 2653 1589 2703 copiose
1621 2666 1767 2705 sequa-

28 2721 127 2750 ;ex
151 2709 440 2761 jucundissima
477 2707 771 2760 speculatione;
810 2707 965 2747 scilicet
1001 2713 1045 2747 ut
1080 2709 1178 2748 fides
1215 2709 1264 2748 de
1302 2723 1430 2750 rerum
1462 2712 1663 2751 creatione
1695 2713 1769 2752 hoc

12 2817 15 2822 Ι
63 2785 136 2803 ηε·
172 2768 408 2808 adminiculo
434 2769 696 2814 confirmetur,
730 2765 957 2818 conditricis
961 2767 1125 2821 mentis
1144 2773 1288 2819 natura
1307 2776 1590 2825 cognoscatur,
1612 2771 1766 2824 major-

80 2826 195 2867 nobis
214 2827 389 2880 quotidie
409 2828 480 2867 fiat
503 2816 749 2866 inexhausta
765 2822 869 2864 illius
901 2813 1120 2877 sapientia:
1154 2831 1272 2878 atque
1304 2828 1404 2868 adeo
1437 2833 1481 2868 ut
1511 2830 1574 2869 vel
1604 2830 1766 2871 tandem

83 2902 88 2919 ι
122 2897 218 2926 suae
242 2886 387 2926 mentis
406 2887 512 2926 vires
537 2886 646 2938 justo
677 2883 834 2924 modulo
865 2884 1052 2924 metiatur
1083 2889 1124 2923 et
1155 2884 1368 2937 intelligat,
1402 2900 1489 2927 cum
1507 2887 1617 2928 Deus
1635 2890 1767 2930 omnia

4 2981 8 2992 ,
48 2944 299 2985 titatis
329 2957 487 2986 normas
519 2943 740 2985 condiderit
771 2943 809 2982 in
841 2947 927 2983 toto
957 2943 1124 2988 mundo,
1155 2950 1327 2984 mentem
1358 2946 1479 2986 etiam
1508 2946 1654 2988 homini
1685 2949 1761 2988 da-

77 3004 365 3102 thalia
396 3003 739 3102 compregiendat.
763 3002 869 3048 Nam
898 3006 943 3042 ut
974 3001 1109 3050 mulus
1134 3001 1185 3050 352
1207 3003 1748 3074 §moremgt-&dvm

3 3123 10 3167 .’
74 3118 140 3163 jue
158 3107 375 3181 quamlibet
397 3127 513 3163 tanto
537 3120 921 3181 rectiumperclplt
958 3132 1033 3160 nan
1054 3131 1082 3183 o

317 3173 637 3193 *umqag-,l-vvJ'-
649 3173 653 3177 “
936 3176 940 3177 ’
979 3171 1025 3182 Γ,
1031 3175 1058 3183 ν·
1090 3172 1154 3184 vti—b*
