2028 3242
751 27 794 59 «ι.
817 27 915 60 reims
938 26 1154 70 astrologia-u„
1549 51 1557 58 ,
1768 25 1851 69 341

127 129 438 182 Koplerus:
480 129 699 171 Octiduum
733 130 928 172 Paschati
966 131 1189 183 adjectum,
1233 131 1328 183 quia
1367 130 1499 173 triduo
1530 132 1695 173 aberrat
1732 133 1855 174 index

50 194 195 231 ποιων
204 188 518 230 mannaim-um.
582 189 731 230 Nescio
762 189 851 243 quis
881 201 956 229 nos
987 190 1039 230 ad
1070 189 1231 242 regulas
1262 189 1437 268 rusticas
1467 191 1732 244 ablegaverit,
1763 204 1855 234 cum

51 249 271 304 habeamus
298 248 601 294 astronomiam.

145 306 385 340 Fabricius:
420 306 492 349 Ego
514 311 615 348 puto.
638 315 742 340 novas
764 305 898 344 muas,
922 317 952 338 v.
977 316 1007 339 e.
1033 306 1115 339 anui
1137 302 1225 337 ¹572
1250 310 1286 338 et
1308 305 1500 340 hodiernam
1524 307 1559 340 in
1584 309 1683 351 cygni
1707 313 1853 350 pectore,

48 356 129 388 it-
151 356 355 388 emm
380 363 533 395 corpora,
567 364 635 386 uon
656 358 738 387 tunc
760 354 900 396 primum
934 353 1007 387 fieri
1030 354 1193 395 incipere,
1231 354 1340 396 quoad
1368 355 1564 391 meatim,
1601 365 1736 388 cum2se
1761 357 1855 388 nobis

49 398 283 443 eo-pidnda
311 400 490 443 mebent,
524 401 583 434 sed
606 401 641 433 ιιι
663 401 735 443 ipso
756 399 871 432 ιιιιιιιὸ
893 401 1068 442 primordio
1091 400 1244 433 conditu
1268 410 1359 437 ene,
1397 405 1433 434 et
1465 409 1488 433 a
1512 403 1631 435 ceteris
1655 403 1760 435 stellis
1782 404 1856 436 sola

48 448 302 482 hae-um
314 448 567 482 sedunus-s·
435 449 443 456 '
490 449 499 456 “
612 447 1853 493 &eousqnodinisextrmdinuienmadfflquidmundoagni-

49 495 216 532 seud—
251 495 351 530 enfi-
374 495 573 538 te-poribus
596 495 646 527 ui
669 495 895 533 οοιιιιιιιοιιις
929 494 1023 528 Deus
1046 504 1124 527 vero
1161 494 1227 526 illis
1261 494 1371 527 lucem
1401 495 1545 538 impertit
1577 497 1630 529 vel
1661 497 1854 530 immediate

48 537 859 585 ιοΙοιιι--ιῦιιομιιιιοιικριιιιοιιιιιιιι,
897 547 957 574 aut
989 541 1322 574 aliarumstellarum
1352 542 1767 581 fixarmnaccedeutium.
1801 545 1853 578 vel

50 593 144 624 certa
165 595 292 637 σχεσει
315 597 375 623 ιιι
398 589 640 631 aspicientium
690 589 738 622 Δι
760 590 938 632 quaeritur
963 599 1039 622 cum
1061 589 1173 622 lumen
1196 589 1325 622 mmm
1349 590 1384 622 ιιι
1406 591 1514 632 prima
1530 590 1690 623 effusione
1714 592 1760 623 sit
1781 596 1852 624 sta-

49 630 1614 679 mnam-mmndmnfimemumdispmsseuoempoemt‘

141 680 974 726 Bascoeaffitamaudaeterabstequaero,
999 683 1235 727 quod-ciam
1258 685 1852 728 teinimaginationibusmaxima-

49 728 783 773 ιἰιιμ-ιιιιοι-Ιιιιιιιιιριιιιιιιιιιιι
807 731 981 765 excellere.
1032 730 1188 773 optim
1212 731 1854 775 etalimquaehocannoinlucem

49 778 134 815 hta
153 782 244 816 sut.
265 786 390 820 quaes·
411 777 493 812 ιιιιΙιι
515 779 643 811 minas.
691 778 790 812 Vale.

165 825 440 878 Keplerus:
485 825 574 878 Ego
606 831 834 867 cometas
873 825 993 878 plane
1018 825 1201 866 naturale
1232 825 1326 878 quid
1359 838 1451 866 esse
1471 826 1645 878 judico,
1689 832 1734 867 et
1762 840 1852 867 cum

49 884 217 926 muudus
246 883 376 925 omnis
407 884 539 925 anima
569 884 711 936 plenus
741 885 818 933 sit,
850 891 947 937 puto
977 884 1053 924 hos
1085 884 1200 936 quasi
1232 897 1418 925 secessus
1450 885 1644 926 materiae
1676 886 1847 926 munda-

49 951 138 992 nae,
170 942 238 985 ubi
266 942 484 984 incrassati
515 942 675 993 fuerint,
707 943 883 984 calefieri
913 943 964 984 ab
984 943 1120 983 anima
1149 943 1312 996 fierique
1332 943 1473 984 bullas
1497 950 1542 984 ut
1566 944 1713 992 omnia,
1745 957 1848 997 quae

49 1002 179 1055 primo
206 1001 383 1045 aninam
412 1001 661 1054 concipiunt,
701 1015 804 1055 quae
835 1016 861 1042 a
891 1002 1058 1043 fixarum
1089 1001 1253 1043 animali
1299 1003 1494 1043 facultate
1525 1005 1619 1051 (seu
1657 1002 1735 1043 loci
1774 1016 1847 1044 seu

54 1060 259 1102 facultatis
290 1060 346 1101 sit
362 1061 587 1114 proprium)
613 1061 832 1113 quiescere,
866 1074 967 1113 quae
988 1075 1012 1101 a
1033 1061 1298 1113 planetarum,
1332 1062 1494 1102 moveri.
1557 1061 1729 1102 Stellam
1756 1062 1851 1102 anni

50 1117 107 1161 72
134 1120 230 1160 dieo
258 1119 408 1160 bullam
438 1119 580 1166 fuisse,
625 1133 750 1161 causa
781 1120 872 1160 hinc
902 1120 1062 1161 subitae
1102 1120 1202 1160 lucis
1232 1119 1439 1169 iudicium,
1484 1121 1589 1173 quod
1619 1121 1849 1161 successive

45 1179 202 1220 colores
219 1178 332 1220 iridis
352 1179 557 1219 aemulata
574 1185 653 1228 est,
686 1185 729 1219 ut
749 1179 859 1219 bulla
883 1179 1160 1231 smegmatica.
1175 1175 1220 1227 ⁴)
1268 1179 1330 1219 De
1350 1180 1520 1220 cometis
1540 1184 1674 1219 tamen
1695 1179 1848 1228 dubito,

49 1251 100 1278 an
130 1238 241 1279 intus
266 1237 378 1286 cavi3
409 1236 600 1278 refractio
632 1239 737 1278 enim
768 1244 934 1290 cogeret
964 1238 1099 1278 radios
1131 1243 1173 1277 et
1203 1238 1383 1278 sectione
1416 1238 1526 1278 facta
1557 1239 1701 1278 iterum
1726 1238 1851 1279 dissi-

50 1301 179 1350 paret.
240 1294 351 1337 Tuae
394 1296 620 1336 sententiae
663 1297 763 1337 nihil
794 1297 921 1337 officit
962 1297 1167 1337 naturales
1198 1309 1315 1345 esse;
1361 1296 1636 1348 significarent
1670 1297 1777 1337 enim
1807 1303 1854 1338 ut

51 1355 238 1408 eclipses.

164 1412 369 1467 Optica,
401 1418 599 1465 quatenus
630 1414 785 1466 optica,
818 1413 998 1462 absolvi3
1031 1419 1183 1460 restat,
1217 1419 1261 1453 ut
1292 1414 1341 1454 de
1374 1427 1448 1454 usu
1479 1414 1632 1463 dicam,
1679 1414 1706 1454 i.
1739 1427 1774 1454 e.
1808 1421 1852 1455 ut

49 1470 92 1514 4.
123 1470 167 1515 5.
197 1470 240 1514 6.
272 1472 523 1514 -Ptolemaei
562 1473 684 1513 libros
722 1485 824 1525 pene
865 1478 987 1512 totos
1013 1473 1129 1513 novis
1168 1472 1433 1525 problematis
1465 1473 1701 1526 exprimam
1764 1474 1849 1514 Im-

49 1545 195 1586 pressa
220 1544 298 1573 non
329 1537 447 1580 sunt;
472 1544 627 1584 ,magna
657 1531 873 1572 difficultas
905 1531 1155 1598 imprimendi
1187 1531 1276 1571 erit.

167 1590 274 1631 Vale
305 1582 468 1631 tandem
498 1596 541 1631 et
570 1603 632 1630 me
663 1604 768 1640 ama,
801 1591 986 1642 mihique,
1018 1591 1052 1630 si
1084 1603 1155 1642 per
1178 1590 1348 1630 dicteria
1377 1595 1419 1630 et
1451 1589 1738 1631 morsiunculas
1758 1596 1850 1631 tae-

50 1649 157 1690 dium
208 1648 390 1702 prolixae
438 1649 666 1702 scriptionis
714 1654 927 1698 (paginarum
962 1656 998 1687 in
1033 1655 1111 1688 folio
1146 1653 1209 1695 27)
1254 1649 1400 1690 alicubi
1451 1649 1592 1698 lenivi,
1651 1650 1850 1702 ignosces.

53 1709 161 1749 laem
191 1707 265 1748 tibi
296 1707 445 1748 licitum
477 1715 578 1748 esto.

167 1768 324 1820 pragae
355 1767 395 1807 d.
428 1765 469 1808 4.
501 1767 584 1807 Jul.
623 1763 751 1807 1603.
1338 1743 1387 1807 Τ.
1421 1765 1471 1806 ο.
1506 1766 1731 1806 Amantiss.

1379 1826 1423 1866 J.
1456 1824 1680 1879 Keplevw.

143 1883 235 1925 Quas
268 1883 382 1917 literas
406 1893 481 1916 cum
509 1883 674 1925 Keplerus
711 1885 860 1926 Augusto
896 1883 1028 1916 demum
1075 1893 1188 1916 mense
1222 1883 1389 1916 Esennam
1421 1884 1651 1919 transmiserit,
1691 1884 1852 1926 epistolae

50 1932 192 1965 Fabrin'i
221 1932 351 1964 iuterim
382 1931 427 1963 sd
449 1931 629 1973 Keplerum
661 1932 762 1964 datae
787 1929 860 1971 (28.
886 1931 963 1963 Jun.
996 1930 1030 1964 4.
1056 1931 1121 1963 Jul.
1161 1930 1218 1962 21.
1243 1930 1365 1974 Aug.).
1400 1933 1486 1964 sicut
1518 1933 1619 1963 etiam
1656 1932 1852 1974 posteriores

4 1973 9 1981 ’
48 1988 161 2012 mune
184 1977 270 2011 Doe-
296 1976 387 2010 1603
411 1979 554 2010 refertae
576 1983 654 2010 sunt
676 1979 816 2020 querelis
840 1983 875 2011 et
898 1979 1053 2016 monitis.
1088 1979 1204 2020 quibus
1227 1979 1409 2020 Keplerum
1434 1978 1479 2011 ad
1501 1978 1766 2033 respondendum
1790 1980 1850 2011 im·

50 2026 163 2068 pdlat.
212 2025 342 2064 „mooe
366 2026 480 2059 ambit
503 2023 536 2057 s.
562 2025 651 2063 Jul„
684 2026 729 2059 ad
752 2030 787 2058 te
811 2027 1095 2068 praestantissime
1118 2026 1425 2059 mathematicorum
1449 2027 1551 2058 nostri
1575 2027 1679 2058 seculi
1702 2027 1854 2068 princeps

52 2073 193 2109 Doun'ue
214 2073 373 2114 Keplere,
397 2078 448 2105 ter
471 2076 629 2114 quaterve
654 2070 704 2113 (ιιι
727 2073 830 2104 literis
856 2072 912 2104 28.
938 2073 1031 2105 .ῐιιιιιι
1054 2073 1184 2105 scribit:
1211 2071 1332 2113 sexies)
1358 2073 1520 2106 hactenus
1544 2073 1740 2114 scripserim,
1763 2073 1853 2106 vide-

51 2121 96 2153 ιιι
117 2118 232 2152 tamen
256 2120 367 2152 omnia
391 2119 442 2151 vel
467 2129 507 2151 ex
530 2121 697 2160 proposito
721 2120 772 2152 vel
797 2121 870 2152 aliis
894 2120 1135 2162 impedimentis
1169 2120 1299 2152 silentio
1333 2122 1524 2162 praeterire.
1572 2119 1643 2152 Nisi
1676 2126 1789 2152 autem
1813 2121 1854 2153 (le

53 2173 112 2199 tna
144 2166 354 2199 hummitate
387 2170 422 2198 ot
450 2167 647 2198 rescribendi
677 2167 840 2198 facilitate
865 2171 900 2199 et
934 2167 1168 2208 promtitudine
1202 2167 1280 2198 mihi
1316 2173 1371 2200 sat
1406 2171 1591 2202 constaret..
1629 2172 1782 2208 putarem
1818 2172 1853 2199 te

52 2222 144 2246 mess
175 2214 319 2245 amari
342 2213 475 2249 literas,
512 2218 572 2244 aut
595 2222 708 2245 earum
731 2213 946 2256 legendarum
976 2214 1087 2246 taedio
1123 2219 1158 2245 te
1182 2214 1344 2247 laborare.
1393 2214 1534 2253 Quando
1567 2225 1642 2247 vero
1667 2215 1855 2247 commodus

58 2262 138 2293 mihi
160 2270 250 2292 nunc
273 2260 371 2292 datur
394 2260 488 2298 lator,
524 2260 611 2292 volui
635 2261 754 2292 ceteris
778 2265 813 2292 et
835 2261 937 2292 hasce
962 2261 1143 2302 adjungere
1167 2261 1301 2299 literas,
1326 2266 1365 2294 ut
1388 2262 1435 2293 sic
1461 2262 1504 2293 acl
1531 2261 1795 2302 respondendum
1819 2266 1854 2293 te

59 2308 195 2341 tandem
223 2306 400 2350 aliquando
432 2307 671 2348 permoream.“
722 2307 870 2344 Deinde,
897 2306 953 2338 21.
979 2309 1120 2349 Augusti
1145 2309 1191 2339 sic
1216 2309 1342 2350 pergit:
1376 2308 1540 2340 Uranicus
1574 2309 1670 2340 ardor
1694 2308 1855 2340 deferbuit

59 2355 213 2391 multum,
246 2355 439 2396 praesertim
462 2353 549 2395 quod
573 2354 681 2385 oleum
704 2354 942 2395 Keplerianum
966 2354 1091 2386 nullum
1125 2355 1263 2395 amplius
1287 2355 1432 2396 lampadi
1463 2359 1597 2390 nostrae
1621 2354 1855 2396 suppeditetur.

58 2399 122 2435 Die
146 2400 203 2433 22.
229 2401 311 2434 Dec.
338 2399 387 2441 (l.
412 2401 490 2433 Jan.
518 2398 646 2440 16⁰4),
671 2402 766 2442 quasi
794 2401 940 2433 nondum
973 2402 1157 2442 accepisset
1188 2401 1323 2442 Kepleri
1349 2411 1560 2442 responsum,
1586 2402 1718 2433 scribit:
1757 2401 1855 2439 „Non

58 2454 156 2492 puto,
191 2453 226 2482 te
249 2449 449 2481 liberalitate
472 2457 550 2480 mea
574 2448 758 2488 opponendi
784 2449 944 2480 offensum
967 2449 1079 2480 fuisse.
1127 2448 1206 2480 Feci
1230 2449 1263 2480 id
1286 2459 1353 2480 non
1378 2448 1554 2480 cavillandi
1577 2449 1686 2480 studio
1711 2447 1858 2489 (spectat

28 2498 33 2503 '
58 2498 110 2530 his
132 2505 185 2532 et,
211 2505 296 2539 quae
321 2506 397 2527 cum
420 2495 564 2536 Keplero
589 2495 630 2526 de
655 2494 772 2527 Martis
795 2496 936 2527 motibus
961 2496 1041 2537 egit,
1066 2493 1239 2527 referenda
1263 2496 1307 2527 ad
1333 2495 1515 2527 Comment.
1536 2494 1692 2535 Martis).
1717 2496 1776 2528 sed
1798 2505 1854 2527 ve-

57 2545 166 2582 rinus
189 2545 309 2576 saltem
330 2542 545 2584 inquirendae
570 2542 706 2574 causa.“
756 2542 925 2584 Denique,
951 2542 1123 2584 quatriduo
1144 2548 1236 2584 post:
1277 2542 1393 2584 „Rogo
1418 2547 1511 2574 tuam
1533 2542 1780 2574 Praestantiam
1799 2553 1857 2584 pro

59 2595 174 2624 nonus
196 2590 343 2623 Uranica
367 2590 532 2626 amicitia,
556 2594 595 2621 ut
619 2589 662 2620 ad
687 2590 896 2630 quaestiones
922 2594 957 2621 et
979 2599 1083 2630 nuper
1106 2593 1141 2620 et
1164 2600 1251 2622 nunc
1275 2590 1457 2631 propositas
1482 2590 1676 2631 respondere
1702 2589 1856 2632 digneris,

59 2648 123 2675 nec
145 2647 307 2670 remoram
330 2637 480 2678 injicias,
519 2637 604 2678 quod
628 2646 744 2679 pamm
768 2637 892 2668 fruetus
916 2637 975 2668 tibi
1001 2646 1042 2667 ex
1063 2645 1141 2667 mea
1165 2637 1312 2668 amicitia
1344 2637 1514 2678 obtingere
1540 2637 1652 2678 possit.
1701 2636 1857 2668 Balbutio

60 2687 96 2718 οἱ
118 2685 230 2718 mee
221 2696 257 2717 ιιι
280 2684 524 2716 mathematicis
547 2685 715 2725 ingenium
738 2683 878 2715 libenter
902 2693 1056 2726 agnosco.
1105 2682 1269 2715 Voluntas
1293 2693 1360 2715 non
1383 2688 1454 2715 tam
1477 2683 1568 2719 mihi,
1592 2693 1691 2725 quam
1714 2684 1857 2716 facultas

59 2737 97 2764 et
116 2732 332 2765 cmmoditas
354 2731 517 2763 hactenus
541 2731 660 2763 defuit.
708 2730 805 2762 Nunc
829 2731 965 2762 meliora
988 2739 1100 2771 spero,
1134 2731 1212 2772 quia
1237 2731 1280 2763 ad
1305 2740 1424 2763 novam
1449 2731 1666 2763 conditionem
1691 2735 1858 2772 promotus

59 2789 144 2817 mm,
168 2789 267 2821 quam
289 2779 379 2811 brevi
402 2778 599 2820 suscipiam¹‘
628 2776 784 2819 (pastoris
809 2787 928 2809 munus
954 2775 1119 2816 Ostelae).

152 2826 205 2858 Tu
227 2826 372 2868 qnotidie
395 2826 431 2857 in
456 2826 534 2857 aula
559 2826 708 2860 versaris,
733 2830 767 2856 et
791 2828 884 2856 tuum
909 2834 1028 2856 nomen
1053 2824 1137 2856 adeo
1162 2828 1272 2855 nostro
1296 2823 1438 2856 Domino
1463 2828 1497 2856 et
1521 2823 1593 2856 aliis
1618 2825 1799 2865 praecipuis
1822 2826 1859 2856 ιιι

61 2883 105 2913 ea
126 2873 202 2906 viris
226 2877 357 2911 notum,
394 2882 435 2904 ac
459 2873 486 2904 si
510 2873 565 2904 hic
589 2873 722 2904 viveres.
771 2871 933 2903 Dominus
957 2871 1181 2903 Gancellarius
1202 2871 1349 2903 Francus
1384 2876 1419 2903 te
1442 2871 1508 2903 huc
1539 2871 1659 2903 salario
1682 2872 1773 2913 regio
1797 2872 1856 2904 ad·

62 2930 181 2953 nem
206 2920 395 2956 consumit,
430 2920 475 2951 ad
498 2920 730 2960 professionem
756 2919 986 2950 scholasticam
1015 2919 1048 2950 in
1074 2919 1246 2960 gymnasio
1279 2919 1455 2959 praecipuo
1479 2918 1672 2951 obeundam.
1722 2918 1859 2951 Utinam

61 2967 214 3001 fiet-etet
236 2972 275 2999 tu
298 2966 410 2999 induci
433 2967 565 3008 posses!
616 2966 685 3008 Ego
710 2967 794 2998 adeo
820 2967 885 2997 tuis
910 2965 1187 3007 speculationibus
1210 2975 1299 2998 nunc
1323 2965 1485 3002 delector,
1518 2966 1623 3007 iisque
1646 2969 1777 2998 tantum
1799 2968 1857 2998 tri·

62 3013 146 3051 buo.
167 3018 206 3046 ιι
227 3024 281 3047 me
303 3013 445 3056 pudeat,
481 3014 647 3055 scripsisse
672 3013 733 3044 tibi
759 3013 799 3045 de
823 3013 904 3045 meis
928 3014 1035 3055 nugis.
1086 3012 1157 3044 Tibi
1183 3012 1292 3044 divina
1315 3013 1423 3055 gratia
1455 3014 1623 3056 ingenium
1647 3013 1858 3046 matbemati-

13 180 46 189 ἱ
