2028 3242
240 6 322 59 *is
348 3 392 45 {⁷⁶⁴
476 10 563 63 βιιῖ,
583 7 642 49 ks*
659 15 757 65 fvj-›w-
799 0 940 75 &exl-
937 31 959 59 Ι
978 35 1019 59 Η,
1016 0 1154 71 ‘'gia-5²7²)
1428 0 1448 15 *³
1623 4 1626 6 ‘
1861 0 1983 18 μ’

94 43 97 46 ¹
159 58 321 117 246Ὕῖἷ
345 57 370 72 'NJ
406 54 450 72 ,Μ’
472 54 507 66 ..
558 55 616 105 Al·
890 64 1065 112 Apologia
1067 63 1243 111 '‘l‘y'chonis

159 180 434 234 hypotheseos
467 191 491 218 a
522 182 608 218 tam
639 176 848 229 praeclaro
881 188 1003 228 opere
1035 176 1207 216 lectores
1241 175 1580 219 absterrerentur,
1612 174 1694 214 ista
1726 173 1840 231 quasi
1871 173 1975 214 leni-

159 243 302 294 Q
340 237 449 298 operi
489 235 765 288 Copernicano
810 235 1071 287 praemittere
1109 234 1299 274 voluisse.
1364 232 2007 301 Qstoica

159 295 382 351 rigffitate
385 297 630 345 obfirmatus
650 294 792 345 animi
804 308 934 339 sensa
965 294 1134 344 candide
1168 293 1512 347 sibijrofitenda
1516 292 1710 352 ριιῐιινίξξ
1746 297 1986 360 ἓξιέιῃιιιιιιι

159 352 469 415 ὀιερἒιιᾶἰο
446 356 525 401 us
531 353 803 405 scierfflaje‘
805 352 1064 402 Usiande'r',
1065 340 1242 393 u‘tiiiff“
1229 350 1380 405 magis
1393 358 1471 392 arti
1503 356 1688 400 secutus,
1726 363 1976 391 venssrmam

162 408 903 468 OEpei‘nstY‘etmm‘s‘e'ffientiam
934 413 1185 465 praefatione
1219 426 1292 452 sua
1331 411 1473 451 maluit
1511 411 1724 451 occultare..
1787 409 1972 450 Valuerit

164 487 263 516 sane
308 473 518 515 consilium
554 474 629 514 hoc
662 471 853 512 Osiandri
891 485 963 524 per
1006 472 1080 512 hos
1115 469 1171 513 60
1203 483 1350 510 annos:
1396 476 1530 522 tempu
1534 483 1553 510 5
1598 470 1679 523 jam
1716 469 1880 509 tandem
1917 473 1978 517 553

162 535 269 590 hanc
286 533 624 589 simulationem,
656 531 839 583 ιιῐῶιιιιὶιὶ,
878 531 1037 587 quidem
1066 527 1765 588 videtffi„,e„{ermetisssejandri
1797 527 1979 584 epistolis

146 593 414 648 „detegas-
1058 585 1181 595 “W
1882 598 1895 611 ⁸

278 652 385 693 Nam
417 663 504 691 cum
537 649 783 702 Copernicus
828 662 931 688 anno
967 646 1097 690 1540.
1132 647 1221 689 Cal.
1254 647 1336 688 Jul.
1377 648 1427 687 ad
1459 646 1704 688 Osiandrum
1736 645 1978 700 scripsisset,

161 711 220 752 sic
256 710 315 751 illi
351 711 458 751 inter
494 714 632 750 cetera
668 709 885 761 respondet
917 706 1117 748 Osiander
1155 720 1258 747 anno
1289 704 1414 748 1541.
1447 705 1517 747 20.
1551 707 1673 758 Apr.:
1719 705 1809 754 „De
1851 705 1979 759 hypo-

162 769 344 811 thesibus
378 781 452 821 ego
485 769 542 808 sic
575 768 683 807 sensi
716 780 888 820 semper,
923 780 999 806 non
1034 779 1124 806 esse
1157 766 1347 806 articulos
1367 766 1471 814 fidei,
1505 766 1577 805 sed
1604 765 1862 806 fundamenta
1892 765 1979 804 cal-

162 828 253 876 culi,
287 829 347 868 ita
377 833 440 875 ut,
484 827 642 867 etiamsi
675 827 804 867 falsae
837 826 935 873 sint,
973 826 1090 865 modo
1122 831 1300 866 motuum
1331 839 1544 877 φαινομενα
1576 829 1716 864 exacte
1753 824 1982 872 exhibeant,

112 924 115 928 .
167 887 265 927 nihil
296 887 468 934 referat;
502 886 589 939 quis
622 886 727 925 enim
759 898 831 925 nos
864 885 1053 925 certiores
1086 885 1239 933 reddet,
1275 897 1324 923 an
1347 883 1455 924 Solis
1486 883 1711 936 inaequalis
1742 889 1875 924 motus
1906 895 1981 922 no-

166 946 271 986 mine
313 945 480 999 epicycli
525 959 576 984 an
608 945 764 984 nomine
798 944 1113 984 eccentricitatis
1147 944 1374 994 contingat,
1415 943 1450 983 si
1482 943 1706 984 Ptolemaei
1737 942 1983 996 hypotheses

168 1017 401 1056 sequamur,
427 1018 515 1044 cum
546 1003 585 1043 id
618 1004 749 1056 possit
780 1008 1002 1055 utrumque.
1067 1002 1204 1049 Quare
1236 1003 1449 1054 plausibile
1484 1003 1568 1043 fore
1593 1002 1808 1051 videretur,
1843 1002 1878 1042 si
1908 1003 1983 1042 hac

128 1056 130 1058 ¹
168 1064 216 1103 de
249 1076 291 1104 re
323 1064 363 1104 in
395 1063 646 1115 praefatione
679 1063 856 1102 nonnihil
878 1063 1115 1115 attingeres.
1182 1061 1250 1102 Sic
1272 1062 1375 1102 enim
1395 1061 1637 1114 placidiores
1663 1061 1853 1102 redderes
1871 1062 1983 1114 peri-

167 1124 396 1176 patheticos
441 1128 483 1162 et
520 1123 751 1173 theologos,
799 1135 898 1173 quos
932 1122 1250 1162 contradicturos
1283 1121 1473 1161 metuis.“
1540 1121 1605 1162 Ad
1644 1121 1857 1162 Rheticum
1887 1133 1984 1161 vero

167 1182 306 1224 eodem
326 1182 390 1222 die
411 1181 469 1221 sic
490 1181 629 1221 scribit
650 1181 871 1221 Osiander:
906 1181 1226 1234 „Peripathetici
1270 1186 1311 1221 et
1343 1179 1520 1232 theologi
1554 1180 1672 1220 facile
1704 1181 1982 1234 placabantur,

167 1241 201 1281 si
233 1241 455 1289 audierint,
503 1241 681 1292 ejusdem
722 1241 954 1292 apparentis
986 1246 1117 1280 motus
1149 1240 1284 1280 varias
1321 1253 1411 1279 esse
1452 1252 1572 1292 posse
1602 1240 1868 1293 hypotheses,
1911 1252 1987 1280 nec

169 1313 240 1340 eas
281 1300 414 1341 afferri
448 1300 552 1351 quod
585 1304 694 1339 certo
726 1300 785 1339 ita
818 1300 920 1348 sint,
954 1300 1023 1339 sed
1064 1300 1167 1352 quod
1200 1300 1395 1340 calculum
1428 1299 1661 1351 apparentis
1702 1304 1744 1339 et
1775 1298 1985 1352 compositi

167 1364 300 1400 motus
332 1371 451 1412 quam
483 1358 804 1399 commodissime
837 1358 1044 1411 gubernet,
1079 1364 1122 1399 et
1151 1359 1233 1399 fieri
1266 1371 1398 1411 posse,
1432 1363 1477 1398 ut
1497 1359 1599 1399 alius
1620 1359 1706 1412 quis
1727 1358 1829 1399 alias
1852 1359 1983 1412 hypo-

167 1419 306 1459 theses
339 1418 563 1470 excogitet3
597 1422 637 1457 et
669 1418 865 1470 imagines
897 1419 962 1458 hic
995 1424 1125 1470 aptas,
1159 1418 1225 1458 ille
1259 1418 1456 1470 aptiores,
1491 1418 1659 1458 eandem
1692 1423 1824 1458 tamen
1851 1422 1984 1458 motus

168 1477 450 1530 apparentiam
489 1482 725 1526 causantes,
770 1490 816 1517 ac
849 1490 938 1523 esse
977 1477 1185 1529 unicuique
1228 1477 1413 1526 liberum,
1459 1477 1536 1517 imo
1568 1477 1904 1529 gratificaturum,
1950 1477 1984 1516 si

169 1536 459 1576 commodiores
498 1536 722 1588 excogitet3
766 1536 824 1576 ita
856 1550 880 1576 a
910 1537 1138 1576 vindicandi
1173 1536 1390 1577 severitate
1431 1537 1482 1576 ad
1514 1536 1743 1588 exquirendi
1775 1536 2009 1586 illecebras

167 1596 328 1636 avocati
374 1609 420 1635 ac
451 1595 659 1647 provocati
691 1596 859 1648 primum
891 1596 1120 1648 aequiores,
1176 1601 1260 1636 tum
1296 1596 1446 1636 frustra
1477 1600 1715 1648 quaerentes
1747 1595 1915 1648 pedibus
1946 1596 1985 1635 in

167 1655 342 1695 auctoris
375 1654 617 1694 sententiam
650 1654 808 1695 ibunt.“
869 1654 943 1695 His
984 1655 1160 1695 auctoris
1193 1655 1338 1704 verbis,
1372 1661 1532 1707 praeter
1564 1667 1651 1695 eam
1683 1667 1801 1707 quam
1833 1654 1914 1695 dixi
1944 1654 1984 1694 in

166 1714 417 1781 praefatione
449 1718 682 1765 usurpatam
716 1713 1009 1754 simulationem
1046 1715 1265 1754 manifesta
1305 1726 1460 1767 quoque
1502 1719 1673 1766 apparet
1709 1714 1984 1766 aequivocatio

167 1773 277 1812 vocis
322 1773 571 1840 hypothesis
637 1771 768 1824 Supra
799 1786 971 1840 namque
1003 1773 1174 1821 dictum,
1210 1774 1405 1825 quasdam
1441 1786 1531 1813 esse
1564 1773 1677 1826 quasi
1709 1772 1850 1814 minuti
1882 1772 1987 1813 aeris

166 1832 431 1884 hypotheses,
465 1831 533 1870 vix
572 1831 715 1899 dignas
748 1832 822 1871 hoc
867 1832 1043 1880 nomine,
1092 1833 1287 1884 quasdam
1327 1833 1464 1884 justas
1496 1837 1537 1872 et
1566 1845 1660 1872 vere
1693 1827 1984 1872 astionomicas

165 1891 426 1943 hypotheses.
487 1891 546 1930 Ut.
579 1902 667 1929 cum
698 1890 737 1930 in
771 1891 951 1942 exemplo
986 1890 1176 1931 Osiandri
1209 1891 1518 1933 determinamus
1551 1897 1593 1931 et
1613 1891 1867 1932 enunciamus
1879 1903 1983 1944 por-

164 1950 314 1989 tionem
346 1949 482 1988 circuli
514 1949 740 2000 planetarii,
776 1962 876 2001 quae
911 1950 966 1989 sit
996 1950 1035 1989 in
1074 1963 1150 1990 uno
1183 1950 1338 1990 zodiaci
1371 1950 1638 1998 semicirculo,
1673 1950 1794 2002 digna
1825 1949 1982 1990 nomine

167 2008 400 2062 hypothesis
433 2013 515 2052 est,
555 2021 627 2047 nec
660 2008 807 2048 variari
853 2013 924 2048 aut
955 2009 1112 2048 omnino
1152 2009 1258 2048 falsa
1290 2022 1379 2048 esse
1417 2014 1567 2060 potest.
1633 2009 1692 2049 At
1723 2022 1812 2049 cum
1844 2005 1982 2049 calcu-

166 2067 248 2106 lum
293 2079 485 2106 ascensus
530 2071 570 2106 et
602 2067 819 2106 descensus
863 2068 1052 2119 planetae
1098 2068 1137 2107 in
1179 2068 1260 2107 illis
1300 2068 1578 2119 inaequalibus
1617 2067 1867 2120 portionibus
1909 2081 1982 2108 ex-

165 2125 375 2173 suuimus,
417 2138 536 2176 saepe
575 2125 615 2164 id
647 2126 761 2165 varia
802 2126 928 2166 forma
957 2132 1094 2179 pote.·t
1136 2127 1289 2178 perfici,
1330 2133 1371 2167 et
1409 2128 1652 2181 hypotheses
1686 2127 1844 2180 quidem
1883 2127 1986 2167 alias

126 2217 135 2227 f
166 2185 216 2224 ad
249 2179 498 2224 efficiendam
529 2184 702 2235 priorem
739 2185 849 2224 illam
883 2191 925 2225 et
956 2186 1267 2226 astronomicam
1289 2187 1528 2239 hypothesin
1553 2199 1828 2253 comparamus
1862 2185 1984 2239 (alius

164 2243 295 2295 posito
329 2248 466 2283 centro
500 2243 634 2282 circuli
667 2244 883 2295 planetarii
922 2257 1044 2296 supra
1077 2250 1254 2285 centrum
1285 2246 1434 2294 mundi,
1469 2245 1570 2285 alius
1603 2245 1794 2300 epicyclo
1813 2245 1865 2293 in
1878 2257 1982 2289 con*

164 2302 381 2354 centricum
413 2302 608 2351 inserto),
644 2303 713 2342 sed
742 2316 842 2355 quae
876 2316 952 2343 non
986 2304 1098 2356 ipsae
1129 2317 1199 2356 per
1232 2318 1322 2345 sese
1355 2297 1667 2353 astronomicae,
1711 2316 1847 2348 verum
1878 2316 1978 2354 geo-

164 2361 356 2401 metricae
387 2361 522 2412 potius
557 2362 800 2414 hypotheses
835 2368 940 2403 sunt.
1005 2365 1069 2403 Ita
1103 2364 1136 2403 si
1171 2364 1257 2416 quis
1285 2370 1536 2404 astronomus
1558 2363 1678 2411 dicat,
1713 2363 1820 2403 viam
1839 2363 1979 2403 Lunae

164 2421 320 2460 ovalem
354 2420 575 2471 exprimere
611 2422 791 2470 formam,
825 2422 1061 2474 hypothesis
1095 2429 1158 2462 est
1179 2423 1447 2463 astronomica
1459 2436 1469 2471 3
1503 2435 1590 2462 cum
1615 2422 1803 2470 ostendit,
1837 2421 1979 2474 quibus

164 2479 321 2519 circulis
360 2479 585 2531 hujusmodi
629 2481 758 2520 ovalis
799 2481 926 2532 figura
959 2482 1095 2521 confici
1133 2483 1280 2534 possit,
1327 2482 1616 2537 hypothesibus
1655 2481 1781 2521 utitur
1813 2493 1977 2536 geome-

164 2538 287 2595 tricis:
350 2538 406 2578 Et
426 2539 695 2588 Ptolemaeus,
731 2552 818 2579 cum
851 2540 1004 2580 diceret
1034 2542 1287 2592 planetarum
1307 2547 1437 2581 motus
1469 2554 1507 2580 ιιι
1499 2538 1721 2592 apogaeo
1726 2538 1976 2588 lentescere,

165 2597 202 2635 in
235 2597 422 2649 perigaeo
463 2599 702 2645 accelerari,
747 2599 989 2651 hypothesin
1033 2600 1130 2640 fecit
1162 2601 1491 2644 astronomicam,
1537 2612 1625 2639 cum
1657 2611 1752 2639 vero
1818 2604 1978 2639 unctum

159 2656 422 2714 aequalitatis
462 2656 698 2706 introducit,
745 2657 784 2697 id
816 2664 861 2697 ut
892 2664 1097 2711 geometra
1137 2660 1254 2706 facit,
1301 2659 1443 2699 calculi
1477 2671 1626 2707 causa,
1672 2664 1717 2697 ut
1753 2663 1857 2698 ratio
1889 2671 1979 2698 mm

162 2715 311 2764 possit,
357 2720 548 2766 quantum
594 2717 794 2756 lentescat
837 2717 903 2757 ille
944 2719 1132 2770 planetae
1176 2724 1309 2758 motus
1349 2717 1488 2769 quovis
1532 2722 1732 2757 momento
1772 2717 1976 2769 temporis.

162 2773 275 2813 Hanc
319 2774 600 2832 hypothesium
641 2775 919 2816 diversitatem
965 2790 1079 2816 nemo
1120 2777 1398 2820 consideratus
1445 2781 1508 2816 est
1553 2776 1617 2843 qui
1661 2788 1757 2832 ιιοιι
1774 2782 1979 2828 agnoscat

165 2829 422 2884 manibusque
454 2834 607 2891 palpet.
670 2834 747 2874 At
762 2847 856 2874 vero
891 2835 1093 2875 Osiander
1126 2836 1390 2903 Copernicum
1424 2826 1509 2874 vel
1513 2831 1653 2886 potius
1675 2825 1772 2886 'ejus
1795 2835 1978 2875 lectores

165 2890 491 2941 aequivocatione
535 2891 760 2933 ludificatus
794 2899 875 2942 est,
924 2907 992 2943 ea,
1040 2908 1140 2947 quae
1185 2896 1224 2935 in
1267 2893 1521 2946 geometricis
1560 2893 1849 2946 hypothesibus
1880 2906 1978 2934 vera

164 2954 267 2995 sunt,
304 2950 352 2987 ad
387 2952 676 2990 astronomicas
709 2953 970 3000 transferens,
1006 2967 1093 2993 cum
1127 2952 1403 2993 diversissima
1434 2952 1488 2992 sit
1517 2958 1774 3004 utrarumque
1809 2952 1924 2992 ratio.

284 3005 463 3055 Summa,
514 3009 591 3059 tria
624 3015 716 3049 sunt
748 3010 785 3049 in
816 3012 1084 3051 astronomia:
1132 3012 1373 3070 hypotheses
1408 3012 1690 3065 geometricae,
1733 3011 1976 3063 hypotheses

167 3066 457 3120 astronomicae
492 3064 535 3105 et
564 3067 654 3121 ipsi
674 3075 927 3119 apparentes
949 3071 1155 3120 stellarum
1155 3077 1340 3127 ιιιοῐιι5ῥ
1372 3075 1586 3123 propterea
1618 3075 1657 3110 et
1678 3071 1753 3110 duo
1787 3060 1975 3111 distincta
