2028 3242
165 118 250 162 238
899 118 1064 161 Apologia
1088 118 1252 160 Tycham·

951 317 1113 381 Caput
1148 317 1186 364 I.

671 415 790 472 Quid
818 422 875 462 sit
906 421 1147 475 hypothesis
1178 423 1475 464 astronomica.

284 518 328 557 In
374 516 639 569 descriptione
681 515 962 568 hypothesium
1007 516 1064 555 sic
1106 516 1281 568 loquitur
1312 517 1460 566 Ursus,
1504 516 1619 569 quasi
1659 529 1737 557 non
1775 517 1826 558 ad
1866 519 1979 559 ⁴aliud

35 573 95 598 ‘s'
165 582 421 629 comparatae
454 581 592 616 essent
622 575 894 628 hypotheses,
929 575 1795 630 quam-adjndosgthn-ii‘nibusfffatiengs.
1843 575 1980 624 Quam

165 638 215 677 ad
247 649 329 677 rem
360 649 437 676 non
471 635 572 675 satis
603 634 814 674 verborum
838 633 1004 682 invenit,
1051 634 1193 686 quibus
1226 647 1346 687 quam
1375 635 1460 675 fieri
1491 639 1632 686 potest
1662 635 1979 677 contemtissime

165 697 213 736 de
245 696 319 736 hoc
352 707 498 747 genere
529 693 799 733 inventionum
830 694 1042 745 loquatur:
1076 705 1149 732 nec
1168 693 1279 745 prius
1298 699 1435 734 cessat
1453 694 1675 735 orationem
1695 707 1809 735 suam
1829 695 1978 736 distin-

165 767 299 807 guere,
335 753 669 805 subdistinguere,
705 764 821 804 quam
855 764 897 791 se
929 752 1060 804 ipsum
1081 753 1371 804 quodammodo
1392 753 1654 805 superaverit.
1716 754 1817 795 Nos
1843 767 1980 796 veram

164 813 443 867 hypothesium
475 818 660 852 naturam
690 811 858 865 primum
879 810 1189 862 explicabimus;
1221 817 1367 863 postea
1391 813 1503 852 varie
1535 812 1823 866 impingentem
1854 826 1979 867 seque

164 874 293 924 ipsam
326 871 602 912 conficientem
621 870 716 911 Ursi
749 870 991 910 sententiam
1023 870 1296 922 particulatim
1327 871 1619 923 expendemus:
1653 884 1703 912 ne
1723 873 1818 925 quid
1832 877 1977 922 restet,

167 932 271 984 quod
303 931 514 983 imperitus
547 930 675 970 lector
705 929 810 969 Urso
843 935 1006 980 propter
1037 929 1186 981 ingenii
1219 930 1368 969 famam
1402 930 1553 970 frustra
1584 930 1737 972 credat.

284 991 375 1030 Non
409 989 549 1029 statim
581 1001 669 1028 cum
701 988 791 1039 ipsa
824 988 925 1027 coeli
959 988 1200 1028 observandi
1233 989 1519 1029 consuetudine
1550 995 1671 1030 natus
1691 994 1755 1030 est
1780 1002 1868 1031 mos
1887 990 1980 1041 iste,

166 1055 210 1090 ut
242 1062 360 1102 quam
394 1049 559 1102 quisque
586 1047 915 1099 philosophorum
949 1060 998 1087 ex
1029 1047 1176 1088 intuitu
1208 1048 1309 1088 coeli
1341 1049 1389 1088 de
1421 1048 1556 1089 mundi
1587 1048 1850 1104 dispositione
1880 1061 1980 1091 con-

166 1109 345 1161 cepisset
388 1107 633 1160 opinionem,
687 1119 736 1146 ea
786 1119 927 1146 nomen
979 1106 1140 1159 aliquod
1190 1107 1359 1147 haberet
1409 1107 1723 1160 hypothesisque
1767 1109 1980 1150 diceretur.

164 1167 458 1219 Longinquitas
491 1165 683 1217 temporis
713 1165 1119 1218 philosophorumque
1153 1166 1374 1215 successio,
1414 1172 1460 1207 ut
1489 1172 1627 1207 cetera
1658 1179 1760 1221 quae
1791 1180 1980 1209 vocamus

166 1227 363 1267 secundae
397 1225 632 1266 intentionis
653 1224 861 1274 vocabula,
897 1225 954 1264 sic
974 1225 1049 1264 hoc
1071 1237 1224 1278 quoque
1246 1225 1284 1265 in
1315 1226 1564 1266 astronomia
1582 1226 1795 1268 stabilivit.
1845 1227 1983 1268 Prima

164 1286 274 1326 vocis
319 1284 525 1337 usurpatio
571 1283 646 1324 fuit
689 1284 794 1335 apud
833 1290 1158 1335 geometras,
1214 1284 1278 1336 qui
1322 1290 1417 1324 ante
1456 1290 1594 1326 natam
1638 1285 1810 1338 logicam
1845 1287 1981 1339 philo—

166 1345 330 1397 sophiae
368 1350 548 1397 partem,
595 1343 769 1382 naturali
809 1343 957 1383 mentis
999 1343 1145 1383 lumine
1178 1343 1543 1384 demonstrationes
1581 1357 1676 1385 suas
1715 1346 1982 1398 geometricas

166 1417 255 1443 cum
287 1404 439 1443 vellent
470 1402 677 1455 expedire,
719 1402 829 1442 soliti
862 1407 955 1442 sunt
987 1416 1011 1441 a
1042 1408 1154 1442 certo
1186 1404 1358 1455 quodam
1389 1403 1505 1444 initio
1539 1403 1760 1445 doctrinam
1791 1405 1980 1458 incipere.

138 1462 513 1509 ‘Quemadmodum
545 1462 650 1501 enim
681 1461 720 1500 in
747 1461 1018 1501 architectura
1049 1461 1152 1501 satis
1191 1462 1314 1502 habet
1347 1462 1500 1515 opifex,
1545 1463 1581 1503 si
1610 1475 1682 1515 pro
1714 1463 1849 1504 futura
1877 1465 1981 1505 mole

116 1527 118 1532 '
169 1523 307 1562 domus
340 1522 601 1561 fundamenta
630 1520 736 1560 infra
767 1525 917 1560 terram
950 1525 1144 1569 exstruat,
1179 1534 1306 1573 neque
1339 1521 1537 1562 sollicitus
1556 1527 1632 1572 est,
1665 1526 1711 1562 ut
1734 1527 1844 1563 nerra
1873 1523 1980 1564 infe-

168 1582 247 1621 rior
278 1582 342 1620 vel
373 1585 466 1621 ruat
501 1580 567 1620 vel
598 1580 638 1619 in
671 1593 761 1620 sese
799 1580 965 1620 recedat
1001 1592 1125 1631 usque
1158 1580 1211 1620 ad
1241 1585 1443 1629 centrum,
1482 1580 1543 1620 ita
1584 1580 1624 1620 in
1655 1590 1699 1622 re
1736 1583 1983 1634 geometrica

168 1640 282 1693 primi
316 1645 498 1680 auctores
530 1652 607 1679 non
640 1639 699 1678 ita
737 1639 873 1678 stolidi
913 1639 1094 1687 fuerunt,
1142 1643 1187 1678 ut
1228 1639 1293 1691 qui
1333 1644 1428 1692 post
1459 1639 1588 1680 secuti
1631 1645 1726 1680 sunt
1755 1641 1982 1694 Pyrrhonii,

167 1706 210 1739 ut
247 1699 380 1740 omnia
411 1699 563 1738 vellent
601 1698 851 1748 addubitare,
888 1698 995 1738 nihil
1033 1697 1230 1749 arripere,
1267 1711 1387 1750 super
1425 1699 1529 1751 quod
1565 1711 1639 1739 ceu
1682 1699 1982 1741 fundamentum

130 1808 133 1810 q
167 1765 319 1799 certum
359 1763 401 1798 et
438 1757 619 1797 omnibus
658 1757 884 1796 confessum
924 1762 1060 1796 cetera
1101 1757 1250 1797 vellent
1289 1758 1636 1810 superaedificare.
1700 1757 1814 1806 Quae
1843 1759 1981 1813 vitaque

135 1812 149 1819 X
167 1824 279 1858 certa
311 1823 353 1856 et
385 1817 488 1868 apud
511 1828 647 1855 omnes
667 1815 848 1855 homines
881 1816 1068 1855 confessa
1089 1821 1238 1865 essent,
1274 1830 1322 1856 ea
1347 1817 1514 1869 speciali
1542 1816 1700 1857 nomine
1732 1816 1983 1869 ἀξιωματα

165 1877 411 1924 dictitarunt,
448 1888 518 1914 ceu
551 1875 772 1914 sententias
801 1874 992 1924 dicerent,
1027 1887 1127 1927 quae
1159 1875 1354 1915 haberent
1386 1876 1671 1916 auctoritatem
1704 1877 1810 1929 apud
1830 1890 1980 1918 omnes.

167 1935 375 1981 Quaedam
407 1933 633 1985 hujusmodi
663 1933 945 1985 principiorum
983 1933 1042 1973 sic
1076 1939 1191 1974 erant
1222 1939 1475 1985 comparata,
1509 1939 1554 1975 ut
1585 1935 1766 1988 quamvis
1809 1948 1886 1977 non
1930 1937 1982 1978 ab

169 1994 351 2033 omnibus
384 1993 655 2041 crederentur,
689 1992 788 2044 ipsis
820 1998 956 2033 tamen
988 1993 1218 2039 auctoribus
1239 1993 1343 2032 satis
1365 1998 1480 2033 erant
1498 1998 1608 2041 nota,
1639 1998 1685 2034 ut
1708 2005 1786 2034 non
1818 1995 1983 2036 dubita-

166 2058 255 2093 rent
298 2066 348 2092 ea
385 2052 466 2092 alia
504 2051 842 2091 demonstratione
881 2056 994 2091 certa
1026 2056 1067 2090 et
1098 2064 1195 2091 vera
1233 2053 1463 2101 ostendere,
1511 2052 1550 2092 id
1590 2058 1725 2093 autem
1756 2057 1802 2094 ut
1831 2054 1870 2095 in
1902 2055 1981 2096 sibi
2026 2083 2028 2097 2

164 2111 375 2163 proposita
416 2110 756 2150 demonstratione
796 2115 1045 2161 perstarent,
1089 2112 1154 2151 vel
1194 2111 1310 2150 nimis
1350 2111 1511 2164 longum
1555 2116 1645 2152 erat
1687 2112 1864 2153 futurum
1916 2115 1982 2155 vel
2026 2148 2028 2157 .

166 2169 512 2222 intempestivum,
554 2174 599 2208 ut
631 2169 826 2221 ejusmodi
860 2170 1084 2209 sententiae
1118 2183 1207 2209 cum
1238 2170 1330 2210 aliis
1363 2170 1499 2220 rebus,
1540 2171 1588 2210 de
1621 2170 1764 2224 quibus
1806 2171 1847 2212 in
1878 2184 1980 2225 geo·
2024 2204 2028 2224 3

165 2230 310 2269 metria
342 2242 417 2268 non
452 2228 696 2279 disputatur,
730 2229 901 2268 innexae
934 2233 975 2268 et
1006 2229 1195 2269 confusae
1228 2234 1379 2269 essent.
1441 2229 1528 2269 Has
1555 2229 1744 2271 dixerunt
1771 2230 2012 2282 altmarus

167 2293 304 2340 utpote
337 2301 437 2340 quae
472 2301 496 2327 a
528 2287 706 2326 discente
739 2287 818 2327 sibi
850 2287 1013 2327 concedi
1044 2301 1070 2327 a
1100 2288 1297 2340 principio
1329 2289 1595 2340 postularent.
1658 2289 1746 2329 Hoc
1768 2294 1856 2331 tum
1886 2303 1977 2331 ma-
2024 2286 2028 2338 j

165 2348 269 2387 xime
314 2360 388 2387 usu
425 2346 556 2394 venit,
600 2358 688 2386 cum
726 2346 765 2386 in
804 2346 1038 2399 figuratione
1072 2348 1259 2399 angulum
1301 2348 1366 2387 vel
1410 2347 1556 2388 lineam
1598 2348 1739 2388 talem·
1767 2348 1979 2402 designare
2026 2341 2028 2347 ¹

167 2407 328 2451 vellent,
362 2406 490 2458 qualis
523 2419 641 2444 manu
674 2406 853 2458 praecise
893 2406 977 2445 fieri
1015 2406 1166 2459 nequit.
1230 2407 1339 2446 Tunc
1385 2406 1488 2446 enim
1527 2406 1735 2456 dicebant,
1774 2406 1851 2455 ἑςω
1880 2409 1978 2449 talis

164 2466 229 2504 vel
257 2465 370 2505 talis.
433 2464 511 2504 Est
543 2470 584 2504 et
617 2465 724 2504 aliud
756 2477 899 2516 genus,
935 2477 1044 2511 cum,
1078 2478 1178 2518 quae
1210 2466 1275 2505 vel
1309 2477 1397 2505 esse
1428 2470 1630 2518 nequeunt
1665 2467 1731 2506 vel
1762 2479 1839 2506 non
1871 2473 1977 2516 sunt,
2009 2466 2016 2499 Γ

167 2531 356 2576 tanquam
390 2529 526 2563 essent
558 2529 833 2570 assumuntur,
872 2529 916 2564 ut
947 2524 1288 2564 demonstratione
1320 2525 1491 2576 patefiat
1528 2525 1620 2578 quid
1652 2529 1880 2566 secuturum
1913 2526 1977 2566 fo-

166 2588 238 2631 ret,
274 2583 308 2622 si
340 2583 410 2622 illa
442 2588 590 2623 essent.
654 2583 740 2622 Hoc
773 2595 926 2635 quoque
959 2597 1084 2636 genus
1128 2589 1211 2623 tum
1243 2583 1374 2623 locum
1405 2583 1546 2631 habet,
1582 2596 1672 2623 cum
1703 2596 1724 2623 e
1756 2585 1978 2636 geometria
2009 2600 2011 2602 ’

167 2641 320 2693 egressi
351 2642 391 2681 in
424 2647 620 2693 cognatas
647 2641 839 2682 scientias
861 2642 1216 2682 demonstrationis
1237 2642 1465 2682 methodum
1491 2643 1750 2683 transferunt.
1807 2643 1976 2701 Utrum<
2002 2639 2006 2643 ’

167 2713 240 2752 que
274 2713 397 2752 genus
436 2706 477 2740 et
509 2714 609 2752 quae
643 2701 722 2740 alia
754 2701 964 2741 brevitatis
997 2715 1120 2741 causa
1157 2701 1403 2749 intermitto,
1450 2701 1607 2752 quando
1648 2701 1700 2741 ad
1732 2706 1864 2742 actum
1903 2703 2004 2742 de-v

167 2759 468 2799 monstrationis
507 2760 734 2808 veniebant,
775 2757 987 2806 ὑποθεσεις
1031 2773 1102 2800 seu
1138 2759 1433 2812 suppositiones
1466 2759 1746 2811 appellabant,
1790 2759 2004 2813 respectu

168 2818 323 2857 scilicet
356 2819 460 2870 ejus,
496 2819 599 2871 quod
633 2819 909 2859 demonstrare
942 2819 1209 2859 intenderent.
1274 2817 1613 2870 Supponebantur
1657 2819 1762 2859 enim
1799 2825 1896 2860 nota
1938 2824 1993 2866 et,

167 2889 282 2927 super
313 2876 393 2916 illis
426 2877 735 2917 exstruebantur
765 2877 966 2929 ignotiora
998 2877 1390 2929 ostendebanturque
1424 2876 1606 2927 discenti.
1991 2880 1999 2915 ff

283 2935 396 2975 Haec
435 2936 543 2987 origo
576 2937 706 2985 vocis,
753 2937 816 2976 hic
863 2950 959 2977 usus
999 2938 1103 2989 apud
1147 2940 1386 2988 geometras,
1451 2934 1679 2991 Statimrin
1708 2935 1982 2991 *geometricis

171 2992 305 3043 figuris
339 2999 380 3032 et
412 2995 597 3043 numeris,
631 3007 770 3046 nempe
805 2996 842 3035 in
875 3009 916 3035 re
950 2996 1074 3035 totius
1094 3001 1267 3045 ‘naturae
1300 2994 1523 3042 clarissima
1553 2994 1754 3049 mentique.
1770 2994 1986 3046 „hnmanae

169 3051 339 3090 maxime
374 3058 493 3104 apta,
529 3054 874 3104 deprehenderunt
904 3067 1034 3094 rerum
1066 3054 1401 3105 contemplatores
1434 3053 1562 3092 lumen
1595 3053 1693 3092 illud
1724 3053 1869 3094 mentis
1900 3066 1990 3094 no·-

169 3114 295 3159 strae,
343 3112 446 3161 quod
486 3112 708 3151 rectissime
742 3113 899 3164 quidem
930 3113 970 3153 in
1011 3112 1168 3165 figuris,
1212 3112 1284 3153 sed
1327 3116 1461 3152 tamen
1500 3111 1621 3152 etiam
1660 3112 1700 3152 iu
1733 3112 1823 3152 aliis
1854 3111 1987 3153 rebusv
