<?xml version="1.0" encoding="UTF-8"?>
<!DOCTYPE html PUBLIC "-//W3C//DTD XHTML 1.0 Transitional//EN"
    "http://www.w3.org/TR/xhtml1/DTD/xhtml1-transitional.dtd">
<html xmlns="http://www.w3.org/1999/xhtml" xml:lang="en" lang="en">
 <head>
  <title>
</title>
<meta http-equiv="Content-Type" content="text/html;charset=utf-8" />
  <meta name='ocr-system' content='tesseract 3.04.00' />
  <meta name='ocr-capabilities' content='ocr_page ocr_carea ocr_par ocr_line ocrx_word'/>
</head>
<body>
  <div class='ocr_page' id='page_1' title='image "./operaomniaedidit01kepluoft_0372.png"; bbox 0 0 2028 3242; ppageno 0'>
   <div class='ocr_carea' id='block_1_1' title="bbox 179 75 1426 118">
    <p class='ocr_par' dir='ltr' id='par_1_1' title="bbox 179 75 1426 118">
     <span class='ocr_line' id='line_1_1' title="bbox 179 75 1426 118; baseline 0.004 -13"><span class='ocrx_word' id='word_1_1' title='bbox 179 75 265 118; x_wconf 84' lang='lat'><strong>350</strong></span> <span class='ocrx_word' id='word_1_2' title='bbox 745 76 877 108; x_wconf 87' lang='lat' dir='ltr'><strong>Literae</strong></span> <span class='ocrx_word' id='word_1_3' title='bbox 903 77 1040 117; x_wconf 83' lang='lat' dir='ltr'><strong>Kepleri</strong></span> <span class='ocrx_word' id='word_1_4' title='bbox 1065 76 1266 118; x_wconf 85' lang='lat' dir='ltr'><strong>aliorumque</strong></span> <span class='ocrx_word' id='word_1_5' title='bbox 1291 83 1426 110; x_wconf 82' lang='lat' dir='ltr'><strong>mutuae</strong></span> 
     </span>
    </p>
   </div>
   <div class='ocr_carea' id='block_1_2' title="bbox 176 181 1994 1267">
    <p class='ocr_par' dir='ltr' id='par_1_2' title="bbox 410 181 1994 888">
     <span class='ocr_line' id='line_1_2' title="bbox 410 181 1991 232; baseline 0.003 -19"><span class='ocrx_word' id='word_1_6' title='bbox 410 202 473 232; x_wconf 75' lang='lat' dir='ltr'><strong>rig.</strong></span> <span class='ocrx_word' id='word_1_7' title='bbox 495 203 522 227; x_wconf 43' lang='lat'><strong>4.</strong></span> <span class='ocrx_word' id='word_1_8' title='bbox 847 181 893 214; x_wconf 90' lang='lat' dir='ltr'><strong>Ut</strong></span> <span class='ocrx_word' id='word_1_9' title='bbox 917 183 959 214; x_wconf 87' lang='lat' dir='ltr'><strong>sit</strong></span> <span class='ocrx_word' id='word_1_10' title='bbox 985 184 1014 214; x_wconf 82' lang='grc' dir='ltr'><strong>Δ</strong></span> <span class='ocrx_word' id='word_1_11' title='bbox 1041 192 1226 226; x_wconf 81' lang='lat' dir='ltr'><strong>apogaeum</strong></span> <span class='ocrx_word' id='word_1_12' title='bbox 1253 183 1410 225; x_wconf 85' lang='lat' dir='ltr'><strong>epicycli,</strong></span> <span class='ocrx_word' id='word_1_13' title='bbox 1449 183 1478 216; x_wconf 93' lang='grc' dir='ltr'><strong>Ο</strong></span> <span class='ocrx_word' id='word_1_14' title='bbox 1496 193 1679 227; x_wconf 74' lang='lat' dir='ltr'><strong>apogaeum</strong></span> <span class='ocrx_word' id='word_1_15' title='bbox 1705 184 1868 222; x_wconf 84' lang='lat' dir='ltr'><strong>eccentri,</strong></span> <span class='ocrx_word' id='word_1_16' title='bbox 1891 183 1941 222; x_wconf 81' lang='lat' dir='ltr'><strong>B,</strong></span> <span class='ocrx_word' id='word_1_17' title='bbox 1966 184 1991 216; x_wconf 90' lang='lat' dir='ltr'>C</span> 
     </span>
     <span class='ocr_line' id='line_1_3' title="bbox 752 230 1991 273; baseline 0.002 -13"><span class='ocrx_word' id='word_1_18' title='bbox 752 233 877 270; x_wconf 89' lang='lat' dir='ltr'><strong>puncta</strong></span> <span class='ocrx_word' id='word_1_19' title='bbox 911 230 1115 268; x_wconf 85' lang='lat' dir='ltr'><strong>reflexionis,</strong></span> <span class='ocrx_word' id='word_1_20' title='bbox 1153 231 1284 272; x_wconf 89' lang='lat' dir='ltr'><strong>quando</strong></span> <span class='ocrx_word' id='word_1_21' title='bbox 1321 235 1469 263; x_wconf 81' lang='lat' dir='ltr'><strong>centrum</strong></span> <span class='ocrx_word' id='word_1_22' title='bbox 1505 231 1643 273; x_wconf 83' lang='lat' dir='ltr'><strong>epicycli</strong></span> <span class='ocrx_word' id='word_1_23' title='bbox 1675 232 1709 264; x_wconf 92' lang='lat' dir='ltr'><strong>in</strong></span> <span class='ocrx_word' id='word_1_24' title='bbox 1745 231 1844 264; x_wconf 89' lang='lat' dir='ltr'><strong>nodo.</strong></span> <span class='ocrx_word' id='word_1_25' title='bbox 1895 230 1991 265; x_wconf 17' lang='lat' dir='ltr'><strong>‘Tune</strong></span> 
     </span>
     <span class='ocr_line' id='line_1_4' title="bbox 751 276 1988 322; baseline 0.004 -15"><span class='ocrx_word' id='word_1_26' title='bbox 751 276 814 308; x_wconf 88' lang='lat' dir='ltr'><strong>AD</strong></span> <span class='ocrx_word' id='word_1_27' title='bbox 853 277 903 308; x_wconf 88' lang='lat' dir='ltr'><strong>vel</strong></span> <span class='ocrx_word' id='word_1_28' title='bbox 927 277 987 308; x_wconf 89' lang='lat' dir='ltr'><strong>HI</strong></span> <span class='ocrx_word' id='word_1_29' title='bbox 1023 277 1142 322; x_wconf 83' lang='lat' dir='ltr'><strong>eadem</strong></span> <span class='ocrx_word' id='word_1_30' title='bbox 1172 279 1246 319; x_wconf 90' lang='lat' dir='ltr'><strong>ipsa</strong></span> <span class='ocrx_word' id='word_1_31' title='bbox 1279 278 1368 310; x_wconf 85' lang='lat' dir='ltr'><strong>linea</strong></span> <span class='ocrx_word' id='word_1_32' title='bbox 1401 279 1541 320; x_wconf 86' lang='lat' dir='ltr'><strong>apogaei</strong></span> <span class='ocrx_word' id='word_1_33' title='bbox 1580 278 1717 320; x_wconf 82' lang='lat' dir='ltr'><strong>epicycli</strong></span> <span class='ocrx_word' id='word_1_34' title='bbox 1753 279 1865 315; x_wconf 84' lang='lat' dir='ltr'><strong>unitur</strong></span> <span class='ocrx_word' id='word_1_35' title='bbox 1889 277 1988 320; x_wconf 83' lang='lat' dir='ltr'><strong>eclip-</strong></span> 
     </span>
     <span class='ocr_line' id='line_1_5' title="bbox 751 324 1988 368; baseline 0.002 -13"><span class='ocrx_word' id='word_1_36' title='bbox 751 324 856 361; x_wconf 87' lang='lat' dir='ltr'><strong>ticae,</strong></span> <span class='ocrx_word' id='word_1_37' title='bbox 890 329 924 356; x_wconf 86' lang='lat' dir='ltr'><strong>et</strong></span> <span class='ocrx_word' id='word_1_38' title='bbox 960 326 1006 356; x_wconf 89' lang='lat' dir='ltr'><strong>sic</strong></span> <span class='ocrx_word' id='word_1_39' title='bbox 1044 325 1073 356; x_wconf 95' lang='lat' dir='ltr'>B</span> <span class='ocrx_word' id='word_1_40' title='bbox 1109 325 1146 356; x_wconf 88' lang='lat' dir='ltr'><strong>fit</strong></span> <span class='ocrx_word' id='word_1_41' title='bbox 1185 325 1306 362; x_wconf 25' lang='lat' dir='ltr'><strong>K‚*et</strong></span> <span class='ocrx_word' id='word_1_42' title='bbox 1339 324 1364 356; x_wconf 92' lang='lat' dir='ltr'>C</span> <span class='ocrx_word' id='word_1_43' title='bbox 1401 325 1439 357; x_wconf 89' lang='lat' dir='ltr'><strong>fit</strong></span> <span class='ocrx_word' id='word_1_44' title='bbox 1472 325 1523 366; x_wconf 88' lang='grc' dir='ltr'><strong>Τ,</strong></span> <span class='ocrx_word' id='word_1_45' title='bbox 1561 327 1639 368; x_wconf 84' lang='lat' dir='ltr'><strong>quia</strong></span> <span class='ocrx_word' id='word_1_46' title='bbox 1674 325 1742 358; x_wconf 84' lang='lat' dir='ltr'><strong>AD</strong></span> <span class='ocrx_word' id='word_1_47' title='bbox 1776 325 1988 368; x_wconf 87' lang='lat' dir='ltr'><strong>perpendicu-</strong></span> 
     </span>
     <span class='ocr_line' id='line_1_6' title="bbox 750 370 1993 417; baseline 0.002 -14"><span class='ocrx_word' id='word_1_48' title='bbox 750 370 864 403; x_wconf 85' lang='lat' dir='ltr'><strong>lariter</strong></span> <span class='ocrx_word' id='word_1_49' title='bbox 896 372 939 403; x_wconf 91' lang='lat' dir='ltr'><strong>ad</strong></span> <span class='ocrx_word' id='word_1_50' title='bbox 957 371 979 404; x_wconf 92' lang='lat' dir='ltr'>S</span> <span class='ocrx_word' id='word_1_51' title='bbox 1006 372 1188 404; x_wconf 87' lang='lat' dir='ltr'><strong>descendit.</strong></span> <span class='ocrx_word' id='word_1_52' title='bbox 1239 371 1295 404; x_wconf 84' lang='lat' dir='ltr'><strong>Sic</strong></span> <span class='ocrx_word' id='word_1_53' title='bbox 1321 371 1393 411; x_wconf 84' lang='lat' dir='ltr'><strong>QR</strong></span> <span class='ocrx_word' id='word_1_54' title='bbox 1417 374 1451 404; x_wconf 93' lang='lat' dir='ltr'><strong>in</strong></span> <span class='ocrx_word' id='word_1_55' title='bbox 1475 373 1537 405; x_wconf 86' lang='lat' dir='ltr'><strong>isto</strong></span> <span class='ocrx_word' id='word_1_56' title='bbox 1561 373 1634 405; x_wconf 88' lang='lat' dir='ltr'><strong>loco</strong></span> <span class='ocrx_word' id='word_1_57' title='bbox 1659 378 1710 406; x_wconf 81' lang='lat' dir='ltr'><strong>est</strong></span> <span class='ocrx_word' id='word_1_58' title='bbox 1735 374 1875 417; x_wconf 79' lang='lat' dir='ltr'><strong>apogaei</strong></span> <span class='ocrx_word' id='word_1_59' title='bbox 1903 374 1993 406; x_wconf 85' lang='lat' dir='ltr'><strong>linea</strong></span> 
     </span>
     <span class='ocr_line' id='line_1_7' title="bbox 751 419 1993 463; baseline 0.002 -13"><span class='ocrx_word' id='word_1_60' title='bbox 751 420 1042 460; x_wconf 83' lang='lat' dir='ltr'><strong>perpendicularis,</strong></span> <span class='ocrx_word' id='word_1_61' title='bbox 1068 419 1100 450; x_wconf 90' lang='lat' dir='ltr'><strong>V</strong></span> <span class='ocrx_word' id='word_1_62' title='bbox 1117 430 1192 452; x_wconf 87' lang='lat' dir='ltr'><strong>vero</strong></span> <span class='ocrx_word' id='word_1_63' title='bbox 1218 425 1269 452; x_wconf 83' lang='lat' dir='ltr'><strong>est</strong></span> <span class='ocrx_word' id='word_1_64' title='bbox 1292 429 1476 462; x_wconf 79' lang='lat' dir='ltr'><strong>apogaeum</strong></span> <span class='ocrx_word' id='word_1_65' title='bbox 1500 420 1640 462; x_wconf 85' lang='lat' dir='ltr'><strong>epicycli</strong></span> <span class='ocrx_word' id='word_1_66' title='bbox 1655 420 1802 463; x_wconf 82' lang='lat' dir='ltr'><strong>vulgare,</strong></span> <span class='ocrx_word' id='word_1_67' title='bbox 1828 425 1862 453; x_wconf 85' lang='lat' dir='ltr'><strong>et</strong></span> <span class='ocrx_word' id='word_1_68' title='bbox 1887 419 1917 460; x_wconf 85' lang='lat' dir='ltr'><strong><em>Q</em></strong></span> <span class='ocrx_word' id='word_1_69' title='bbox 1943 426 1993 453; x_wconf 83' lang='lat' dir='ltr'><strong>est</strong></span> 
     </span>
     <span class='ocr_line' id='line_1_8' title="bbox 753 464 1991 516; baseline 0.001 -18"><span class='ocrx_word' id='word_1_70' title='bbox 753 475 957 508; x_wconf 84' lang='lat' dir='ltr'><strong>apogaeum</strong></span> <span class='ocrx_word' id='word_1_71' title='bbox 999 477 1020 499; x_wconf 87' lang='lat' dir='ltr'><strong>a</strong></span> <span class='ocrx_word' id='word_1_72' title='bbox 1053 477 1116 509; x_wconf 91' lang='lat' dir='ltr'><strong>quo</strong></span> <span class='ocrx_word' id='word_1_73' title='bbox 1154 468 1314 499; x_wconf 82' lang='lat' dir='ltr'><strong>distantia</strong></span> <span class='ocrx_word' id='word_1_74' title='bbox 1340 464 1365 510; x_wconf 96' lang='lat' dir='ltr'><strong><em>Q</em></strong></span> <span class='ocrx_word' id='word_1_75' title='bbox 1398 478 1455 509; x_wconf 88' lang='lat' dir='ltr'><strong>pro</strong></span> <span class='ocrx_word' id='word_1_76' title='bbox 1479 467 1656 516; x_wconf 83' lang='lat' dir='ltr'><strong>latitudine</strong></span> <span class='ocrx_word' id='word_1_77' title='bbox 1678 468 1884 510; x_wconf 73' lang='lat' dir='ltr'><strong>inquirenda</strong></span> <span class='ocrx_word' id='word_1_78' title='bbox 1907 470 1991 500; x_wconf 87' lang='lat' dir='ltr'><strong>sumi</strong></span> 
     </span>
     <span class='ocr_line' id='line_1_9' title="bbox 754 511 1993 558; baseline 0.002 -13"><span class='ocrx_word' id='word_1_79' title='bbox 754 514 861 546; x_wconf 89' lang='lat' dir='ltr'><strong>debet.</strong></span> <span class='ocrx_word' id='word_1_80' title='bbox 912 514 1006 546; x_wconf 84' lang='lat' dir='ltr'><strong>Data</strong></span> <span class='ocrx_word' id='word_1_81' title='bbox 1036 515 1135 557; x_wconf 84' lang='lat' dir='ltr'><strong>igitur</strong></span> <span class='ocrx_word' id='word_1_82' title='bbox 1171 515 1330 546; x_wconf 86' lang='lat' dir='ltr'><strong>distantia</strong></span> <span class='ocrx_word' id='word_1_83' title='bbox 1356 511 1383 553; x_wconf 89' lang='lat' dir='ltr'><strong><em>Q</em></strong></span> <span class='ocrx_word' id='word_1_84' title='bbox 1415 515 1456 547; x_wconf 89' lang='lat' dir='ltr'><strong>ab</strong></span> <span class='ocrx_word' id='word_1_85' title='bbox 1492 524 1641 557; x_wconf 79' lang='lat' dir='ltr'><strong>apogaeo</strong></span> <span class='ocrx_word' id='word_1_86' title='bbox 1652 514 1814 558; x_wconf 79' lang='lat' dir='ltr'><strong>vulgari,</strong></span> <span class='ocrx_word' id='word_1_87' title='bbox 1851 514 1993 552; x_wconf 72' lang='lat' dir='ltr'><strong>addatur</strong></span> 
     </span>
     <span class='ocr_line' id='line_1_10' title="bbox 750 549 1994 604; baseline 0.002 -12"><span class='ocrx_word' id='word_1_88' title='bbox 750 561 797 593; x_wconf 91' lang='lat' dir='ltr'><strong>illi</strong></span> <span class='ocrx_word' id='word_1_89' title='bbox 823 562 1000 594; x_wconf 79' lang='lat' dir='ltr'><strong>distantiae</strong></span> <span class='ocrx_word' id='word_1_90' title='bbox 1028 564 1130 594; x_wconf 86' lang='lat' dir='ltr'><strong>centri</strong></span> <span class='ocrx_word' id='word_1_91' title='bbox 1157 549 1293 604; x_wconf 85' lang='lat' dir='ltr'><strong>epicycli</strong></span> <span class='ocrx_word' id='word_1_92' title='bbox 1321 563 1362 594; x_wconf 91' lang='lat' dir='ltr'><strong>ab</strong></span> <span class='ocrx_word' id='word_1_93' title='bbox 1385 571 1534 604; x_wconf 87' lang='lat' dir='ltr'><strong>apogaeo</strong></span> <span class='ocrx_word' id='word_1_94' title='bbox 1558 563 1735 595; x_wconf 86' lang='lat' dir='ltr'><strong>eccentrici</strong></span> <span class='ocrx_word' id='word_1_95' title='bbox 1761 560 1933 600; x_wconf 75' lang='lat' dir='ltr'><strong>distantia,</strong></span> <span class='ocrx_word' id='word_1_96' title='bbox 1959 568 1994 595; x_wconf 89' lang='lat' dir='ltr'><strong>et</strong></span> 
     </span>
     <span class='ocr_line' id='line_1_11' title="bbox 749 605 1990 652; baseline 0.002 -12"><span class='ocrx_word' id='word_1_97' title='bbox 749 609 852 642; x_wconf 88' lang='lat' dir='ltr'><strong>habes</strong></span> <span class='ocrx_word' id='word_1_98' title='bbox 877 613 983 641; x_wconf 86' lang='lat' dir='ltr'><strong>totam</strong></span> <span class='ocrx_word' id='word_1_99' title='bbox 1009 605 1035 648; x_wconf 88' lang='lat' dir='ltr'><strong><em>Q</em></strong></span> <span class='ocrx_word' id='word_1_100' title='bbox 1063 610 1255 642; x_wconf 83' lang='lat' dir='ltr'><strong>distantiam</strong></span> <span class='ocrx_word' id='word_1_101' title='bbox 1281 610 1323 642; x_wconf 86' lang='lat' dir='ltr'><strong>ab</strong></span> <span class='ocrx_word' id='word_1_102' title='bbox 1349 619 1498 652; x_wconf 87' lang='lat' dir='ltr'><strong>apogaeo</strong></span> <span class='ocrx_word' id='word_1_103' title='bbox 1524 609 1662 651; x_wconf 86' lang='lat' dir='ltr'><strong>epicycli</strong></span> <span class='ocrx_word' id='word_1_104' title='bbox 1685 609 1845 652; x_wconf 71' lang='lat' dir='ltr'><strong>parallelo</strong></span> <span class='ocrx_word' id='word_1_105' title='bbox 1878 610 1990 642; x_wconf 86' lang='lat' dir='ltr'><strong>latitu-</strong></span> 
     </span>
     <span class='ocr_line' id='line_1_12' title="bbox 751 655 1992 699; baseline 0.001 -11"><span class='ocrx_word' id='word_1_106' title='bbox 751 657 873 689; x_wconf 90' lang='lat' dir='ltr'><strong>dinum.</strong></span> <span class='ocrx_word' id='word_1_107' title='bbox 924 657 1081 697; x_wconf 78' lang='lat' dir='ltr'><strong>Circellus</strong></span> <span class='ocrx_word' id='word_1_108' title='bbox 1111 667 1229 699; x_wconf 85' lang='lat' dir='ltr'><strong>parvus</strong></span> <span class='ocrx_word' id='word_1_109' title='bbox 1262 655 1349 697; x_wconf 87' lang='lat' dir='ltr'><strong>(EF)</strong></span> <span class='ocrx_word' id='word_1_110' title='bbox 1388 667 1487 699; x_wconf 88' lang='lat' dir='ltr'><strong>prope</strong></span> <span class='ocrx_word' id='word_1_111' title='bbox 1512 657 1648 689; x_wconf 83' lang='lat' dir='ltr'><strong>Terram</strong></span> <span class='ocrx_word' id='word_1_112' title='bbox 1680 658 1784 690; x_wconf 79' lang='lat' dir='ltr'><strong>vicem</strong></span> <span class='ocrx_word' id='word_1_113' title='bbox 1817 658 1992 691; x_wconf 85' lang='lat' dir='ltr'><strong>eccentrici</strong></span> 
     </span>
     <span class='ocr_line' id='line_1_13' title="bbox 749 704 1993 746; baseline 0.001 -10"><span class='ocrx_word' id='word_1_114' title='bbox 749 706 835 746; x_wconf 87' lang='lat' dir='ltr'><strong>gerit</strong></span> <span class='ocrx_word' id='word_1_115' title='bbox 871 704 1131 745; x_wconf 88' lang='lat' dir='ltr'><strong>quodammodo,</strong></span> <span class='ocrx_word' id='word_1_116' title='bbox 1166 706 1192 736; x_wconf 91' lang='lat' dir='ltr'><strong>si</strong></span> <span class='ocrx_word' id='word_1_117' title='bbox 1227 705 1371 746; x_wconf 75' lang='lat' dir='ltr'><strong>superior</strong></span> <span class='ocrx_word' id='word_1_118' title='bbox 1404 714 1480 746; x_wconf 85' lang='lat' dir='ltr'><strong>pars</strong></span> <span class='ocrx_word' id='word_1_119' title='bbox 1506 704 1534 736; x_wconf 87' lang='lat' dir='ltr'><strong>E</strong></span> <span class='ocrx_word' id='word_1_120' title='bbox 1559 706 1630 745; x_wconf 85' lang='lat' dir='ltr'><strong>ejus</strong></span> <span class='ocrx_word' id='word_1_121' title='bbox 1654 705 1816 742; x_wconf 86' lang='lat' dir='ltr'><strong>declinet,</strong></span> <span class='ocrx_word' id='word_1_122' title='bbox 1860 705 1993 737; x_wconf 70' lang='lat' dir='ltr'><strong>inferior</strong></span> 
     </span>
     <span class='ocr_line' id='line_1_14' title="bbox 749 751 1991 793; baseline 0.001 -10"><span class='ocrx_word' id='word_1_123' title='bbox 749 762 825 793; x_wconf 86' lang='lat' dir='ltr'><strong>pars</strong></span> <span class='ocrx_word' id='word_1_124' title='bbox 851 752 876 783; x_wconf 89' lang='lat' dir='ltr'>F</span> <span class='ocrx_word' id='word_1_125' title='bbox 901 752 996 784; x_wconf 89' lang='lat' dir='ltr'><strong>unita</strong></span> <span class='ocrx_word' id='word_1_126' title='bbox 1020 752 1062 783; x_wconf 88' lang='lat' dir='ltr'><strong>sit</strong></span> <span class='ocrx_word' id='word_1_127' title='bbox 1098 752 1205 784; x_wconf 88' lang='lat' dir='ltr'><strong>lineae</strong></span> <span class='ocrx_word' id='word_1_128' title='bbox 1244 752 1288 784; x_wconf 87' lang='lat' dir='ltr'><strong>ad</strong></span> <span class='ocrx_word' id='word_1_129' title='bbox 1322 751 1510 793; x_wconf 86' lang='lat' dir='ltr'><strong>eclipticam</strong></span> <span class='ocrx_word' id='word_1_130' title='bbox 1543 751 1734 793; x_wconf 85' lang='lat' dir='ltr'><strong>productae.</strong></span> <span class='ocrx_word' id='word_1_131' title='bbox 1785 751 1820 784; x_wconf 90' lang='lat' dir='ltr'><strong>Si</strong></span> <span class='ocrx_word' id='word_1_132' title='bbox 1845 756 1991 784; x_wconf 81' lang='lat' dir='ltr'><strong>centrum</strong></span> 
     </span>
     <span class='ocr_line' id='line_1_15' title="bbox 750 793 1990 841; baseline 0 -10"><span class='ocrx_word' id='word_1_133' title='bbox 750 800 926 832; x_wconf 86' lang='lat' dir='ltr'><strong>eccentrici</strong></span> <span class='ocrx_word' id='word_1_134' title='bbox 950 800 984 830; x_wconf 90' lang='lat' dir='ltr'><strong>in</strong></span> <span class='ocrx_word' id='word_1_135' title='bbox 1002 799 1028 830; x_wconf 89' lang='lat' dir='ltr'><strong>E</strong></span> <span class='ocrx_word' id='word_1_136' title='bbox 1047 800 1203 840; x_wconf 88' lang='lat' dir='ltr'><strong>superiori</strong></span> <span class='ocrx_word' id='word_1_137' title='bbox 1215 803 1326 840; x_wconf 61' lang='lat' dir='ltr'><strong>parte,</strong></span> <span class='ocrx_word' id='word_1_138' title='bbox 1347 803 1427 831; x_wconf 90' lang='lat' dir='ltr'><strong>tunc</strong></span> <span class='ocrx_word' id='word_1_139' title='bbox 1451 799 1542 831; x_wconf 87' lang='lat' dir='ltr'><strong>linea</strong></span> <span class='ocrx_word' id='word_1_140' title='bbox 1567 808 1588 830; x_wconf 88' lang='lat' dir='ltr'><strong>a</strong></span> <span class='ocrx_word' id='word_1_141' title='bbox 1604 799 1707 832; x_wconf 85' lang='lat' dir='ltr'><strong>Terra</strong></span> <span class='ocrx_word' id='word_1_142' title='bbox 1729 809 1789 841; x_wconf 84' lang='lat' dir='ltr'><strong>per</strong></span> <span class='ocrx_word' id='word_1_143' title='bbox 1808 799 1889 831; x_wconf 87' lang='lat' dir='ltr'><strong>illud</strong></span> <span class='ocrx_word' id='word_1_144' title='bbox 1914 793 1990 831; x_wconf 76' lang='lat' dir='ltr'><strong>ced-</strong></span> 
     </span>
     <span class='ocr_line' id='line_1_16' title="bbox 747 846 1892 888; baseline 0.001 -10"><span class='ocrx_word' id='word_1_145' title='bbox 747 852 831 878; x_wconf 86' lang='lat' dir='ltr'><strong>trum</strong></span> <span class='ocrx_word' id='word_1_146' title='bbox 857 847 1034 879; x_wconf 88' lang='lat' dir='ltr'><strong>eccentrici</strong></span> <span class='ocrx_word' id='word_1_147' title='bbox 1061 847 1183 878; x_wconf 89' lang='lat' dir='ltr'><strong>educta</strong></span> <span class='ocrx_word' id='word_1_148' title='bbox 1208 846 1353 878; x_wconf 83' lang='lat' dir='ltr'><strong>ostendit</strong></span> <span class='ocrx_word' id='word_1_149' title='bbox 1378 846 1634 878; x_wconf 86' lang='lat' dir='ltr'><strong>declinationem</strong></span> <span class='ocrx_word' id='word_1_150' title='bbox 1659 847 1702 878; x_wconf 87' lang='lat' dir='ltr'><strong>ab</strong></span> <span class='ocrx_word' id='word_1_151' title='bbox 1727 846 1892 888; x_wconf 77' lang='lat' dir='ltr'><strong>ecliptica.</strong></span> 
     </span>
    </p>

    <p class='ocr_par' dir='ltr' id='par_1_3' title="bbox 176 892 1992 1021">
     <span class='ocr_line' id='line_1_17' title="bbox 276 892 1992 935; baseline 0.001 -11"><span class='ocrx_word' id='word_1_152' title='bbox 276 893 315 924; x_wconf 93' lang='lat' dir='ltr'><strong>In</strong></span> <span class='ocrx_word' id='word_1_153' title='bbox 341 892 472 925; x_wconf 88' lang='lat' dir='ltr'><strong>Venere</strong></span> <span class='ocrx_word' id='word_1_154' title='bbox 498 898 588 935; x_wconf 90' lang='lat' dir='ltr'><strong>puto,</strong></span> <span class='ocrx_word' id='word_1_155' title='bbox 615 904 716 926; x_wconf 89' lang='lat' dir='ltr'><strong>unam</strong></span> <span class='ocrx_word' id='word_1_156' title='bbox 740 894 948 927; x_wconf 85' lang='lat' dir='ltr'><strong>latitudinem</strong></span> <span class='ocrx_word' id='word_1_157' title='bbox 974 898 1104 926; x_wconf 88' lang='lat' dir='ltr'><strong>tantum</strong></span> <span class='ocrx_word' id='word_1_158' title='bbox 1131 904 1221 932; x_wconf 78' lang='lat' dir='ltr'><strong>esse3</strong></span> <span class='ocrx_word' id='word_1_159' title='bbox 1246 893 1456 926; x_wconf 82' lang='lat' dir='ltr'><strong>reflexionem</strong></span> <span class='ocrx_word' id='word_1_160' title='bbox 1480 893 1634 926; x_wconf 81' lang='lat' dir='ltr'><strong>videlicet</strong></span> <span class='ocrx_word' id='word_1_161' title='bbox 1657 894 1845 930; x_wconf 83' lang='lat' dir='ltr'><strong>eccentrici,</strong></span> <span class='ocrx_word' id='word_1_162' title='bbox 1868 893 1992 926; x_wconf 82' lang='lat' dir='ltr'><strong>nullam</strong></span> 
     </span>
     <span class='ocr_line' id='line_1_18' title="bbox 178 939 1991 983; baseline 0.002 -12"><span class='ocrx_word' id='word_1_163' title='bbox 178 951 253 972; x_wconf 87' lang='lat' dir='ltr'><strong>vero</strong></span> <span class='ocrx_word' id='word_1_164' title='bbox 281 940 534 972; x_wconf 87' lang='lat' dir='ltr'><strong>declinationem</strong></span> <span class='ocrx_word' id='word_1_165' title='bbox 562 940 627 981; x_wconf 70' lang='lat' dir='ltr'><strong>fl),</strong></span> <span class='ocrx_word' id='word_1_166' title='bbox 655 951 728 974; x_wconf 86' lang='lat' dir='ltr'><strong>cum</strong></span> <span class='ocrx_word' id='word_1_167' title='bbox 756 942 839 974; x_wconf 90' lang='lat' dir='ltr'><strong>adeo</strong></span> <span class='ocrx_word' id='word_1_168' title='bbox 865 951 968 983; x_wconf 89' lang='lat' dir='ltr'><strong>parva</strong></span> <span class='ocrx_word' id='word_1_169' title='bbox 996 965 1003 972; x_wconf 87' lang='lat'><strong>.</strong></span> <span class='ocrx_word' id='word_1_170' title='bbox 1032 965 1039 973; x_wconf 92' lang='lat'><strong><em>.</em></strong></span> <span class='ocrx_word' id='word_1_171' title='bbox 1069 965 1075 972; x_wconf 96' lang='lat'>.</span> <span class='ocrx_word' id='word_1_172' title='bbox 1105 965 1111 972; x_wconf 90' lang='lat'><em>.</em></span> <span class='ocrx_word' id='word_1_173' title='bbox 1142 939 1189 981; x_wconf 83' lang='lat'><strong>(?)</strong></span> <span class='ocrx_word' id='word_1_174' title='bbox 1217 965 1225 972; x_wconf 93' lang='lat'><strong><em>.</em></strong></span> <span class='ocrx_word' id='word_1_175' title='bbox 1253 964 1261 972; x_wconf 94' lang='lat'>.</span> <span class='ocrx_word' id='word_1_176' title='bbox 1289 963 1296 971; x_wconf 92' lang='lat'>.</span> <span class='ocrx_word' id='word_1_177' title='bbox 1324 950 1410 982; x_wconf 88' lang='lat' dir='ltr'><strong>quae</strong></span> <span class='ocrx_word' id='word_1_178' title='bbox 1442 941 1526 973; x_wconf 72' lang='lat' dir='ltr'><strong>forte</strong></span> <span class='ocrx_word' id='word_1_179' title='bbox 1549 941 1628 973; x_wconf 77' lang='lat' dir='ltr'><strong>vitio</strong></span> <span class='ocrx_word' id='word_1_180' title='bbox 1654 940 1890 974; x_wconf 74' lang='lat' dir='ltr'><strong>observationis</strong></span> <span class='ocrx_word' id='word_1_181' title='bbox 1912 940 1991 974; x_wconf 86' lang='lat' dir='ltr'><strong>Pto-</strong></span> 
     </span>
     <span class='ocr_line' id='line_1_19' title="bbox 176 988 689 1021; baseline 0.004 -2"><span class='ocrx_word' id='word_1_182' title='bbox 176 989 339 1019; x_wconf 88' lang='lat' dir='ltr'><strong>lemaicae</strong></span> <span class='ocrx_word' id='word_1_183' title='bbox 364 988 413 1020; x_wconf 90' lang='lat' dir='ltr'><strong>ita</strong></span> <span class='ocrx_word' id='word_1_184' title='bbox 438 989 592 1021; x_wconf 89' lang='lat' dir='ltr'><strong>ordinata</strong></span> <span class='ocrx_word' id='word_1_185' title='bbox 618 990 689 1021; x_wconf 80' lang='lat' dir='ltr'><strong>fuit.</strong></span> 
     </span>
    </p>

    <p class='ocr_par' dir='ltr' id='par_1_4' title="bbox 272 1034 1991 1078">
     <span class='ocr_line' id='line_1_20' title="bbox 272 1034 1991 1078; baseline 0.001 -12"><span class='ocrx_word' id='word_1_186' title='bbox 272 1035 392 1067; x_wconf 89' lang='lat' dir='ltr'><strong>Judica</strong></span> <span class='ocrx_word' id='word_1_187' title='bbox 417 1040 454 1067; x_wconf 90' lang='lat' dir='ltr'><strong>tu</strong></span> <span class='ocrx_word' id='word_1_188' title='bbox 480 1036 520 1068; x_wconf 92' lang='lat' dir='ltr'><strong>de</strong></span> <span class='ocrx_word' id='word_1_189' title='bbox 545 1036 610 1068; x_wconf 88' lang='lat' dir='ltr'><strong>hac</strong></span> <span class='ocrx_word' id='word_1_190' title='bbox 634 1037 872 1078; x_wconf 86' lang='lat' dir='ltr'><strong>speculatione,</strong></span> <span class='ocrx_word' id='word_1_191' title='bbox 898 1038 952 1078; x_wconf 91' lang='lat' dir='ltr'><strong>qui</strong></span> <span class='ocrx_word' id='word_1_192' title='bbox 980 1036 1260 1068; x_wconf 88' lang='lat' dir='ltr'><strong>observationibus</strong></span> <span class='ocrx_word' id='word_1_193' title='bbox 1277 1035 1499 1076; x_wconf 85' lang='lat' dir='ltr'><strong>Tychonianis</strong></span> <span class='ocrx_word' id='word_1_194' title='bbox 1523 1034 1613 1067; x_wconf 86' lang='lat' dir='ltr'><strong>haud</strong></span> <span class='ocrx_word' id='word_1_195' title='bbox 1630 1035 1728 1068; x_wconf 88' lang='lat' dir='ltr'><strong>dubie</strong></span> <span class='ocrx_word' id='word_1_196' title='bbox 1747 1036 1928 1069; x_wconf 73' lang='lat' dir='ltr'><strong>instructus</strong></span> <span class='ocrx_word' id='word_1_197' title='bbox 1945 1045 1991 1068; x_wconf 80' lang='lat' dir='ltr'><strong>es.</strong></span> 
     </span>
    </p>

    <p class='ocr_par' dir='ltr' id='par_1_5' title="bbox 180 1080 1993 1267">
     <span class='ocr_line' id='line_1_21' title="bbox 277 1080 1993 1126; baseline 0.001 -12"><span class='ocrx_word' id='word_1_198' title='bbox 277 1082 466 1125; x_wconf 87' lang='lat' dir='ltr'><strong>Diligenter</strong></span> <span class='ocrx_word' id='word_1_199' title='bbox 492 1094 619 1125; x_wconf 90' lang='lat' dir='ltr'><strong>quoque</strong></span> <span class='ocrx_word' id='word_1_200' title='bbox 646 1094 685 1116; x_wconf 86' lang='lat' dir='ltr'><strong>ex</strong></span> <span class='ocrx_word' id='word_1_201' title='bbox 710 1085 933 1126; x_wconf 81' lang='lat' dir='ltr'><strong>parallaxibus</strong></span> <span class='ocrx_word' id='word_1_202' title='bbox 959 1084 1010 1116; x_wconf 77' lang='lat' dir='ltr'><strong>vel</strong></span> <span class='ocrx_word' id='word_1_203' title='bbox 1037 1084 1292 1116; x_wconf 87' lang='lat' dir='ltr'><strong>evariationibus</strong></span> <span class='ocrx_word' id='word_1_204' title='bbox 1311 1080 1617 1124; x_wconf 83' lang='lat' dir='ltr'><strong>(evagationibus?)</strong></span> <span class='ocrx_word' id='word_1_205' title='bbox 1643 1083 1730 1115; x_wconf 83' lang='lat' dir='ltr'><strong>visus</strong></span> <span class='ocrx_word' id='word_1_206' title='bbox 1756 1083 1993 1116; x_wconf 83' lang='lat' dir='ltr'><strong>attendendum</strong></span> 
     </span>
     <span class='ocr_line' id='line_1_22' title="bbox 180 1129 1990 1174; baseline 0 -13"><span class='ocrx_word' id='word_1_207' title='bbox 180 1130 291 1171; x_wconf 86' lang='lat' dir='ltr'><strong>judico</strong></span> <span class='ocrx_word' id='word_1_208' title='bbox 318 1129 358 1161; x_wconf 89' lang='lat' dir='ltr'><strong>de</strong></span> <span class='ocrx_word' id='word_1_209' title='bbox 384 1129 540 1163; x_wconf 82' lang='lat' dir='ltr'><strong>Mercurii</strong></span> <span class='ocrx_word' id='word_1_210' title='bbox 565 1132 680 1164; x_wconf 87' lang='lat' dir='ltr'><strong>visuali</strong></span> <span class='ocrx_word' id='word_1_211' title='bbox 706 1133 906 1174; x_wconf 81' lang='lat' dir='ltr'><strong>quantitate,</strong></span> <span class='ocrx_word' id='word_1_212' title='bbox 934 1142 976 1164; x_wconf 90' lang='lat' dir='ltr'><strong>an</strong></span> <span class='ocrx_word' id='word_1_213' title='bbox 1002 1129 1023 1161; x_wconf 81' lang='lat'><strong>4</strong></span> <span class='ocrx_word' id='word_1_214' title='bbox 1049 1132 1151 1173; x_wconf 88' lang='lat' dir='ltr'><strong>signis</strong></span> <span class='ocrx_word' id='word_1_215' title='bbox 1179 1131 1220 1163; x_wconf 91' lang='lat' dir='ltr'><strong>ab</strong></span> <span class='ocrx_word' id='word_1_216' title='bbox 1246 1139 1394 1172; x_wconf 88' lang='lat' dir='ltr'><strong>apogaeo</strong></span> <span class='ocrx_word' id='word_1_217' title='bbox 1420 1134 1564 1161; x_wconf 86' lang='lat' dir='ltr'><strong>remotus</strong></span> <span class='ocrx_word' id='word_1_218' title='bbox 1588 1139 1704 1162; x_wconf 85' lang='lat' dir='ltr'><strong>revera</strong></span> <span class='ocrx_word' id='word_1_219' title='bbox 1727 1131 1836 1174; x_wconf 83' lang='lat' dir='ltr'><strong>magis</strong></span> <span class='ocrx_word' id='word_1_220' title='bbox 1853 1129 1896 1163; x_wconf 85' lang='lat' dir='ltr'><strong>ad</strong></span> <span class='ocrx_word' id='word_1_221' title='bbox 1913 1129 1990 1164; x_wconf 85' lang='lat' dir='ltr'><strong>Ter-</strong></span> 
     </span>
     <span class='ocr_line' id='line_1_23' title="bbox 183 1177 1993 1221; baseline 0.001 -13"><span class='ocrx_word' id='word_1_222' title='bbox 183 1187 252 1209; x_wconf 85' lang='lat' dir='ltr'><strong>ram</strong></span> <span class='ocrx_word' id='word_1_223' title='bbox 279 1179 528 1220; x_wconf 83' lang='lat' dir='ltr'><strong>appropinquet,</strong></span> <span class='ocrx_word' id='word_1_224' title='bbox 554 1189 652 1220; x_wconf 86' lang='lat' dir='ltr'><strong>quam</strong></span> <span class='ocrx_word' id='word_1_225' title='bbox 678 1180 711 1211; x_wconf 91' lang='lat' dir='ltr'><strong>in</strong></span> <span class='ocrx_word' id='word_1_226' title='bbox 737 1181 904 1221; x_wconf 82' lang='lat' dir='ltr'><strong>perigaeo,</strong></span> <span class='ocrx_word' id='word_1_227' title='bbox 931 1179 981 1211; x_wconf 88' lang='lat' dir='ltr'><strong>vel</strong></span> <span class='ocrx_word' id='word_1_228' title='bbox 1005 1188 1050 1210; x_wconf 87' lang='lat' dir='ltr'><strong>an</strong></span> <span class='ocrx_word' id='word_1_229' title='bbox 1076 1178 1154 1210; x_wconf 86' lang='lat' dir='ltr'><strong>illud</strong></span> <span class='ocrx_word' id='word_1_230' title='bbox 1180 1179 1240 1210; x_wconf 90' lang='lat' dir='ltr'><strong>fiat</strong></span> <span class='ocrx_word' id='word_1_231' title='bbox 1264 1187 1321 1219; x_wconf 89' lang='lat' dir='ltr'><strong>per</strong></span> <span class='ocrx_word' id='word_1_232' title='bbox 1337 1181 1462 1209; x_wconf 89' lang='lat' dir='ltr'><strong>motum</strong></span> <span class='ocrx_word' id='word_1_233' title='bbox 1485 1177 1637 1218; x_wconf 76' lang='lat' dir='ltr'><strong>diametri</strong></span> <span class='ocrx_word' id='word_1_234' title='bbox 1651 1179 1748 1219; x_wconf 75' lang='lat' dir='ltr'><strong>Juxta</strong></span> <span class='ocrx_word' id='word_1_235' title='bbox 1764 1177 1993 1220; x_wconf 73' lang='lat' dir='ltr'><strong>Caper-uicum,</strong></span> 
     </span>
     <span class='ocr_line' id='line_1_24' title="bbox 182 1225 974 1267; baseline 0.004 -12"><span class='ocrx_word' id='word_1_236' title='bbox 182 1225 232 1256; x_wconf 79' lang='lat' dir='ltr'><strong>vel</strong></span> <span class='ocrx_word' id='word_1_237' title='bbox 258 1225 396 1266; x_wconf 84' lang='lat' dir='ltr'><strong>epicycli</strong></span> <span class='ocrx_word' id='word_1_238' title='bbox 422 1227 685 1267; x_wconf 86' lang='lat' dir='ltr'><strong>majorationem,</strong></span> <span class='ocrx_word' id='word_1_239' title='bbox 711 1233 748 1258; x_wconf 93' lang='lat' dir='ltr'><strong>nt</strong></span> <span class='ocrx_word' id='word_1_240' title='bbox 772 1228 818 1259; x_wconf 90' lang='lat' dir='ltr'><strong>sic</strong></span> <span class='ocrx_word' id='word_1_241' title='bbox 845 1226 974 1259; x_wconf 83' lang='lat' dir='ltr'><strong>dicam?</strong></span> 
     </span>
    </p>
   </div>
   <div class='ocr_carea' id='block_1_3' title="bbox 181 1284 2004 2345">
    <p class='ocr_par' dir='ltr' id='par_1_6' title="bbox 181 1284 2004 2345">
     <span class='ocr_line' id='line_1_25' title="bbox 213 1284 1993 1338; baseline 0.001 -14"><span class='ocrx_word' id='word_1_242' title='bbox 213 1294 272 1324; x_wconf 50' lang='lat' dir='ltr'><strong>Eg.</strong></span> <span class='ocrx_word' id='word_1_243' title='bbox 311 1295 337 1317; x_wconf 80' lang='lat'><strong>⁵-</strong></span> <span class='ocrx_word' id='word_1_244' title='bbox 515 1285 783 1337; x_wconf 87' lang='lat' dir='ltr'><strong>Keplerus:</strong></span> <span class='ocrx_word' id='word_1_245' title='bbox 829 1285 905 1325; x_wconf 89' lang='lat' dir='ltr'><strong>Hic</strong></span> <span class='ocrx_word' id='word_1_246' title='bbox 937 1298 1000 1324; x_wconf 92' lang='lat' dir='ltr'><strong>me</strong></span> <span class='ocrx_word' id='word_1_247' title='bbox 1022 1297 1142 1324; x_wconf 89' lang='lat' dir='ltr'><strong>vocas</strong></span> <span class='ocrx_word' id='word_1_248' title='bbox 1174 1284 1212 1323; x_wconf 89' lang='lat' dir='ltr'><strong>in</strong></span> <span class='ocrx_word' id='word_1_249' title='bbox 1246 1284 1496 1338; x_wconf 81' lang='lat' dir='ltr'><strong>labyrinthos</strong></span> <span class='ocrx_word' id='word_1_250' title='bbox 1516 1291 1607 1324; x_wconf 85' lang='lat' dir='ltr'><strong>tuos</strong></span> <span class='ocrx_word' id='word_1_251' title='bbox 1639 1284 1688 1324; x_wconf 89' lang='lat' dir='ltr'><strong>de</strong></span> <span class='ocrx_word' id='word_1_252' title='bbox 1720 1284 1919 1325; x_wconf 79' lang='lat' dir='ltr'><strong>Mercurio</strong></span> <span class='ocrx_word' id='word_1_253' title='bbox 1951 1290 1993 1325; x_wconf 84' lang='lat' dir='ltr'><strong>et</strong></span> 
     </span>
     <span class='ocr_line' id='line_1_26' title="bbox 397 1343 1990 1397; baseline 0.002 -16"><span class='ocrx_word' id='word_1_254' title='bbox 397 1344 571 1384; x_wconf 81' lang='lat' dir='ltr'><strong>Venere.</strong></span> <span class='ocrx_word' id='word_1_255' title='bbox 614 1345 705 1386; x_wconf 85' lang='lat' dir='ltr'><strong>Non</strong></span> <span class='ocrx_word' id='word_1_256' title='bbox 740 1345 852 1385; x_wconf 86' lang='lat' dir='ltr'><strong>lubet</strong></span> <span class='ocrx_word' id='word_1_257' title='bbox 883 1344 1016 1397; x_wconf 87' lang='lat' dir='ltr'><strong>sequi:</strong></span> <span class='ocrx_word' id='word_1_258' title='bbox 1062 1343 1165 1383; x_wconf 85' lang='lat' dir='ltr'><strong>citra</strong></span> <span class='ocrx_word' id='word_1_259' title='bbox 1196 1343 1391 1384; x_wconf 86' lang='lat' dir='ltr'><strong>rationem</strong></span> <span class='ocrx_word' id='word_1_260' title='bbox 1437 1343 1623 1396; x_wconf 87' lang='lat' dir='ltr'><strong>fatigaris</strong></span> <span class='ocrx_word' id='word_1_261' title='bbox 1668 1344 1858 1384; x_wconf 82' lang='lat' dir='ltr'><strong>assumtis</strong></span> <span class='ocrx_word' id='word_1_262' title='bbox 1890 1344 1990 1384; x_wconf 87' lang='lat' dir='ltr'><strong>Pto-</strong></span> 
     </span>
     <span class='ocr_line' id='line_1_27' title="bbox 397 1402 1990 1457; baseline 0.001 -16"><span class='ocrx_word' id='word_1_263' title='bbox 397 1403 540 1443; x_wconf 88' lang='lat' dir='ltr'><strong>lemaei</strong></span> <span class='ocrx_word' id='word_1_264' title='bbox 572 1404 747 1455; x_wconf 87' lang='lat' dir='ltr'><strong>placitis,</strong></span> <span class='ocrx_word' id='word_1_265' title='bbox 783 1417 884 1457; x_wconf 89' lang='lat' dir='ltr'><strong>quae</strong></span> <span class='ocrx_word' id='word_1_266' title='bbox 926 1409 1012 1443; x_wconf 90' lang='lat' dir='ltr'><strong>tam</strong></span> <span class='ocrx_word' id='word_1_267' title='bbox 1043 1404 1171 1442; x_wconf 83' lang='lat' dir='ltr'><strong>multa</strong></span> <span class='ocrx_word' id='word_1_268' title='bbox 1211 1402 1316 1443; x_wconf 88' lang='lat' dir='ltr'><strong>falsa</strong></span> <span class='ocrx_word' id='word_1_269' title='bbox 1337 1403 1700 1455; x_wconf 89' lang='lat' dir='ltr'><strong>deprehenduntur.</strong></span> <span class='ocrx_word' id='word_1_270' title='bbox 1763 1402 1865 1443; x_wconf 90' lang='lat' dir='ltr'><strong>Mihi</strong></span> <span class='ocrx_word' id='word_1_271' title='bbox 1902 1403 1990 1443; x_wconf 80' lang='lat' dir='ltr'><strong>suf-</strong></span> 
     </span>
     <span class='ocr_line' id='line_1_28' title="bbox 396 1461 1991 1507; baseline 0.002 -7"><span class='ocrx_word' id='word_1_272' title='bbox 396 1462 479 1501; x_wconf 88' lang='lat' dir='ltr'><strong>ficit</strong></span> <span class='ocrx_word' id='word_1_273' title='bbox 511 1463 614 1503; x_wconf 87' lang='lat' dir='ltr'><strong>scire</strong></span> <span class='ocrx_word' id='word_1_274' title='bbox 647 1463 722 1503; x_wconf 91' lang='lat' dir='ltr'><strong>hoc</strong></span> <span class='ocrx_word' id='word_1_275' title='bbox 755 1463 803 1503; x_wconf 91' lang='lat' dir='ltr'><strong>de</strong></span> <span class='ocrx_word' id='word_1_276' title='bbox 837 1463 998 1503; x_wconf 89' lang='lat' dir='ltr'><strong>Venere</strong></span> <span class='ocrx_word' id='word_1_277' title='bbox 1031 1467 1072 1501; x_wconf 88' lang='lat' dir='ltr'><strong>et</strong></span> <span class='ocrx_word' id='word_1_278' title='bbox 1104 1462 1303 1503; x_wconf 80' lang='lat' dir='ltr'><strong>Mercurio</strong></span> <span class='ocrx_word' id='word_1_279' title='bbox 1337 1475 1387 1502; x_wconf 83' lang='lat' dir='ltr'><strong>ex</strong></span> <span class='ocrx_word' id='word_1_280' title='bbox 1417 1461 1786 1507; x_wconf 84' lang='lat' dir='ltr'><strong>observationibus,</strong></span> <span class='ocrx_word' id='word_1_281' title='bbox 1819 1462 1991 1503; x_wconf 89' lang='lat' dir='ltr'><strong>inclina-</strong></span> 
     </span>
     <span class='ocr_line' id='line_1_29' title="bbox 246 1486 1991 1575; baseline 0.001 -15"><span class='ocrx_word' id='word_1_282' title='bbox 246 1486 276 1550; x_wconf 53' lang='lat' dir='ltr'><em>s</em></span> <span class='ocrx_word' id='word_1_283' title='bbox 396 1522 526 1561; x_wconf 88' lang='lat' dir='ltr'><strong>tiones</strong></span> <span class='ocrx_word' id='word_1_284' title='bbox 547 1523 756 1574; x_wconf 86' lang='lat' dir='ltr'><strong>planorum</strong></span> <span class='ocrx_word' id='word_1_285' title='bbox 784 1524 905 1575; x_wconf 84' lang='lat' dir='ltr'><strong>(quae</strong></span> <span class='ocrx_word' id='word_1_286' title='bbox 928 1528 1021 1562; x_wconf 86' lang='lat' dir='ltr'><strong>sunt</strong></span> <span class='ocrx_word' id='word_1_287' title='bbox 1042 1522 1276 1561; x_wconf 82' lang='lat' dir='ltr'><strong>Ptolemaeo</strong></span> <span class='ocrx_word' id='word_1_288' title='bbox 1298 1522 1486 1575; x_wconf 87' lang='lat' dir='ltr'><strong>epicycli)</strong></span> <span class='ocrx_word' id='word_1_289' title='bbox 1519 1521 1570 1561; x_wconf 90' lang='lat' dir='ltr'><strong>ad</strong></span> <span class='ocrx_word' id='word_1_290' title='bbox 1594 1521 1755 1573; x_wconf 89' lang='lat' dir='ltr'><strong>planum</strong></span> <span class='ocrx_word' id='word_1_291' title='bbox 1781 1521 1991 1574; x_wconf 85' lang='lat' dir='ltr'><strong>eclipticae</strong></span> 
     </span>
     <span class='ocr_line' id='line_1_30' title="bbox 204 1552 1996 1633; baseline -0.001 -11"><span class='ocrx_word' id='word_1_292' title='bbox 204 1552 300 1622; x_wconf 46' lang='lat' dir='ltr'><strong>Pi(—</strong></span> <span class='ocrx_word' id='word_1_293' title='bbox 320 1570 337 1602; x_wconf 67' lang='lat'><strong>‘2</strong></span> <span class='ocrx_word' id='word_1_294' title='bbox 401 1594 490 1621; x_wconf 82' lang='lat' dir='ltr'><strong>esse</strong></span> <span class='ocrx_word' id='word_1_295' title='bbox 525 1587 776 1631; x_wconf 78' lang='lat' dir='ltr'><strong>constantes,</strong></span> <span class='ocrx_word' id='word_1_296' title='bbox 814 1588 855 1622; x_wconf 88' lang='lat' dir='ltr'><strong>et</strong></span> <span class='ocrx_word' id='word_1_297' title='bbox 886 1582 1033 1621; x_wconf 83' lang='lat' dir='ltr'><strong>variari</strong></span> <span class='ocrx_word' id='word_1_298' title='bbox 1067 1593 1186 1633; x_wconf 79' lang='lat' dir='ltr'><strong>posse</strong></span> <span class='ocrx_word' id='word_1_299' title='bbox 1209 1581 1464 1621; x_wconf 85' lang='lat' dir='ltr'><strong>latitudinem</strong></span> <span class='ocrx_word' id='word_1_300' title='bbox 1496 1594 1565 1621; x_wconf 81' lang='lat' dir='ltr'><strong>sen</strong></span> <span class='ocrx_word' id='word_1_301' title='bbox 1582 1581 1882 1621; x_wconf 87' lang='lat' dir='ltr'><strong>inclinationem</strong></span> <span class='ocrx_word' id='word_1_302' title='bbox 1899 1571 1996 1621; x_wconf 38' lang='lat' dir='ltr'><strong>‘maz</strong></span> 
     </span>
     <span class='ocr_line' id='line_1_31' title="bbox 397 1637 1992 1693; baseline 0.001 -14"><span class='ocrx_word' id='word_1_303' title='bbox 397 1641 557 1689; x_wconf 85' lang='lat' dir='ltr'><strong>ximam‚</strong></span> <span class='ocrx_word' id='word_1_304' title='bbox 593 1642 751 1693; x_wconf 86' lang='lat' dir='ltr'><strong>quando</strong></span> <span class='ocrx_word' id='word_1_305' title='bbox 784 1642 980 1691; x_wconf 84' lang='lat' dir='ltr'><strong>contingit</strong></span> <span class='ocrx_word' id='word_1_306' title='bbox 1011 1641 1048 1680; x_wconf 89' lang='lat' dir='ltr'><strong>in</strong></span> <span class='ocrx_word' id='word_1_307' title='bbox 1083 1642 1121 1690; x_wconf 61' lang='lat' dir='ltr'><strong>(s</strong></span> <span class='ocrx_word' id='word_1_308' title='bbox 1143 1638 1195 1691; x_wconf 72' lang='grc' dir='ltr'>Θ</span> <span class='ocrx_word' id='word_1_309' title='bbox 1230 1655 1254 1680; x_wconf 91' lang='lat' dir='ltr'><strong>a</strong></span> <span class='ocrx_word' id='word_1_310' title='bbox 1290 1637 1347 1681; x_wconf 97' lang='grc'><strong>10</strong></span> <span class='ocrx_word' id='word_1_311' title='bbox 1376 1640 1415 1680; x_wconf 92' lang='lat' dir='ltr'><strong>in</strong></span> <span class='ocrx_word' id='word_1_312' title='bbox 1452 1637 1541 1681; x_wconf 89' lang='grc'><strong>100</strong></span> <span class='ocrx_word' id='word_1_313' title='bbox 1571 1640 1634 1680; x_wconf 78' lang='lat' dir='ltr'><strong>vel</strong></span> <span class='ocrx_word' id='word_1_314' title='bbox 1670 1638 1772 1689; x_wconf 88' lang='lat'><strong>11⁰,</strong></span> <span class='ocrx_word' id='word_1_315' title='bbox 1805 1645 1851 1680; x_wconf 89' lang='lat' dir='ltr'><strong>ut</strong></span> <span class='ocrx_word' id='word_1_316' title='bbox 1880 1640 1992 1680; x_wconf 86' lang='lat' dir='ltr'><strong>vides</strong></span> 
     </span>
     <span class='ocr_line' id='line_1_32' title="bbox 247 1673 1880 1752; baseline 0.001 -14"><span class='ocrx_word' id='word_1_317' title='bbox 247 1673 296 1732; x_wconf 36' lang='lat' dir='ltr'><strong>m</strong></span> <span class='ocrx_word' id='word_1_318' title='bbox 399 1700 436 1738; x_wconf 87' lang='lat' dir='ltr'><strong>in</strong></span> <span class='ocrx_word' id='word_1_319' title='bbox 471 1700 630 1751; x_wconf 86' lang='lat' dir='ltr'><strong>adjecto</strong></span> <span class='ocrx_word' id='word_1_320' title='bbox 663 1701 884 1741; x_wconf 80' lang='lat' dir='ltr'><strong>schemate.</strong></span> <span class='ocrx_word' id='word_1_321' title='bbox 947 1700 1039 1740; x_wconf 71' lang='lat' dir='ltr'><strong>Erit</strong></span> <span class='ocrx_word' id='word_1_322' title='bbox 1072 1699 1105 1747; x_wconf 64' lang='lat' dir='ltr'><strong><em>Q</em></strong></span> <span class='ocrx_word' id='word_1_323' title='bbox 1128 1702 1160 1749; x_wconf 63' lang='grc' dir='ltr'>ὅ</span> <span class='ocrx_word' id='word_1_324' title='bbox 1187 1700 1219 1748; x_wconf 65' lang='lat' dir='ltr'><strong><em>Q</em></strong></span> <span class='ocrx_word' id='word_1_325' title='bbox 1254 1713 1374 1752; x_wconf 83' lang='lat' dir='ltr'><strong>supra</strong></span> <span class='ocrx_word' id='word_1_326' title='bbox 1410 1699 1455 1740; x_wconf 86' lang='lat'><strong>11</strong></span> <span class='ocrx_word' id='word_1_327' title='bbox 1476 1697 1512 1748; x_wconf 89' lang='lat'><strong>⁰,</strong></span> <span class='ocrx_word' id='word_1_328' title='bbox 1552 1700 1658 1739; x_wconf 86' lang='lat' dir='ltr'><strong>infra</strong></span> <span class='ocrx_word' id='word_1_329' title='bbox 1693 1696 1749 1739; x_wconf 51' lang='lat'><strong>1⁴⁰</strong></span> <span class='ocrx_word' id='word_1_330' title='bbox 1777 1712 1812 1740; x_wconf 91' lang='lat' dir='ltr'><strong>c.</strong></span> <span class='ocrx_word' id='word_1_331' title='bbox 1845 1711 1880 1740; x_wconf 87' lang='lat' dir='ltr'><strong>c.</strong></span> 
     </span>
     <span class='ocr_line' id='line_1_33' title="bbox 516 1758 1990 1812; baseline -0.001 -13"><span class='ocrx_word' id='word_1_332' title='bbox 516 1761 709 1799; x_wconf 86' lang='lat' dir='ltr'><strong>Fortasse</strong></span> <span class='ocrx_word' id='word_1_333' title='bbox 748 1760 877 1800; x_wconf 90' lang='lat' dir='ltr'><strong>minus</strong></span> <span class='ocrx_word' id='word_1_334' title='bbox 917 1761 1009 1812; x_wconf 87' lang='lat' dir='ltr'><strong>qnid</strong></span> <span class='ocrx_word' id='word_1_335' title='bbox 1049 1759 1280 1808; x_wconf 86' lang='lat' dir='ltr'><strong>dicendum,</strong></span> <span class='ocrx_word' id='word_1_336' title='bbox 1327 1766 1370 1799; x_wconf 90' lang='lat' dir='ltr'><strong>ut</strong></span> <span class='ocrx_word' id='word_1_337' title='bbox 1408 1760 1578 1799; x_wconf 83' lang='lat' dir='ltr'><strong>alterum</strong></span> <span class='ocrx_word' id='word_1_338' title='bbox 1617 1758 1784 1802; x_wconf 82' lang='lat' dir='ltr'><strong>alterius</strong></span> <span class='ocrx_word' id='word_1_339' title='bbox 1821 1758 1876 1799; x_wconf 83' lang='lat' dir='ltr'><strong>sit</strong></span> <span class='ocrx_word' id='word_1_340' title='bbox 1915 1771 1990 1799; x_wconf 87' lang='lat' dir='ltr'><strong>non</strong></span> 
     </span>
     <span class='ocr_line' id='line_1_34' title="bbox 398 1818 1990 1871; baseline 0.001 -14"><span class='ocrx_word' id='word_1_341' title='bbox 398 1819 679 1870; x_wconf 86' lang='lat' dir='ltr'><strong>undecuplum,</strong></span> <span class='ocrx_word' id='word_1_342' title='bbox 726 1820 796 1859; x_wconf 85' lang='lat' dir='ltr'><strong>sed</strong></span> <span class='ocrx_word' id='word_1_343' title='bbox 830 1819 1052 1871; x_wconf 88' lang='lat' dir='ltr'><strong>octuplum,</strong></span> <span class='ocrx_word' id='word_1_344' title='bbox 1100 1825 1168 1858; x_wconf 88' lang='lat' dir='ltr'><strong>aut</strong></span> <span class='ocrx_word' id='word_1_345' title='bbox 1203 1820 1303 1858; x_wconf 86' lang='lat' dir='ltr'><strong>forte</strong></span> <span class='ocrx_word' id='word_1_346' title='bbox 1344 1818 1619 1858; x_wconf 82' lang='lat' dir='ltr'><strong>tantummodo</strong></span> <span class='ocrx_word' id='word_1_347' title='bbox 1651 1818 1898 1871; x_wconf 84' lang='lat' dir='ltr'><strong>sextuplum,</strong></span> <span class='ocrx_word' id='word_1_348' title='bbox 1943 1819 1990 1858; x_wconf 90' lang='lat' dir='ltr'><strong>de</strong></span> 
     </span>
     <span class='ocr_line' id='line_1_35' title="bbox 398 1877 1988 1930; baseline 0.001 -14"><span class='ocrx_word' id='word_1_349' title='bbox 398 1890 472 1929; x_wconf 83' lang='lat' dir='ltr'><strong>quo</strong></span> <span class='ocrx_word' id='word_1_350' title='bbox 506 1891 580 1917; x_wconf 89' lang='lat' dir='ltr'><strong>non</strong></span> <span class='ocrx_word' id='word_1_351' title='bbox 614 1891 759 1930; x_wconf 86' lang='lat' dir='ltr'><strong>pugno.</strong></span> <span class='ocrx_word' id='word_1_352' title='bbox 825 1877 989 1918; x_wconf 87' lang='lat' dir='ltr'><strong>Circelli</strong></span> <span class='ocrx_word' id='word_1_353' title='bbox 1020 1877 1217 1917; x_wconf 86' lang='lat' dir='ltr'><strong>libratorii</strong></span> <span class='ocrx_word' id='word_1_354' title='bbox 1250 1879 1352 1917; x_wconf 89' lang='lat' dir='ltr'><strong>ultro</strong></span> <span class='ocrx_word' id='word_1_355' title='bbox 1375 1879 1534 1925; x_wconf 80' lang='lat' dir='ltr'><strong>cadunt,</strong></span> <span class='ocrx_word' id='word_1_356' title='bbox 1571 1877 1728 1917; x_wconf 87' lang='lat' dir='ltr'><strong>bisecta</strong></span> <span class='ocrx_word' id='word_1_357' title='bbox 1748 1877 1988 1918; x_wconf 84' lang='lat' dir='ltr'><strong>eccentrici-</strong></span> 
     </span>
     <span class='ocr_line' id='line_1_36' title="bbox 397 1936 1989 1990; baseline 0.001 -15"><span class='ocrx_word' id='word_1_358' title='bbox 397 1942 482 1975; x_wconf 87' lang='lat' dir='ltr'><strong>tate</strong></span> <span class='ocrx_word' id='word_1_359' title='bbox 504 1937 665 1977; x_wconf 82' lang='lat' dir='ltr'><strong>Terrae.</strong></span> <span class='ocrx_word' id='word_1_360' title='bbox 717 1938 780 1977; x_wconf 85' lang='lat' dir='ltr'><strong>Ex</strong></span> <span class='ocrx_word' id='word_1_361' title='bbox 802 1937 991 1990; x_wconf 83' lang='lat' dir='ltr'><strong>epicyclis</strong></span> <span class='ocrx_word' id='word_1_362' title='bbox 1011 1937 1107 1976; x_wconf 87' lang='lat' dir='ltr'><strong>fient</strong></span> <span class='ocrx_word' id='word_1_363' title='bbox 1133 1937 1357 1985; x_wconf 65' lang='lat' dir='ltr'><strong>ementi-ici,</strong></span> <span class='ocrx_word' id='word_1_364' title='bbox 1391 1936 1560 1988; x_wconf 85' lang='lat' dir='ltr'><strong>quilibet</strong></span> <span class='ocrx_word' id='word_1_365' title='bbox 1579 1949 1666 1976; x_wconf 88' lang='lat' dir='ltr'><strong>cum</strong></span> <span class='ocrx_word' id='word_1_366' title='bbox 1686 1950 1758 1977; x_wconf 90' lang='lat' dir='ltr'><strong>suo</strong></span> <span class='ocrx_word' id='word_1_367' title='bbox 1779 1942 1989 1989; x_wconf 86' lang='lat' dir='ltr'><strong>aequante.</strong></span> 
     </span>
     <span class='ocr_line' id='line_1_37' title="bbox 398 1993 1989 2047; baseline 0.001 -13"><span class='ocrx_word' id='word_1_368' title='bbox 398 1996 570 2035; x_wconf 88' lang='lat' dir='ltr'><strong>Tentavi</strong></span> <span class='ocrx_word' id='word_1_369' title='bbox 604 2003 696 2036; x_wconf 86' lang='lat' dir='ltr'><strong>ante</strong></span> <span class='ocrx_word' id='word_1_370' title='bbox 730 2009 854 2037; x_wconf 89' lang='lat' dir='ltr'><strong>annos</strong></span> <span class='ocrx_word' id='word_1_371' title='bbox 889 1995 914 2036; x_wconf 87' lang='grc'>6</span> <span class='ocrx_word' id='word_1_372' title='bbox 946 1997 1009 2036; x_wconf 76' lang='lat' dir='ltr'><strong>vel</strong></span> <span class='ocrx_word' id='word_1_373' title='bbox 1044 1995 1090 2044; x_wconf 71' lang='grc' dir='ltr'><strong>’ἲς</strong></span> <span class='ocrx_word' id='word_1_374' title='bbox 1135 1996 1273 2036; x_wconf 86' lang='lat' dir='ltr'><strong>videor</strong></span> <span class='ocrx_word' id='word_1_375' title='bbox 1303 1995 1552 2043; x_wconf 85' lang='lat' dir='ltr'><strong>meminisse,</strong></span> <span class='ocrx_word' id='word_1_376' title='bbox 1585 2007 1663 2035; x_wconf 84' lang='lat' dir='ltr'><strong>non</strong></span> <span class='ocrx_word' id='word_1_377' title='bbox 1694 2007 1819 2047; x_wconf 80' lang='lat' dir='ltr'><strong>posse</strong></span> <span class='ocrx_word' id='word_1_378' title='bbox 1846 1993 1989 2037; x_wconf 69' lang='lat' dir='ltr'><strong>Ptolo-</strong></span> 
     </span>
     <span class='ocr_line' id='line_1_38' title="bbox 313 2054 2004 2106; baseline 0.001 -14"><span class='ocrx_word' id='word_1_379' title='bbox 313 2061 330 2092; x_wconf 72' lang='grc' dir='ltr'><strong>ὸ</strong></span> <span class='ocrx_word' id='word_1_380' title='bbox 399 2054 501 2094; x_wconf 87' lang='lat' dir='ltr'><strong>maei</strong></span> <span class='ocrx_word' id='word_1_381' title='bbox 536 2055 686 2106; x_wconf 80' lang='lat' dir='ltr'><strong>placita</strong></span> <span class='ocrx_word' id='word_1_382' title='bbox 719 2056 945 2095; x_wconf 87' lang='lat' dir='ltr'><strong>transfundi</strong></span> <span class='ocrx_word' id='word_1_383' title='bbox 976 2056 1016 2094; x_wconf 91' lang='lat' dir='ltr'><strong>in</strong></span> <span class='ocrx_word' id='word_1_384' title='bbox 1047 2054 1363 2106; x_wconf 86' lang='lat' dir='ltr'><strong>Copernicanam</strong></span> <span class='ocrx_word' id='word_1_385' title='bbox 1395 2055 1563 2095; x_wconf 84' lang='lat' dir='ltr'><strong>formam</strong></span> <span class='ocrx_word' id='word_1_386' title='bbox 1594 2054 1698 2095; x_wconf 69' lang='lat' dir='ltr'><strong>citra</strong></span> <span class='ocrx_word' id='word_1_387' title='bbox 1728 2054 2004 2097; x_wconf 82' lang='lat' dir='ltr'><strong>mutationem-</strong></span> 
     </span>
     <span class='ocr_line' id='line_1_39' title="bbox 181 2114 1990 2166; baseline 0 -12"><span class='ocrx_word' id='word_1_388' title='bbox 181 2128 427 2164; x_wconf 68' lang='lat' dir='ltr'><strong>‹pacroueroor</strong></span> <span class='ocrx_word' id='word_1_389' title='bbox 459 2126 613 2161; x_wconf 89' lang='lat' dir='ltr'><strong>eorum,</strong></span> <span class='ocrx_word' id='word_1_390' title='bbox 659 2127 760 2166; x_wconf 86' lang='lat' dir='ltr'><strong>quae</strong></span> <span class='ocrx_word' id='word_1_391' title='bbox 805 2128 855 2154; x_wconf 87' lang='lat' dir='ltr'><strong>ex</strong></span> <span class='ocrx_word' id='word_1_392' title='bbox 891 2115 1148 2154; x_wconf 85' lang='lat' dir='ltr'><strong>Ptolemaicis</strong></span> <span class='ocrx_word' id='word_1_393' title='bbox 1195 2120 1424 2166; x_wconf 89' lang='lat' dir='ltr'><strong>sequuntur.</strong></span> <span class='ocrx_word' id='word_1_394' title='bbox 1488 2114 1766 2166; x_wconf 87' lang='lat' dir='ltr'><strong>Triangulatio</strong></span> <span class='ocrx_word' id='word_1_395' title='bbox 1802 2114 1990 2156; x_wconf 83' lang='lat' dir='ltr'><strong>Mercurii</strong></span> 
     </span>
     <span class='ocr_line' id='line_1_40' title="bbox 182 2172 1988 2226; baseline 0.001 -14"><span class='ocrx_word' id='word_1_396' title='bbox 182 2178 370 2225; x_wconf 80' lang='lat' dir='ltr'><strong>suspecta</strong></span> <span class='ocrx_word' id='word_1_397' title='bbox 403 2178 479 2218; x_wconf 81' lang='lat' dir='ltr'><strong>est,</strong></span> <span class='ocrx_word' id='word_1_398' title='bbox 514 2174 624 2225; x_wconf 86' lang='lat' dir='ltr'><strong>qnia,</strong></span> <span class='ocrx_word' id='word_1_399' title='bbox 660 2179 847 2226; x_wconf 88' lang='lat' dir='ltr'><strong>quantum</strong></span> <span class='ocrx_word' id='word_1_400' title='bbox 881 2174 922 2213; x_wconf 91' lang='lat' dir='ltr'><strong>id</strong></span> <span class='ocrx_word' id='word_1_401' title='bbox 954 2179 1017 2213; x_wconf 91' lang='lat' dir='ltr'><strong>est</strong></span> <span class='ocrx_word' id='word_1_402' title='bbox 1048 2174 1086 2213; x_wconf 92' lang='lat' dir='ltr'><strong>in</strong></span> <span class='ocrx_word' id='word_1_403' title='bbox 1121 2174 1420 2222; x_wconf 81' lang='lat' dir='ltr'><strong>observatione,</strong></span> <span class='ocrx_word' id='word_1_404' title='bbox 1456 2173 1560 2225; x_wconf 89' lang='lat' dir='ltr'><strong>quod</strong></span> <span class='ocrx_word' id='word_1_405' title='bbox 1590 2172 1826 2214; x_wconf 80' lang='lat' dir='ltr'><strong>Ptolemaeo</strong></span> <span class='ocrx_word' id='word_1_406' title='bbox 1857 2173 1988 2217; x_wconf 50' lang='lat' dir='ltr'><strong>trians-</strong></span> 
     </span>
     <span class='ocr_line' id='line_1_41' title="bbox 182 2232 1988 2285; baseline 0.001 -14"><span class='ocrx_word' id='word_1_407' title='bbox 182 2232 424 2284; x_wconf 75' lang='lat' dir='ltr'><strong>gulationem</strong></span> <span class='ocrx_word' id='word_1_408' title='bbox 457 2234 679 2283; x_wconf 83' lang='lat' dir='ltr'><strong>persuasit,</strong></span> <span class='ocrx_word' id='word_1_409' title='bbox 720 2234 761 2273; x_wconf 89' lang='lat' dir='ltr'><strong>id</strong></span> <span class='ocrx_word' id='word_1_410' title='bbox 793 2239 943 2282; x_wconf 90' lang='lat' dir='ltr'><strong>totum,</strong></span> <span class='ocrx_word' id='word_1_411' title='bbox 979 2246 1103 2285; x_wconf 85' lang='lat' dir='ltr'><strong>eoque</strong></span> <span class='ocrx_word' id='word_1_412' title='bbox 1135 2234 1266 2285; x_wconf 84' lang='lat' dir='ltr'><strong>majus</strong></span> <span class='ocrx_word' id='word_1_413' title='bbox 1311 2232 1461 2284; x_wconf 87' lang='lat' dir='ltr'><strong>aliquid</strong></span> <span class='ocrx_word' id='word_1_414' title='bbox 1501 2232 1794 2272; x_wconf 88' lang='lat' dir='ltr'><strong>observationis</strong></span> <span class='ocrx_word' id='word_1_415' title='bbox 1825 2232 1988 2272; x_wconf 87' lang='lat' dir='ltr'><strong>incerti—</strong></span> 
     </span>
     <span class='ocr_line' id='line_1_42' title="bbox 183 2291 1990 2345; baseline 0.001 -15"><span class='ocrx_word' id='word_1_416' title='bbox 183 2292 308 2331; x_wconf 82' lang='lat' dir='ltr'><strong>tudini</strong></span> <span class='ocrx_word' id='word_1_417' title='bbox 342 2291 460 2331; x_wconf 68' lang='lat' dir='ltr'><strong>tribui</strong></span> <span class='ocrx_word' id='word_1_418' title='bbox 492 2298 642 2344; x_wconf 86' lang='lat' dir='ltr'><strong>potest.</strong></span> <span class='ocrx_word' id='word_1_419' title='bbox 706 2293 760 2332; x_wconf 85' lang='lat' dir='ltr'><strong>Et</strong></span> <span class='ocrx_word' id='word_1_420' title='bbox 793 2298 925 2332; x_wconf 84' lang='lat' dir='ltr'><strong>tamen</strong></span> <span class='ocrx_word' id='word_1_421' title='bbox 961 2293 995 2332; x_wconf 89' lang='lat' dir='ltr'><strong>si</strong></span> <span class='ocrx_word' id='word_1_422' title='bbox 1028 2305 1076 2331; x_wconf 83' lang='lat' dir='ltr'><strong>ex</strong></span> <span class='ocrx_word' id='word_1_423' title='bbox 1111 2293 1289 2345; x_wconf 83' lang='lat' dir='ltr'><strong>epicyclo</strong></span> <span class='ocrx_word' id='word_1_424' title='bbox 1323 2293 1367 2331; x_wconf 85' lang='lat' dir='ltr'><strong>fit</strong></span> <span class='ocrx_word' id='word_1_425' title='bbox 1400 2292 1666 2340; x_wconf 82' lang='lat' dir='ltr'><strong>eccentricus‚</strong></span> <span class='ocrx_word' id='word_1_426' title='bbox 1710 2291 1990 2332; x_wconf 82' lang='lat' dir='ltr'><strong>eccentricitas</strong></span> 
     </span>
    </p>
   </div>
   <div class='ocr_carea' id='block_1_4' title="bbox 183 284 710 825">
    <p class='ocr_par' dir='ltr' id='par_1_7' title="bbox 183 284 710 825">
     <span class='ocr_line' id='line_1_43' title="bbox 183 284 710 825; baseline 0 2417"><span class='ocrx_word' id='word_1_427' title='bbox 183 284 710 825; x_wconf 95' lang='lat' dir='ltr'><strong> </strong></span> 
     </span>
    </p>
   </div>
   <div class='ocr_carea' id='block_1_5' title="bbox 301 1372 317 1398">
    <p class='ocr_par' dir='ltr' id='par_1_8' title="bbox 301 1372 317 1398">
     <span class='ocr_line' id='line_1_44' title="bbox 308 1372 314 1380; baseline 0 0"><span class='ocrx_word' id='word_1_428' title='bbox 308 1372 314 1380; x_wconf 67' lang='grc' dir='ltr'><strong>ι</strong></span> 
     </span>
     <span class='ocr_line' id='line_1_45' title="bbox 301 1383 317 1398; baseline 0 0"><span class='ocrx_word' id='word_1_429' title='bbox 301 1383 317 1398; x_wconf 83' lang='lat'><em>0</em></span> 
     </span>
    </p>
   </div>
   <div class='ocr_carea' id='block_1_6' title="bbox 181 2350 1991 2877">
    <p class='ocr_par' dir='ltr' id='par_1_9' title="bbox 182 2350 1990 2877">
     <span class='ocr_line' id='line_1_46' title="bbox 185 2350 1988 2403; baseline 0 -13"><span class='ocrx_word' id='word_1_430' title='bbox 185 2352 252 2390; x_wconf 86' lang='lat' dir='ltr'><strong>fiet</strong></span> <span class='ocrx_word' id='word_1_431' title='bbox 283 2363 451 2402; x_wconf 80' lang='lat' dir='ltr'><strong>magna,</strong></span> <span class='ocrx_word' id='word_1_432' title='bbox 486 2352 660 2391; x_wconf 84' lang='lat' dir='ltr'><strong>ovalitas</strong></span> <span class='ocrx_word' id='word_1_433' title='bbox 693 2352 880 2403; x_wconf 85' lang='lat' dir='ltr'><strong>insignis,</strong></span> <span class='ocrx_word' id='word_1_434' title='bbox 916 2352 1147 2392; x_wconf 84' lang='lat' dir='ltr'><strong>occasiones</strong></span> <span class='ocrx_word' id='word_1_435' title='bbox 1180 2352 1348 2400; x_wconf 87' lang='lat' dir='ltr'><strong>multae,</strong></span> <span class='ocrx_word' id='word_1_436' title='bbox 1383 2363 1484 2403; x_wconf 88' lang='lat' dir='ltr'><strong>quae</strong></span> <span class='ocrx_word' id='word_1_437' title='bbox 1517 2351 1749 2391; x_wconf 82' lang='lat' dir='ltr'><strong>Ptolemaeo</strong></span> <span class='ocrx_word' id='word_1_438' title='bbox 1776 2351 1827 2390; x_wconf 88' lang='lat' dir='ltr'><strong>ad</strong></span> <span class='ocrx_word' id='word_1_439' title='bbox 1858 2350 1988 2391; x_wconf 85' lang='lat' dir='ltr'><strong>trian-</strong></span> 
     </span>
     <span class='ocr_line' id='line_1_47' title="bbox 181 2382 1991 2463; baseline -0.001 -13.999"><span class='ocrx_word' id='word_1_440' title='bbox 181 2411 423 2462; x_wconf 83' lang='lat' dir='ltr'><strong>gulationem</strong></span> <span class='ocrx_word' id='word_1_441' title='bbox 456 2411 614 2462; x_wconf 86' lang='lat' dir='ltr'><strong>praeire</strong></span> <span class='ocrx_word' id='word_1_442' title='bbox 649 2417 877 2463; x_wconf 87' lang='lat' dir='ltr'><strong>potuerunt.</strong></span> <span class='ocrx_word' id='word_1_443' title='bbox 942 2411 1101 2451; x_wconf 84' lang='lat' dir='ltr'><strong>Addam</strong></span> <span class='ocrx_word' id='word_1_444' title='bbox 1143 2417 1184 2450; x_wconf 92' lang='lat' dir='ltr'><strong>et</strong></span> <span class='ocrx_word' id='word_1_445' title='bbox 1222 2411 1279 2459; x_wconf 88' lang='lat' dir='ltr'><strong>id,</strong></span> <span class='ocrx_word' id='word_1_446' title='bbox 1327 2382 1375 2449; x_wconf 83' lang='lat' dir='ltr'><strong>de</strong></span> <span class='ocrx_word' id='word_1_447' title='bbox 1415 2422 1490 2462; x_wconf 90' lang='lat' dir='ltr'><strong>quo</strong></span> <span class='ocrx_word' id='word_1_448' title='bbox 1532 2401 1652 2449; x_wconf 75' lang='lat' dir='ltr'><strong>tdties</strong></span> <span class='ocrx_word' id='word_1_449' title='bbox 1692 2409 1876 2462; x_wconf 80' lang='lat' dir='ltr'><strong>quaeriS,</strong></span> <span class='ocrx_word' id='word_1_450' title='bbox 1923 2422 1991 2449; x_wconf 86' lang='lat' dir='ltr'><strong>cnr</strong></span> 
     </span>
     <span class='ocr_line' id='line_1_48' title="bbox 183 2467 1990 2523; baseline -0.001 -15"><span class='ocrx_word' id='word_1_451' title='bbox 183 2469 298 2509; x_wconf 89' lang='lat' dir='ltr'><strong>hodie</strong></span> <span class='ocrx_word' id='word_1_452' title='bbox 339 2475 506 2508; x_wconf 86' lang='lat' dir='ltr'><strong>cunctae</strong></span> <span class='ocrx_word' id='word_1_453' title='bbox 547 2470 823 2523; x_wconf 83' lang='lat' dir='ltr'><strong>elongationes</strong></span> <span class='ocrx_word' id='word_1_454' title='bbox 869 2470 1065 2510; x_wconf 84' lang='lat' dir='ltr'><strong>maximae</strong></span> <span class='ocrx_word' id='word_1_455' title='bbox 1107 2483 1181 2509; x_wconf 91' lang='lat' dir='ltr'><strong>non</strong></span> <span class='ocrx_word' id='word_1_456' title='bbox 1231 2473 1404 2522; x_wconf 88' lang='lat' dir='ltr'><strong>aequent</strong></span> <span class='ocrx_word' id='word_1_457' title='bbox 1442 2468 1643 2522; x_wconf 82' lang='lat' dir='ltr'><strong>antiquas.</strong></span> <span class='ocrx_word' id='word_1_458' title='bbox 1705 2468 1796 2508; x_wconf 81' lang='lat' dir='ltr'><strong>Non</strong></span> <span class='ocrx_word' id='word_1_459' title='bbox 1835 2467 1990 2520; x_wconf 80' lang='lat' dir='ltr'><strong>dispcxi</strong></span> 
     </span>
     <span class='ocr_line' id='line_1_49' title="bbox 183 2527 1990 2580; baseline 0 -14"><span class='ocrx_word' id='word_1_460' title='bbox 183 2529 276 2580; x_wconf 83' lang='lat' dir='ltr'><strong>quid</strong></span> <span class='ocrx_word' id='word_1_461' title='bbox 311 2529 436 2567; x_wconf 83' lang='lat' dir='ltr'><strong>dicas.</strong></span> <span class='ocrx_word' id='word_1_462' title='bbox 502 2529 583 2569; x_wconf 84' lang='lat' dir='ltr'><strong>Sed</strong></span> <span class='ocrx_word' id='word_1_463' title='bbox 616 2531 818 2569; x_wconf 88' lang='lat' dir='ltr'><strong>inventum</strong></span> <span class='ocrx_word' id='word_1_464' title='bbox 865 2543 1029 2578; x_wconf 90' lang='lat' dir='ltr'><strong>moneo,</strong></span> <span class='ocrx_word' id='word_1_465' title='bbox 1076 2535 1120 2569; x_wconf 87' lang='lat' dir='ltr'><strong>ut</strong></span> <span class='ocrx_word' id='word_1_466' title='bbox 1163 2542 1296 2569; x_wconf 89' lang='lat' dir='ltr'><strong>sumes</strong></span> <span class='ocrx_word' id='word_1_467' title='bbox 1347 2527 1624 2579; x_wconf 83' lang='lat' dir='ltr'><strong>elongationes</strong></span> <span class='ocrx_word' id='word_1_468' title='bbox 1669 2540 1694 2566; x_wconf 86' lang='lat' dir='ltr'><strong>a</strong></span> <span class='ocrx_word' id='word_1_469' title='bbox 1730 2527 1860 2568; x_wconf 90' lang='lat' dir='ltr'><strong>medio</strong></span> <span class='ocrx_word' id='word_1_470' title='bbox 1903 2528 1990 2568; x_wconf 88' lang='lat' dir='ltr'><strong>loco</strong></span> 
     </span>
     <span class='ocr_line' id='line_1_50' title="bbox 184 2586 1989 2640; baseline 0.001 -15"><span class='ocrx_word' id='word_1_471' title='bbox 184 2587 305 2636; x_wconf 77' lang='lat' dir='ltr'><strong>Solis,</strong></span> <span class='ocrx_word' id='word_1_472' title='bbox 341 2600 415 2626; x_wconf 88' lang='lat' dir='ltr'><strong>non</strong></span> <span class='ocrx_word' id='word_1_473' title='bbox 450 2602 473 2627; x_wconf 88' lang='lat' dir='ltr'><strong>a</strong></span> <span class='ocrx_word' id='word_1_474' title='bbox 507 2601 617 2635; x_wconf 83' lang='lat' dir='ltr'><strong>vero,</strong></span> <span class='ocrx_word' id='word_1_475' title='bbox 654 2595 867 2640; x_wconf 88' lang='lat' dir='ltr'><strong>ceteraque</strong></span> <span class='ocrx_word' id='word_1_476' title='bbox 901 2590 986 2628; x_wconf 83' lang='lat' dir='ltr'><strong>Tua</strong></span> <span class='ocrx_word' id='word_1_477' title='bbox 1020 2589 1169 2628; x_wconf 84' lang='lat' dir='ltr'><strong>frustra</strong></span> <span class='ocrx_word' id='word_1_478' title='bbox 1201 2601 1289 2627; x_wconf 89' lang='lat' dir='ltr'><strong>cum</strong></span> <span class='ocrx_word' id='word_1_479' title='bbox 1320 2586 1579 2627; x_wconf 85' lang='lat' dir='ltr'><strong>Ptolemaicis</strong></span> <span class='ocrx_word' id='word_1_480' title='bbox 1611 2586 1884 2638; x_wconf 84' lang='lat' dir='ltr'><strong>comparabis,</strong></span> <span class='ocrx_word' id='word_1_481' title='bbox 1931 2586 1989 2626; x_wconf 84' lang='lat' dir='ltr'><strong>sin</strong></span> 
     </span>
     <span class='ocr_line' id='line_1_51' title="bbox 184 2644 1988 2700; baseline 0.001 -17"><span class='ocrx_word' id='word_1_482' title='bbox 184 2659 231 2685; x_wconf 78' lang='lat' dir='ltr'><strong>ox</strong></span> <span class='ocrx_word' id='word_1_483' title='bbox 265 2647 489 2685; x_wconf 71' lang='lat' dir='ltr'><strong>observatis</strong></span> <span class='ocrx_word' id='word_1_484' title='bbox 523 2649 619 2687; x_wconf 84' lang='lat' dir='ltr'><strong>Tuis</strong></span> <span class='ocrx_word' id='word_1_485' title='bbox 655 2648 850 2700; x_wconf 85' lang='lat' dir='ltr'><strong>loquaris:</strong></span> <span class='ocrx_word' id='word_1_486' title='bbox 886 2648 940 2687; x_wconf 90' lang='lat' dir='ltr'><strong>nil</strong></span> <span class='ocrx_word' id='word_1_487' title='bbox 972 2647 1123 2696; x_wconf 86' lang='lat' dir='ltr'><strong>mirum,</strong></span> <span class='ocrx_word' id='word_1_488' title='bbox 1159 2647 1193 2686; x_wconf 85' lang='lat' dir='ltr'><strong>si</strong></span> <span class='ocrx_word' id='word_1_489' title='bbox 1226 2647 1453 2698; x_wconf 88' lang='lat' dir='ltr'><strong>discrepent</strong></span> <span class='ocrx_word' id='word_1_490' title='bbox 1485 2658 1509 2684; x_wconf 90' lang='lat' dir='ltr'><strong>a</strong></span> <span class='ocrx_word' id='word_1_491' title='bbox 1539 2644 1699 2696; x_wconf 84' lang='lat' dir='ltr'><strong>placitis</strong></span> <span class='ocrx_word' id='word_1_492' title='bbox 1719 2644 1988 2685; x_wconf 86' lang='lat' dir='ltr'><strong>Ptolemaicis.</strong></span> 
     </span>
     <span class='ocr_line' id='line_1_52' title="bbox 186 2703 1988 2758; baseline 0.001 -16"><span class='ocrx_word' id='word_1_493' title='bbox 186 2705 285 2743; x_wconf 86' lang='lat' dir='ltr'><strong>Puto</strong></span> <span class='ocrx_word' id='word_1_494' title='bbox 319 2705 401 2744; x_wconf 90' lang='lat' dir='ltr'><strong>fieri</strong></span> <span class='ocrx_word' id='word_1_495' title='bbox 436 2719 510 2745; x_wconf 90' lang='lat' dir='ltr'><strong>non</strong></span> <span class='ocrx_word' id='word_1_496' title='bbox 543 2719 685 2758; x_wconf 86' lang='lat' dir='ltr'><strong>posse,</strong></span> <span class='ocrx_word' id='word_1_497' title='bbox 719 2713 760 2746; x_wconf 91' lang='lat' dir='ltr'><strong>ut</strong></span> <span class='ocrx_word' id='word_1_498' title='bbox 793 2706 899 2746; x_wconf 88' lang='lat' dir='ltr'><strong>intra</strong></span> <span class='ocrx_word' id='word_1_499' title='bbox 931 2714 1041 2746; x_wconf 88' lang='lat' dir='ltr'><strong>tuam</strong></span> <span class='ocrx_word' id='word_1_500' title='bbox 1074 2711 1252 2746; x_wconf 83' lang='lat' dir='ltr'><strong>aetatem</strong></span> <span class='ocrx_word' id='word_1_501' title='bbox 1273 2705 1421 2744; x_wconf 87' lang='lat' dir='ltr'><strong>cadant</strong></span> <span class='ocrx_word' id='word_1_502' title='bbox 1451 2704 1677 2755; x_wconf 88' lang='lat' dir='ltr'><strong>hujusmodi</strong></span> <span class='ocrx_word' id='word_1_503' title='bbox 1698 2703 1988 2756; x_wconf 88' lang='lat' dir='ltr'><strong>elongationes,</strong></span> 
     </span>
     <span class='ocr_line' id='line_1_53' title="bbox 182 2763 1988 2817; baseline -0.001 -15"><span class='ocrx_word' id='word_1_504' title='bbox 182 2777 259 2802; x_wconf 87' lang='lat' dir='ltr'><strong>una</strong></span> <span class='ocrx_word' id='word_1_505' title='bbox 291 2764 507 2810; x_wconf 84' lang='lat' dir='ltr'><strong>matutina,</strong></span> <span class='ocrx_word' id='word_1_506' title='bbox 550 2767 680 2806; x_wconf 86' lang='lat' dir='ltr'><strong>altera</strong></span> <span class='ocrx_word' id='word_1_507' title='bbox 711 2766 961 2817; x_wconf 84' lang='lat' dir='ltr'><strong>vespertina,</strong></span> <span class='ocrx_word' id='word_1_508' title='bbox 1008 2766 1071 2805; x_wconf 94' lang='lat' dir='ltr'><strong>ubi</strong></span> <span class='ocrx_word' id='word_1_509' title='bbox 1107 2764 1327 2806; x_wconf 88' lang='lat' dir='ltr'><strong>Mercurius</strong></span> <span class='ocrx_word' id='word_1_510' title='bbox 1373 2763 1491 2803; x_wconf 89' lang='lat' dir='ltr'><strong>simul</strong></span> <span class='ocrx_word' id='word_1_511' title='bbox 1523 2763 1662 2803; x_wconf 90' lang='lat' dir='ltr'><strong>eodem</strong></span> <span class='ocrx_word' id='word_1_512' title='bbox 1703 2764 1760 2804; x_wconf 90' lang='lat' dir='ltr'><strong>sit</strong></span> <span class='ocrx_word' id='word_1_513' title='bbox 1800 2763 1886 2804; x_wconf 88' lang='lat' dir='ltr'><strong>loco</strong></span> <span class='ocrx_word' id='word_1_514' title='bbox 1928 2763 1988 2802; x_wconf 89' lang='lat' dir='ltr'><strong>sui</strong></span> 
     </span>
     <span class='ocr_line' id='line_1_54' title="bbox 184 2821 1990 2877; baseline 0.001 -17"><span class='ocrx_word' id='word_1_515' title='bbox 184 2823 369 2875; x_wconf 87' lang='lat' dir='ltr'><strong>epicycli,</strong></span> <span class='ocrx_word' id='word_1_516' title='bbox 404 2824 598 2876; x_wconf 87' lang='lat' dir='ltr'><strong>simulque</strong></span> <span class='ocrx_word' id='word_1_517' title='bbox 633 2826 754 2865; x_wconf 87' lang='lat' dir='ltr'><strong>cadat</strong></span> <span class='ocrx_word' id='word_1_518' title='bbox 779 2826 816 2865; x_wconf 90' lang='lat' dir='ltr'><strong>in</strong></span> <span class='ocrx_word' id='word_1_519' title='bbox 851 2824 1145 2877; x_wconf 83' lang='lat' dir='ltr'><strong>elongationem</strong></span> <span class='ocrx_word' id='word_1_520' title='bbox 1178 2823 1410 2872; x_wconf 86' lang='lat' dir='ltr'><strong>maximam,</strong></span> <span class='ocrx_word' id='word_1_521' title='bbox 1451 2827 1494 2862; x_wconf 87' lang='lat' dir='ltr'><strong>ut</strong></span> <span class='ocrx_word' id='word_1_522' title='bbox 1526 2821 1685 2875; x_wconf 90' lang='lat' dir='ltr'><strong>quidem</strong></span> <span class='ocrx_word' id='word_1_523' title='bbox 1717 2821 1858 2863; x_wconf 87' lang='lat' dir='ltr'><strong>sumsit</strong></span> <span class='ocrx_word' id='word_1_524' title='bbox 1888 2822 1990 2862; x_wconf 89' lang='lat' dir='ltr'><strong>Pto-</strong></span> 
     </span>
    </p>
   </div>
   <div class='ocr_carea' id='block_1_7' title="bbox 182 2881 1990 3079">
    <p class='ocr_par' dir='ltr' id='par_1_10' title="bbox 184 2881 371 2921">
     <span class='ocr_line' id='line_1_55' title="bbox 184 2881 371 2921; baseline 0.016 -3"><span class='ocrx_word' id='word_1_525' title='bbox 184 2881 371 2921; x_wconf 80' lang='lat' dir='ltr'><strong>lemaeus.</strong></span> 
     </span>
    </p>

    <p class='ocr_par' dir='ltr' id='par_1_11' title="bbox 182 2936 1990 3079">
     <span class='ocr_line' id='line_1_56' title="bbox 274 2936 1990 2982; baseline 0 -12"><span class='ocrx_word' id='word_1_526' title='bbox 274 2939 510 2972; x_wconf 84' lang='lat' dir='ltr'><strong>Fabricius:</strong></span> <span class='ocrx_word' id='word_1_527' title='bbox 540 2941 714 2980; x_wconf 85' lang='lat' dir='ltr'><strong>Narratur,</strong></span> <span class='ocrx_word' id='word_1_528' title='bbox 740 2942 920 2973; x_wconf 88' lang='lat' dir='ltr'><strong>Dracum</strong></span> <span class='ocrx_word' id='word_1_529' title='bbox 945 2942 978 2973; x_wconf 89' lang='lat' dir='ltr'><strong>in</strong></span> <span class='ocrx_word' id='word_1_530' title='bbox 1005 2941 1188 2973; x_wconf 87' lang='lat' dir='ltr'><strong>elevatione</strong></span> <span class='ocrx_word' id='word_1_531' title='bbox 1205 2940 1270 2982; x_wconf 89' lang='lat' dir='ltr'><strong>poli</strong></span> <span class='ocrx_word' id='word_1_532' title='bbox 1288 2936 1356 2970; x_wconf 85' lang='grc'><strong>410</strong></span> <span class='ocrx_word' id='word_1_533' title='bbox 1382 2943 1527 2981; x_wconf 85' lang='lat' dir='ltr'><strong>tempore</strong></span> <span class='ocrx_word' id='word_1_534' title='bbox 1554 2939 1676 2972; x_wconf 85' lang='lat' dir='ltr'><strong>aestivo</strong></span> <span class='ocrx_word' id='word_1_535' title='bbox 1702 2938 1861 2981; x_wconf 84' lang='lat' dir='ltr'><strong>magnum</strong></span> <span class='ocrx_word' id='word_1_536' title='bbox 1887 2939 1990 2981; x_wconf 79' lang='lat' dir='ltr'><strong>frigus</strong></span> 
     </span>
     <span class='ocr_line' id='line_1_57' title="bbox 182 2985 1988 3031; baseline 0.002 -16"><span class='ocrx_word' id='word_1_537' title='bbox 182 2985 355 3023; x_wconf 86' lang='lat' dir='ltr'><strong>invenisse,</strong></span> <span class='ocrx_word' id='word_1_538' title='bbox 381 2997 444 3019; x_wconf 88' lang='lat' dir='ltr'><strong>nec</strong></span> <span class='ocrx_word' id='word_1_539' title='bbox 469 2994 600 3029; x_wconf 91' lang='lat' dir='ltr'><strong>propter</strong></span> <span class='ocrx_word' id='word_1_540' title='bbox 618 2990 759 3031; x_wconf 85' lang='lat' dir='ltr'><strong>glaciem</strong></span> <span class='ocrx_word' id='word_1_541' title='bbox 784 2990 816 3020; x_wconf 89' lang='lat' dir='ltr'><strong>in</strong></span> <span class='ocrx_word' id='word_1_542' title='bbox 843 2989 945 3020; x_wconf 90' lang='lat' dir='ltr'><strong>litoris</strong></span> <span class='ocrx_word' id='word_1_543' title='bbox 971 2989 1113 3021; x_wconf 87' lang='lat' dir='ltr'><strong>Peruani</strong></span> <span class='ocrx_word' id='word_1_544' title='bbox 1145 2989 1218 3020; x_wconf 91' lang='lat' dir='ltr'><strong>sinu</strong></span> <span class='ocrx_word' id='word_1_545' title='bbox 1254 2987 1395 3030; x_wconf 89' lang='lat' dir='ltr'><strong>quodam</strong></span> <span class='ocrx_word' id='word_1_546' title='bbox 1420 2988 1591 3019; x_wconf 85' lang='lat' dir='ltr'><strong>inventam</strong></span> <span class='ocrx_word' id='word_1_547' title='bbox 1614 2986 1750 3018; x_wconf 78' lang='lat' dir='ltr'><strong>ulterius</strong></span> <span class='ocrx_word' id='word_1_548' title='bbox 1774 2987 1907 3029; x_wconf 84' lang='lat' dir='ltr'><strong>migrari</strong></span> <span class='ocrx_word' id='word_1_549' title='bbox 1932 2996 1988 3028; x_wconf 87' lang='lat' dir='ltr'><strong>po-</strong></span> 
     </span>
     <span class='ocr_line' id='line_1_58' title="bbox 183 3032 1013 3079; baseline 0.007 -17"><span class='ocrx_word' id='word_1_550' title='bbox 183 3032 293 3064; x_wconf 89' lang='lat' dir='ltr'><strong>tuisse.</strong></span> <span class='ocrx_word' id='word_1_551' title='bbox 346 3033 440 3072; x_wconf 85' lang='lat' dir='ltr'><strong>Quae</strong></span> <span class='ocrx_word' id='word_1_552' title='bbox 466 3045 569 3067; x_wconf 89' lang='lat' dir='ltr'><strong>causa</strong></span> <span class='ocrx_word' id='word_1_553' title='bbox 593 3037 689 3076; x_wconf 89' lang='lat' dir='ltr'><strong>hujus</strong></span> <span class='ocrx_word' id='word_1_554' title='bbox 714 3037 836 3068; x_wconf 89' lang='lat' dir='ltr'><strong>insoliti</strong></span> <span class='ocrx_word' id='word_1_555' title='bbox 861 3035 1013 3079; x_wconf 80' lang='lat' dir='ltr'><strong>frigoris?</strong></span> 
     </span>
    </p>
   </div>
   <div class='ocr_carea' id='block_1_8' title="bbox 302 3080 1988 3136">
    <p class='ocr_par' dir='ltr' id='par_1_12' title="bbox 302 3080 1988 3136">
     <span class='ocr_line' id='line_1_59' title="bbox 302 3080 1988 3136; baseline 0.001 -18"><span class='ocrx_word' id='word_1_556' title='bbox 302 3080 576 3133; x_wconf 89' lang='lat' dir='ltr'><strong>Keplerus:</strong></span> <span class='ocrx_word' id='word_1_557' title='bbox 622 3084 683 3123; x_wconf 88' lang='lat' dir='ltr'><strong>De</strong></span> <span class='ocrx_word' id='word_1_558' title='bbox 722 3084 870 3136; x_wconf 84' lang='lat' dir='ltr'><strong>frigore</strong></span> <span class='ocrx_word' id='word_1_559' title='bbox 911 3085 951 3124; x_wconf 91' lang='lat' dir='ltr'><strong>in</strong></span> <span class='ocrx_word' id='word_1_560' title='bbox 993 3084 1176 3124; x_wconf 89' lang='lat' dir='ltr'><strong>litoribus</strong></span> <span class='ocrx_word' id='word_1_561' title='bbox 1209 3081 1401 3128; x_wconf 85' lang='lat' dir='ltr'><strong>Quivirae</strong></span> <span class='ocrx_word' id='word_1_562' title='bbox 1433 3087 1530 3134; x_wconf 90' lang='lat' dir='ltr'><strong>puto</strong></span> <span class='ocrx_word' id='word_1_563' title='bbox 1561 3093 1624 3121; x_wconf 88' lang='lat' dir='ltr'><strong>me</strong></span> <span class='ocrx_word' id='word_1_564' title='bbox 1656 3081 1866 3135; x_wconf 84' lang='lat' dir='ltr'><strong>scripsisse</strong></span> <span class='ocrx_word' id='word_1_565' title='bbox 1908 3081 1988 3133; x_wconf 87' lang='lat' dir='ltr'><strong>jam</strong></span> 
     </span>
    </p>
   </div>
  </div>
 </body>
</html>
