1982 3268
778 99 990 133 emo-fin
1749 96 1776 140 9

284 205 1121 249 &sumamma-colimento.
1171 203 1778 247 Verumnondubito.qninh’bellus

214 209 265 286 ³
279 254 349 296 ἡ*
373 253 591 296 ...m
612 251 1504 338 wawaeffifflw
1515 251 1681 332 ...Ἢ
1699 261 1778 330 ‚¹:322

666 345 947 390 mapa.)

527 205 655 426 ⁰22³}-

780 476 823 518 S.
856 477 902 518 Ρ.
934 477 987 518 D.

114 559 275 601 Literas
292 564 396 608 tuas,
417 557 648 600 clarissime
665 558 833 599 Domine
851 559 1105 612 Praeceptor,
1126 555 1153 599 4
1172 558 1266 599 Feb.
1288 558 1471 610 scriptas,
1493 555 1534 599 4.
1554 554 1606 598 14
1626 558 1777 610 Aprilis

0 617 136 671 accepi
164 622 207 659 et
235 618 287 659 ad
317 630 388 659 eas
416 630 489 671 per
516 618 844 659 Emdschochium
873 618 1079 671 respondi,
1117 622 1329 670 propterea
1360 617 1462 670 quod
1492 617 1777 658 humanitatem

0 681 108 719 tuam
135 677 349 718 intricatae
377 689 489 730 meae
519 689 658 717 manus
686 677 856 718 lectione
888 677 1097 718 liberatam
1116 676 1320 716 volebam:
1353 676 1531 729 quodque
1555 676 1652 717 nihil
1678 683 1776 721 erat,

0 736 102 789 qnod
133 736 345 778 tacendum
374 741 496 777 esset.
553 735 660 777 Nam
690 749 791 789 quae
822 742 864 776 et
887 736 973 789 jam
1005 741 1088 776 tum
1117 734 1181 776 hic
1213 735 1470 787 gerebantur,
1508 740 1551 775 et
1586 735 1777 776 hactenus

0 795 112 848 plura
140 795 382 840 acciderunt,
412 807 512 847 quae
543 795 800 836 mutationem
830 801 963 836 status
993 795 1070 836 mei
1100 799 1295 847 spectant,
1330 794 1469 847 quibus
1501 794 1622 835 etiam
1652 807 1776 847 expe.-

0 853 153 896 diendis
181 859 251 895 tuo
279 854 375 895 mihi
405 854 568 895 consilio
598 867 697 907 opus
733 860 821 895 est:
862 854 931 895 illa
967 854 1098 895 omnia
1126 854 1177 894 D.
1210 854 1262 894 D.
1295 853 1467 906 Papio,
1509 853 1654 894 fautori
1690 866 1776 894 meo

0 912 188 967 singulari
229 925 361 954 coram
400 913 580 954 recensui
616 919 658 954 et
693 914 785 966 quia
821 913 887 954 ille
925 914 1056 954 omnia
1086 913 1173 966 jam
1209 913 1362 965 pridem
1399 913 1554 953 sciebat
1591 926 1653 953 me
1691 913 1777 965 ipso

0 971 114 1025 longe
142 971 301 1021 rectius,
332 980 451 1026 atque
481 972 581 1012 adeo
611 972 757 1013 certius
787 974 934 1013 referre
965 972 1038 1013 tibi
1068 978 1250 1012 oretenus
1274 977 1423 1024 potest,
1457 984 1572 1024 quam
1602 983 1677 1024 ego
1707 984 1778 1024 per

0 1030 160 1073 literas:
197 1031 287 1072 ideo
317 1030 446 1084 ipsum
476 1030 761 1072 officiosissime
792 1032 920 1081 oravi,
958 1045 1007 1072 ne
1037 1031 1150 1080 mihi,
1188 1031 1254 1071 ubi
1284 1031 1336 1072 Η.
1351 1031 1478 1071 Tuam
1508 1031 1774 1079 convenisset,

0 1089 74 1132 bac
101 1102 225 1143 opera
253 1089 426 1131 deesset.
487 1088 565 1137 Qui
595 1103 672 1131 non
702 1091 829 1131 solum
858 1091 899 1131 id
929 1103 972 1130 se
1010 1091 1204 1131 facturum
1239 1090 1407 1143 recepit,
1449 1091 1521 1130 sed
1558 1090 1679 1131 etiam
1715 1103 1777 1130 me

0 1148 202 1203 praesenti
231 1154 275 1190 et
302 1149 468 1190 salutari
499 1149 664 1190 consilio
701 1150 914 1190 instruxit:
959 1150 1060 1190 adeo
1098 1155 1141 1189 ut
1178 1149 1274 1189 nihil
1310 1154 1460 1198 restet,
1504 1162 1622 1202 quam
1649 1155 1696 1190 ut
1724 1149 1777 1190 H.

0 1206 125 1249 Tuam
140 1207 331 1260 majorem
349 1207 388 1249 in
408 1208 562 1250 modum
582 1221 728 1261 rogem,
760 1222 808 1250 ne
828 1208 1061 1261 dedignetur
1078 1209 1118 1248 in
1142 1208 1220 1248 mei
1244 1209 1416 1261 gratiam
1442 1209 1493 1249 ab
1518 1209 1585 1250 illo
1611 1208 1775 1257 discere,

0 1278 98 1321 quae
115 1279 177 1308 me
202 1279 347 1308 causae
366 1272 565 1315 moveant,
597 1268 801 1320 quominus
827 1268 1048 1309 existimem
1079 1267 1173 1308 mihi
1205 1267 1351 1308 diutius
1384 1272 1502 1321 atque
1533 1268 1573 1308 in
1605 1280 1775 1320 sequen-

0 1330 78 1367 tem
102 1338 245 1367 annum
263 1323 320 1369 96
347 1326 413 1367 hic
438 1327 780 1367 commorandum:
820 1327 960 1368 deinde
990 1339 1084 1368 vero
1113 1327 1319 1379 perpensis
1350 1327 1399 1368 iis
1430 1326 1561 1368 causis
1593 1340 1655 1368 me
1686 1340 1776 1368 cer-

0 1385 137 1429 liorem
154 1384 312 1431 reddat,
341 1385 432 1438 qnid
459 1386 789 1426 consultissimum
817 1386 1031 1427 existimet.
1080 1385 1254 1438 Cumque
1274 1386 1394 1426 nolim
1412 1386 1619 1454 quicquam
1638 1391 1777 1427 contra

0 1443 275 1497 obligationem
304 1457 432 1484 meam
461 1445 616 1485 facere:
654 1445 751 1485 illud
782 1445 902 1486 etiam
932 1445 1035 1485 seire
1065 1450 1231 1498 expeto,
1263 1445 1553 1486 consulendane
1584 1445 1639 1486 sit
1667 1445 1778 1486 curia

0 1501 103 1558 prins
131 1507 251 1556 atque
286 1503 377 1544 hinc
407 1516 467 1561 me
499 1504 699 1544 conferam
729 1504 929 1546 aliorsum.
987 1505 1112 1545 Putat
1141 1503 1245 1544 enim
1273 1504 1325 1545 D.
1358 1505 1526 1558 Papius,
1565 1517 1683 1557 posse
1714 1517 1775 1545 me

0 1560 161 1615 honesto
180 1561 340 1611 salario,
371 1575 458 1602 cum
489 1562 620 1615 aliquo
649 1563 875 1615 discipulo
864 1577 902 1604 ιιι
929 1563 1101 1616 aliquam
1120 1563 1366 1604 academiam
1391 1564 1606 1605 discedere.
1647 1563 1775 1604 Deni-

0 1627 71 1675 que
100 1620 138 1661 si
167 1633 265 1673 opus
294 1621 442 1662 habeat
469 1621 521 1661 Η.
555 1621 641 1661 Tua
672 1622 900 1663 dilucidiore
936 1622 1223 1674 explicatione,
1262 1628 1382 1675 atque
1418 1623 1460 1663 id
1495 1623 1590 1663 mihi
1620 1623 1775 1675 signifi-

0 1679 146 1730 ¹raverit
174 1679 366 1728 (fortasse
397 1681 519 1721 etiam
541 1680 624 1720 siue
649 1680 742 1727 hoc)
774 1694 848 1734 ego
878 1682 1030 1734 prolixe
1061 1681 1246 1722 scribam.
1294 1681 1478 1723 Nondum
1509 1695 1619 1731 saue,
1649 1682 1775 1722 Prae-

0 1743 132 1792 eeptor
147 1738 531 1786 benevolentissime,
565 1745 721 1792 tempus
747 1746 821 1789 est,
853 1746 898 1781 ut
922 1753 1092 1781 messem
1118 1745 1272 1780 tuorum
1302 1741 1577 1781 beneficiorum
1607 1754 1658 1781 ex
1686 1753 1775 1782 mea

0 1796 238 1853 gratitudine
277 1798 456 1851 colligas.
519 1796 652 1844 Quare
689 1799 789 1840 hanc
826 1812 942 1852 porro
980 1804 1196 1840 sementem
1235 1799 1367 1840 facere
1406 1813 1455 1840 ne
1494 1800 1656 1852 pigeat:
1699 1800 1774 1839 hac

0 1861 105 1901 terta
127 1868 213 1908 spe,
245 1857 327 1897 fore
351 1863 396 1898 ut
414 1858 608 1898 cumulate
629 1857 839 1911 aliquando
864 1859 1138 1910 respondeam,
1169 1871 1256 1898 cum
1274 1858 1385 1899 Deus
1416 1859 1510 1900 mihi
1542 1859 1773 1899 facultatem

0 1923 74 1984 pro
90 1928 165 1956 sua
182 1915 393 1956 clementia
409 1916 577 1968 largitus
598 1917 726 1957 fuerit.
770 1917 851 1958 Sed
882 1931 957 1958 non
989 1919 1103 1969 plura
1133 1917 1250 1964 addo,
1281 1923 1327 1958 ut
1354 1919 1418 1959 vel
1449 1919 1572 1958 semel
1602 1918 1776 1958 breviter

0 1974 190 2022 ludham,
227 1987 299 2015 nec
335 1980 376 2015 te
414 1981 456 2016 et
489 1981 560 2016 tua
595 1977 756 2028 negotia
785 1977 942 2017 nimium
972 1977 1210 2028 perturbem.
1271 1977 1358 2017 Deo
1389 1990 1460 2017 vos
1497 1990 1632 2017 omnes
1663 1990 1773 2018 com-

11 2034 15 2038 ’
47 2033 152 2074 ·do.
193 2033 246 2074 H.
265 2033 374 2075 'Duae
403 2035 559 2087 conjugi
587 2035 891 2076 honestissimae
922 2036 1137 2076 officiosam
1169 2035 1337 2076 salutem
1368 2037 1469 2076 dico.
1513 2036 1605 2076 Erit
1633 2037 1700 2076 ubi
1724 2036 1775 2076 ad

35 2122 47 2132 .
65 2097 365 2145 praeceptorem
385 2091 553 2134 Gellium
572 2093 756 2142 scribam,
788 2095 822 2134 si
847 2094 939 2148 quid
970 2095 1061 2134 novi
1091 2095 1191 2134 haec
1216 2100 1350 2136 aestas
1374 2095 1617 2147 produxerit.
1659 2096 1774 2136 Nunc

6 2169 49 2185 ηε
71 2151 128 2190 ia
143 2152 146 2154 ’
161 2163 295 2191 coram
328 2152 380 2193 D.
417 2152 565 2204 Papius
603 2154 836 2195 recensebit.
905 2152 1096 2194 Omnibus
1135 2157 1265 2193 autem
1311 2155 1410 2195 meis
1450 2154 1774 2207 praeceptoribus

7 2208 326 2250 ·fficioeissimam
354 2211 525 2251 salntem
555 2211 655 2252 dico.

113 2263 287 2309 Valev.
324 2267 376 2309 17
403 2269 502 2322 Maji
531 2282 632 2310 auno
657 2268 726 2312 95.
1038 2271 1088 2310 Η.
1120 2270 1166 2310 Τ.
1200 2271 1470 2312 deditissimus
1502 2271 1717 2325 discipulus

480 2330 484 2334 ’
1192 2330 1252 2370 Μ
1284 2330 1354 2389 Jo.
1384 2330 1557 2385 Kepler.

13 2420 46 2472 ²}
88 2430 195 2471 Qum
218 2441 318 2476 snpra
332 2432 412 2464 dicit
426 2432 596 2474 Keplerus,
622 2432 767 2465 Joannes
783 2432 953 2475 Papius,
978 2434 1156 2466 secundum
1172 2434 1374 2467 Hauschium
1397 2436 1462 2468 hnc
1485 2445 1587 2478 nsque
1610 2436 1773 2478 gymnasii

21 2514 52 2525 ,
93 2493 98 2497 ·
217 2480 351 2512 rectoris
372 2489 506 2512 munere
528 2479 658 2512 functus
682 2485 768 2517 erat,
795 2482 866 2521 jam
889 2490 964 2512 vero
987 2481 1171 2523 Tubingam
1195 2483 1349 2522 secessit,
1375 2484 1432 2515 ubi
1454 2484 1629 2515 trienninm
1653 2483 1773 2525 exegit,

62 2548 65 2550 -
96 2524 286 2564 Omnian,
315 2530 430 2568 postea
452 2526 703 2569 Begiomontum
731 2531 971 2570 transgressus,
1003 2529 1059 2560 ubi
1089 2539 1205 2560 munus
1236 2530 1332 2562 aulici
1357 2530 1510 2563 archiatri
1534 2534 1569 2562 et
1590 2530 1774 2562 medicinae

15 2563 81 2618 'bsx
115 2587 168 2601 <w
204 2583 264 2614 pu·
285 2573 478 2606 decennimn
500 2575 618 2616 gessit,
653 2583 739 2606 anno
764 2573 854 2606 1622
883 2580 1028 2607 mortuus
1052 2580 1112 2608 est.
1160 2576 1233 2608 Alio
1257 2577 1329 2610 loco
1352 2578 1494 2618 pluribus
1518 2577 1674 2609 dicendus
1698 2578 1771 2608 erit.

83 2642 87 2646 -
114 2618 292 2661 Keplenm
315 2629 437 2653 causae
460 2622 632 2659 moverint,
664 2624 702 2652 ut
724 2621 765 2653 de
788 2621 878 2653 abit-u
902 2631 921 2653 e
944 2621 1058 2662 Styria
1087 2623 1264 2665 cogitaret,
1294 2624 1401 2656 nullas
1424 2624 1580 2656 habemus
1604 2625 1666 2655 nisi
1691 2623 1773 2656 forte

14 2659 47 2723 ς’
104 2666 227 2708 ipsum
230 2667 326 2710 Papii
349 2668 524 2700 discessum
548 2672 583 2700 et
613 2667 806 2700 offensiones
835 2668 993 2710 quasdam
1021 2670 1057 2701 in
1086 2672 1274 2712 gymnasio,
1308 2681 1389 2713 quas
1419 2672 1528 2713 tangit
1560 2672 1595 2702 in
1625 2672 1773 2713 sequenti

20 2754 58 2809 1,
90 2759 189 2792 cirea
214 2760 279 2793 hoc
309 2760 395 2793 idem
425 2765 570 2803 tempus.
604 2772 666 2803 qno
698 2762 819 2803 priores
849 2762 893 2794 ad
920 2761 1131 2795 Maestlinum
1162 2764 1252 2796 dedit
1281 2764 1411 2800 literas,
1445 2768 1555 2796 mente
1585 2765 1772 2807 concepisse

23 2809 33 2817 ⁴'
141 2807 304 2849 Keplerus
326 2808 501 2850 primordia
522 2809 670 2849 Mysten-ii
702 2810 750 2840 sui
785 2810 1039 2852 comographici
1073 2809 1191 2852 (comp.
1223 2811 1323 2851 praef.
1348 2810 1484 2852 Kepleri
1514 2816 1703 2853 sequentem
1727 2812 1771 2845 ad

63 2855 70 2858 “
157 2852 360 2895 editionem),
384 2865 487 2897 eaque
509 2857 677 2888 nunciavit
699 2856 873 2888 Maestlino
895 2866 1007 2889 mense
1030 2857 1127 2895 Julio,
1154 2862 1192 2889 nt
1215 2868 1255 2889 ex
1276 2858 1327 2889 his
1351 2862 1488 2900 apparet
1509 2858 1621 2891 literis.

786 2959 829 3001 S.
860 2961 907 3001 P.
937 2961 987 3001 D.

115 3039 252 3080 Tertia
279 3040 379 3081 haec
402 3041 573 3094 epistola
601 3042 696 3091 erit,
733 3042 962 3083 clarissime
986 3043 1035 3083 D.
1054 3044 1311 3097 Praeceptor,
1344 3045 1393 3085 de
1423 3044 1563 3086 eadem
1587 3047 1767 3088 materia.

78 3105 86 3108 “
144 3118 161 3134 ιι
201 3098 291 3141 dedi
320 3099 560 3159 'lfflubingensi
589 3101 798 3146 tabellario
829 3100 1044 3155 Steinliu0,
1076 3103 1148 3144 sub
1178 3101 1295 3148 finem
1319 3104 1445 3146 nostri
1468 3103 1576 3149 Julii.
1625 3105 1769 3149 Altera
