1982 3268
780 5 1029 58 'emmim
1765 19 1817 62 21

19 133 118 180 'pce-
166 135 241 178 lpse
264 135 370 171 euim.
394 135 479 166 sicut
501 134 536 166 in
561 133 759 166 Tabularum
782 131 1031 165 Pruteuieuum
1054 132 1258 174 praefatione
1282 132 1497 171 protestatur,
1532 132 1566 160 et
1590 136 1702 160 earum
1726 127 1821 160 tabu-

29 184 136 218 hum
151 210 154 214 .
167 182 299 217 11111-οή-
326 185 544 218 emuntur.
580 181 821 213 observationes
853 185 889 212 et
915 180 1213 213 demonstrationes
1245 178 1267 208 ὁ
1297 177 1476 218 Copemicu
1505 175 1686 217 propositas
1721 175 1823 207 multo

29 231 177 273 metius
199 233 236 262 ot
255 230 461 267 ηοω-881115,
496 238 593 270 quam
616 228 685 269 ipse
710 226 925 268 comminus,
956 227 1128 264 discussit,
1160 226 1234 258 ideo
1257 234 1428 261 numeros,
1461 223 1575 266 quibus
1599 221 1822 255 Rheiuholdus

28 278 142 312 muudi
161 277 318 320 sphaera:
342 276 507 309 dimensus
531 279 601 312 est.
634 279 669 307 et
700 284 740 306 ex
763 274 878 316 quibus
902 275 976 308 illas
999 284 1096 313 suns,
1129 273 1324 306 Prutenioas
1353 271 1479 307 dictas.
1514 269 1644 302 tabulas
1668 269 1821 307 confecit,

0 328 7 334 “
26 330 185 368 tunquam
214 324 423 366 perfectiores
452 322 632 365 sequendos
657 322 814 354 existimo.
862 320 1187 364 optandum-autem
1211 324 1309 356 esset,
1332 318 1531 350 Rheinholdi
1554 317 1831 350 commentarium.

29 375 65 407 in
88 372 259 415 Coporuici
279 370 396 410 libros,
434 371 486 403 vel
507 371 613 412 potius
635 370 670 401 in
695 378 772 401 suas
796 369 990 402 Prutenicas
1013 369 1176 405 Tabulas,
1208 367 1380 409 aliquoties
1405 366 1448 397 ab
1471 366 1540 407 ipso
1564 364 1755 406 promissum
1787 365 1822 396 in

27 424 157 464 promtu
179 429 264 457 esse,
289 428 331 451 ex
353 428 392 451 οο
418 419 503 451 enim
527 427 593 449 uon
617 421 748 450 tantum
771 417 989 449 dimensiones
1011 417 1074 449 has
1098 415 1279 448 describere
1302 422 1491 455 possemus,
1517 412 1576 444 sed
1600 412 1701 444 etiam
1722 411 1821 454 pluri·

28 469 90 502 nis
113 466 319 501 adminiculis
342 467 415 507 ipsa
439 466 658 501 wonomia,
691 474 748 506 pro
774 463 972 501 defectibus,
1005 464 1119 506 quibus
1144 462 1252 496 adhue
1275 461 1425 498 laborat,
1450 459 1586 492 facilius·
1601 459 1823 495 restituendis.

248 513 339 548 haud
361 513 457 546 dubio
482 512 700 553 adiuvaretur.
746 510 836 550 Quia
859 516 971 544 autem
993 511 1165 553 inopinata
1188 514 1223 543 et
1245 510 1422 541 immatura
1444 508 1502 539 viri
1527 510 1631 539 morte
1661 511 1731 539 tam
1760 507 1822 541 hoo

28 572 127 607 quam
150 561 219 595 alia
240 561 412 593 utilissima
434 569 534 602 opera
556 560 739 600 interrupta
762 558 904 599 fuerunt,
929 558 1036 591 altera
1051 568 1137 600 qnae
1153 561 1258 590 restat
1279 557 1333 588 via
1357 554 1520 588 tentanda
1543 557 1606 591 est,
1630 563 1696 595 qua
1718 558 1819 586 retro·

28 608 303 654 gradasmethodo
323 617 345 640 n
367 607 432 641 fine
457 607 501 640 ad
523 607 651 639 initium
674 607 857 638 recurritur.
895 605 1029 638 Numeri
1052 606 1153 648 igitur
1176 606 1210 637 in
1226 604 1347 636 tabulis
1370 603 1469 645 ipsius
1492 602 1605 643 scripti
1629 600 1822 637 resolvendi.

27 661 63 691 κ
89 667 132 690 αι
163 657 211 689 eis
239 655 306 693 illi,
341 665 421 697 quos
443 654 668 687 Rheinholdus
698 653 847 695 diligenti
878 654 1138 686 observationum
1172 656 1207 685 et
1238 651 1551 683 demonstrationum
1581 649 1731 682 examine
1763 658 1821 690 pro

29 703 205 738 condendis
235 703 299 735 illis
327 703 404 745 ipsis
437 702 556 734 tabulis
585 702 728 737 invenit,
763 701 897 734 eruendi
921 705 1026 733 erunt.
1075 700 1176 742 Spero
1202 704 1313 732 autem
1337 699 1403 732 ista
1427 696 1618 731 admirando
1650 696 1728 729 huic
1758 695 1822 729 hoc

26 752 107 785 libro
128 751 250 785 tradito
273 749 317 782 D.
342 749 476 792 Kepleri
498 750 630 782 invento
654 759 720 780 uon
744 758 858 790 parum
882 748 1129 780 commodatura
1152 746 1257 779 esse.‘¹

121 798 267 834 Numeri.
291 806 370 839 quos
386 797 580 831 Maestlinus
596 796 629 828 in
647 796 761 828 tabula
775 806 837 828 sua
852 795 1020 832 retulerat,
1038 796 1180 837 Keplero
1196 795 1303 827 minus
1320 796 1476 826 accurate
1493 791 1643 824 subducti
1659 790 1820 829 videntur,

29 851 65 881 et
85 846 140 880 ille
163 855 187 879 a
207 844 388 887 Keplero
412 846 525 878 erroris
549 844 751 877 convincitur
773 843 823 876 his
847 843 966 876 literis:

145 950 376 994 clarissime
395 949 552 990 domine
571 955 830 1002 praeceptor:
863 948 1049 989 Mercurii
1076 947 1354 1000 importunitas
1380 951 1423 987 et
1453 944 1678 999 petulantia
1708 945 1819 995 facit,

29 1018 78 1054 ut
110 1023 188 1053 uon
230 1010 400 1064 possim,
443 1009 622 1062 quamvis
662 1022 713 1049 ex
748 1009 960 1049 intervallo
999 1008 1172 1048 locorum
1211 1019 1286 1047 non
1325 1007 1572 1059 importunus
1611 1017 1703 1045 esse
1741 1004 1822 1045 tuis

29 1069 363 1124 occupationibus.
424 1068 535 1109 Dicis
567 1069 605 1109 iu
637 1068 776 1108 tabula
805 1067 978 1119 ἀφηλιων
1009 1072 1051 1107 et
1088 1066 1299 1118 ἀπογοιωι,
1338 1065 1551 1106 maximam
1588 1064 1823 1105 distantiam

29 1132 60 1182 32'
87 1145 114 1172 a
145 1126 211 1181 Θ,
244 1141 331 1170 cum
361 1129 393 1178 ὅ
425 1128 570 1168 triente
603 1127 653 1168 ab
685 1127 768 1180 ejus
799 1127 964 1179 ἀπογειῳ
995 1126 1123 1174 abest,
1156 1138 1246 1166 esse
1279 1121 1438 1168 50580.
1492 1123 1624 1166 Credo
1655 1123 1823 1164 verissi-

28 1202 133 1232 mum
162 1189 266 1230 hunc
295 1200 386 1228 esse
416 1200 618 1228 numerum
649 1192 692 1227 et
722 1187 773 1227 ad
805 1186 1045 1227 anomaliam
1081 1186 1254 1226 eccentri
1285 1185 1351 1226 vel
1382 1184 1529 1225 Terrae
1561 1184 1613 1224 ab
1645 1195 1824 1236 apogaeo

29 1247 265 1290 distantiam
284 1245 326 1288 2‘
344 1242 769 1288 0⁰accommodatum.
809 1245 890 1286 Sed
910 1244 975 1298 qui
1000 1245 1056 1293 fit,
1089 1244 1193 1297 quod
1216 1245 1324 1285 idem
1350 1257 1427 1284 non
1459 1243 1686 1283 etiamnsu
1715 1242 1827 1282 venit

29 1307 70 1349 in
99 1312 172 1349 tua
199 1306 341 1347 tabula
371 1305 516 1355 altera,
540 1306 616 1346 ubi
648 1305 863 1349 distantias
893 1305 1146 1358 planetarum
1176 1316 1226 1343 ex
1254 1302 1479 1344 Prutenicis
1511 1302 1826 1342 demonstrasti?

145 1365 334 1418 Sumatur
362 1364 542 1405 ultimum
572 1364 830 1414 ibischema.
893 1364 1021 1417 Igitur
1056 1363 1163 1403 linea
1201 1377 1301 1416 quae
1340 1363 1380 1403 in
1417 1375 1588 1413 περιγειῳ
1629 1361 1706 1402 fuit
1736 1360 1824 1410 PA‚

30 1438 80 1466 ea
111 1425 199 1477 jam
235 1423 343 1464 ultra
371 1423 412 1464 Κ
448 1424 574 1464 crevit
610 1425 660 1464 ad
691 1424 731 1464 R
767 1436 917 1476 usque,
962 1429 1004 1462 et
1042 1428 1106 1462 est
1135 1422 1222 1463 PR.
1283 1421 1475 1462 Vicissim
1514 1421 1621 1461 linea
1652 1433 1754 1473 quae
1784 1419 1825 1460 in

28 1499 200 1538 nupayaap
228 1483 278 1524 ab
304 1483 343 1524 A
374 1488 510 1523 centro
543 1483 648 1523 orbis
681 1496 803 1536 usque
837 1483 886 1522 ad
922 1480 958 1522 G
992 1488 1168 1521 centrum
1201 1481 1307 1522 orbis
1338 1481 1367 1529 Q
1397 1481 1517 1520 ducta
1547 1479 1636 1528 fuit,
1668 1493 1720 1520 ea
1750 1480 1824 1519 de·-

27 1539 154 1586 erevit
171 1543 270 1596 jam,
302 1546 346 1582 ut
371 1543 425 1583 sit
449 1555 524 1583 non
553 1543 719 1594 longior,
751 1555 866 1595 quam
888 1541 974 1587 ΑΡ,
1008 1546 1049 1581 et
1067 1540 1266 1581 invenitur
1286 1536 1413 1588 6549,
1447 1551 1535 1579 cum
1554 1539 1675 1580 fuerit
1694 1535 1823 1587 9460,

29 1597 253 1658 differentia
276 1598 389 1642 2911
418 1599 671 1642 decrementi.
719 1601 800 1643 Sed
833 1600 912 1641 GK
943 1597 1089 1642 35730

975 1729 1091 1772 2850
1116 1729 1341 1770 differentia
1361 1727 1576 1781 augmenti,
1598 1739 1676 1767 non
1694 1731 1822 1776 tauta,

0 1793 180 1846 „quanta
221 1790 477 1831 decrementi.
538 1790 617 1830 Est
658 1789 778 1842 igitur
824 1790 982 1831 brevior
1024 1788 1220 1830 distantia
1260 1788 1300 1828 in
1345 1788 1491 1829 triente
1534 1786 1585 1827 ab
1629 1798 1823 1838 apogaeo.

25 1848 188 1893 Etenim
216 1847 299 1891 AG
329 1853 371 1888 et
400 1849 473 1889 PK
504 1850 541 1888 in
574 1855 724 1889 rectam
756 1855 947 1890 extensae
987 1849 1164 1890 efficiunt
1194 1845 1358 1893 45190,
1401 1847 1472 1887 sed
1503 1846 1578 1887 ΑΡ
1609 1851 1650 1886 et
1679 1845 1755 1886 PR
1785 1846 1825 1891 in

0 1940 3 1942 »
28 1914 178 1964 rectam
208 1913 397 1950 extensae
431 1908 606 1948 efficiunt
637 1913 793 1948 tantum
819 1907 976 1950 45129.
1021 1908 1096 1947 Hic
1116 1908 1276 1947 haereo.
1323 1906 1405 1947 Oro
1432 1910 1565 1946 autem
1590 1905 1623 1945 si
1650 1909 1824 1945 erratum

0 1973 96 2011 “est
136 1968 176 2009 in
219 1966 388 2022 proditis
431 1967 604 2008 numeris
647 1967 927 2009 distantiarum
965 1982 989 2007 a
1030 1973 1166 2007 centro
1198 1966 1333 2018 magni
1365 1965 1490 2015 orbis,
1529 1978 1578 2005 ue
1610 1977 1671 2004 me
1703 1963 1822 2012 celes,

0 2073 1 2077 ,
28 2032 160 2072 utrum
193 2027 300 2068 idem
336 2035 444 2066 error
474 2027 596 2066 etiam
636 2027 842 2079 irrepserit
885 2028 924 2067 in
961 2026 1139 2067 tabulam
1171 2025 1361 2077 ἀφελιων,
1399 2028 1676 2077 numerumque
1714 2023 1826 2063 illum

30 2086 179 2127 dictum
209 2099 266 2126 sc.
298 2083 455 2127 50580.
516 2084 707 2132 (Schema
738 2099 813 2139 qno
844 2087 1041 2138 Keplerus
1073 2086 1136 2125 hic
1168 2098 1262 2125 usus
1295 2091 1379 2133 est,
1412 2085 1561 2131 deest.)

143 2145 268 2185 Porro
299 2144 372 2186 ΑΡ
402 2144 459 2184 sic
491 2144 744 2198 investigavi.
795 2146 869 2186 ΑΕ
902 2146 1018 2185 datur
1050 2158 1098 2184 ex
1130 2149 1200 2184 tua
1230 2144 1540 2196 computatione.
1615 2162 1675 2194 ug,
1694 2162 1722 2187 ε.

29 2203 136 2245 Nam
161 2201 237 2243 AF
257 2207 320 2243 est
338 2200 466 2245 5231.
509 2204 577 2244 FE
598 2199 785 2258 2114¹l,‚
814 2204 979 2245 dimidia
996 2202 1072 2243 ΕΩ
1097 2199 1280 2256 1057'14.
1324 2202 1432 2255 Ergo
1454 2207 1543 2242 tota

30 2261 116 2304 ΑΩ
146 2258 275 2304 6288.
337 2260 411 2302 ΩΡ
444 2275 539 2302 vero
583 2269 648 2303 est
689 2263 1013 2315 perpendiculum
1056 2262 1292 2314 aequilateri
1334 2261 1538 2314 trianguli.

0 2320 138 2373 >,Ergo
168 2320 208 2360 iu
232 2320 430 2372 triangulo
454 2320 570 2360 ΑΩΡ
596 2322 762 2374 angulus
789 2323 839 2362 ad
863 2322 903 2362 Ω
933 2327 1080 2366 rectus,
1113 2327 1154 2361 et
1183 2322 1314 2361 latera
1337 2320 1431 2369 ΑΩ,
1467 2320 1542 2360 ΩΡ
1584 2315 1604 2342 3’

5 2379 140 2440 &jata-
195 2379 299 2420 Hinc
329 2379 404 2419 ΑΡ
434 2376 561 2420 6549.
617 2381 743 2433 Perge
773 2394 835 2421 me
861 2381 1023 2433 juvare,
1063 2385 1105 2420 et
1136 2381 1269 2420 rudem
1301 2379 1470 2420 tironem
1499 2379 1539 2418 in
1603 2359 1607 2393 7

3 2437 234 2498 {gytiucipiis
269 2438 478 2479 instituere
518 2451 642 2492 aequo
682 2439 834 2488 anim0;
875 2445 994 2492 atque
1031 2439 1133 2479 hunc
1171 2439 1293 2479 etiam
1322 2439 1538 2479 Maestline

0 2496 129 2560 3311ᾝὶ-
153 2498 326 2539 concede
356 2498 558 2538 laborem:
602 2497 659 2537 sic
690 2499 821 2539 omnia
851 2504 922 2539 tua
952 2499 1086 2539 studia
1117 2498 1311 2539 foeliciter
1342 2498 1413 2539 tibi
1444 2510 1536 2538 suc-
1572 2519 1595 2547 ῃ

4 2558 187 2605 &cedant-

15 2608 34 2649 Ὗ
146 2615 253 2655 Vale
286 2613 312 2656 3
345 2614 442 2663 (13)
473 2615 572 2667 Apr.
605 2610 775 2663 (1596).

0 2646 40 2750 ἓ
148 2673 420 2726 Stutgardiae.
510 2674 724 2726 Responde
754 2674 992 2714 brevissima
1015 2679 1058 2715 et
1082 2674 1151 2714 vili
1177 2674 1389 2715 schedula:
1431 2685 1510 2712 non
1539 2676 1634 2726 peto
1665 2672 1818 2715 literas,

0 2737 29 2794 3}
455 2778 458 2779 ⁷
846 2734 897 2772 Η.
932 2734 977 2774 Τ.
1262 2731 1512 2784 gratissimus
1544 2731 1760 2785 discipulus
1809 2776 1817 2781 ,

1333 2791 1394 2831 Μ.
1427 2790 1496 2831 .Ῑο.
1528 2790 1700 2845 Kepha

19 2913 43 2925 κ
123 2895 162 2928 Iu
177 2895 344 2929 Bausehio
370 2896 437 2929 alia
460 2897 500 2929 de
526 2898 641 2930 eadem
665 2907 700 2929 re
725 2897 862 2938 epistola
885 2898 1026 2929 occurrit
1050 2897 1081 2928 d.
1099 2896 1223 2938 Stuttg-
1242 2896 1272 2928 d.
1294 2894 1309 2927 1
1331 2897 1420 2938 Apr.,
1445 2906 1543 2938 quam
1567 2897 1729 2940 Keplerus
1753 2909 1819 2932 non
1875 2924 1896 2941 ‚

65 2943 74 2950 ⁴
89 2958 106 2969 «ι
140 2942 315 2976 Maestlino
339 2942 500 2985 (Hansch.
525 2955 558 2988 p.
587 2943 657 2985 12).
707 2946 809 2986 Atque
833 2944 918 2975 illas
931 2945 1043 2976 literas
1067 2945 1179 2976 statim
1202 2944 1267 2976 hae
1291 2948 1426 2977 secutae
1451 2948 1546 2976 sunt:
