1982 3268
171 89 226 133 64
950 91 1164 125 Prooemium.

170 210 323 238 rursum
365 198 506 238 stellae
544 199 584 240 A
613 198 824 239 maximam
863 204 905 239 et
943 198 1146 239 minimam
1177 199 1439 240 altitudinem.
1501 199 1677 240 Necesse
1714 199 1848 252 igitur·
1868 199 1954 249 fuit,

169 257 207 297 in
240 257 411 297 maxima
443 257 648 298 altitudine
678 257 884 310 provenire
918 271 1053 299 arcum
1083 258 1172 306 AB,
1206 258 1270 311 qui
1302 259 1429 311 major
1460 258 1581 300 debet
1604 272 1694 300 esse
1720 271 1837 312 quam
1863 258 1956 308 ΑΚ,

171 316 204 355 si
235 328 327 356 vere
360 317 576 369 amplitudo
609 317 713 357 orbis
745 317 901 358 ELDM
932 325 996 358 est
1038 311 1237 358 sensibilis
1281 318 1383 358 inter
1424 318 1538 358 fixas.
1607 316 1777 360 collatis
1817 318 1958 359 obser-

170 375 394 415 vationibus
426 376 731 428 deprehendisse
756 373 923 426 ‘videor,
958 377 1059 429 quod
1092 377 1315 417 differentia
1345 390 1524 427 arcuum,
1558 390 1657 431 quae
1689 383 1753 418 est
1783 377 1870 427 KB,
1903 377 1958 418 sit

170 432 224 476 33
266 438 345 475 fere
387 436 652 488 scrupulorum
696 450 720 475 a
757 433 809 476 4⁰
832 435 947 486 Yad
977 433 1107 485 4⁰45,
1147 437 1407 489 quadrantem
1447 437 1595 478 circuli.
1657 437 1770 478 Unde
1810 449 1956 489 seque-

170 501 294 544 retur,
334 495 623 547 proportionem
666 495 763 535 coeli
796 496 999 536 terrestris
1037 496 1121 535 sive
1153 496 1238 548 ejus
1271 496 1451 537 diametri
1490 496 1542 537 ad
1581 496 1816 538 diametrum
1852 497 1956 537 fixa-

170 567 255 594 rum
295 567 383 594 esse
428 561 471 594 ut
506 554 619 594 unius
651 554 701 594 ad
737 552 830 596 100.
893 555 975 596 Sed
1006 555 1193 605 videor,
1243 555 1425 608 inquam,
1470 556 1790 609 deprehendisse.
1850 555 1958 597 Nam

169 613 388 666 hujusmodi
421 614 662 660 observatio,
694 626 766 666 per
795 615 1059 655 instrumenta
1090 627 1165 655 non
1198 615 1416 667 exquisita,
1451 615 1602 657 lubrica
1631 620 1707 656 est.

273 707 312 739 In
347 709 492 750 margine
529 710 597 750 ipse
629 712 766 740 annotat
802 708 987 750 Keplerus:
1033 710 1104 749 jam
1128 709 1215 740 euim
1250 708 1300 740 his
1330 710 1407 751 ipsis
1447 709 1560 742 diebus
1604 709 1772 743 observavi
1812 709 1958 751 eiusdem

170 754 284 787 stellae
308 755 523 788 humilitatem
547 756 774 795 meridianam,
800 762 902 788 noctu
924 756 956 788 h.
985 755 1048 794 12,
1087 765 1172 798 quae
1196 755 1365 788 videbatur
1394 756 1472 789 mihi
1502 757 1685 791 coincidere
1709 768 1785 792 cum
1808 757 1866 790 ina
1888 756 1982 790 De·
1980 763 1982 765 ’

170 803 288 835 cembri
312 803 436 835 habita.
485 804 671 846 Altrobique
707 804 804 846 igitur
840 809 982 836 erratum
1019 808 1070 836 est
1103 805 1137 836 iu
1173 803 1407 837 observatione.
1457 804 1585 847 (Comp.
1618 815 1692 838 cum
1715 805 1767 838 his
1791 814 1849 844 ea,
1874 813 1960 847 quae

169 849 331 892 Keplerus
369 851 515 884 Galilaeo
554 852 758 893 perscripsit,
805 852 947 883 invitans
984 851 1095 891 hunc,
1131 855 1169 883 ut
1204 851 1344 884 eandem
1387 853 1642 885 observationem
1677 854 1712 885 iu
1747 863 1784 885 se
1821 852 1982 895 recipiat

168 907 244 940 pag.
270 895 326 934 42,
353 903 386 931 et
410 900 649 941 responsionem
673 899 834 940 Tychonis
858 899 902 931 ad
925 899 1060 941 Kepleri
1083 875 1196 931 literas
1222 899 1262 931 de
1283 899 1400 932 eadem
1423 901 1625 943 quaestione,
1648 910 1725 944 pag.
1751 897 1827 940 4⁷.)

285 970 426 1022 Itaque
463 971 639 1023 pluribus
671 970 1013 1011 observationibus
1045 971 1241 1011 dubitatio
1274 972 1398 1011 omnis
1438 971 1683 1012 excludenda
1725 977 1814 1022 est,
1858 957 1982 1024 quae}

171 1042 235 1070 res
273 1029 432 1081 aliquod
465 1037 619 1082 tempus
650 1030 825 1083 requirit.
859 1051 913 1057 —
948 1029 1051 1070 Sunt
1081 1036 1123 1070 et
1154 1030 1222 1070 alii
1253 1030 1369 1080 modi,
1403 1031 1475 1071 sed
1505 1031 1758 1072 difficiliores.
1980 1027 1982 1029 ’

287 1088 374 1128 Hoc
405 1089 471 1129 ubi
502 1096 609 1129 certo
642 1090 857 1130 innotuerit
887 1090 955 1138 (et
985 1090 1103 1130 velim
1123 1119 1132 1135 ‚
1175 1090 1274 1130 alios
1318 1102 1469 1143 quoque
1500 1095 1750 1131 astronomos
1785 1090 1826 1131 in
1857 1091 1959 1131 hanc

170 1161 251 1189 rem
282 1148 457 1188 intentos
489 1150 617 1198 esse),
655 1149 823 1200 primum
854 1150 1073 1189 retexenda
1104 1149 1181 1189 erit
1212 1148 1396 1190 universa
1427 1150 1672 1190 astronomia
1708 1155 1751 1190 et
1786 1151 1982 1204 geogra-5'

170 1208 284 1260 phia,
319 1207 758 1260 demonstrandumque,
792 1208 895 1261 quod
931 1209 970 1248 in
1003 1223 1249 1260 φαινομενοις
1281 1209 1455 1250 varietur
1491 1222 1561 1263 per
1599 1210 1701 1250 hanc
1733 1209 1902 1250 Telluris
1934 1206 1968 1250 ai

171 1273 307 1307 centro
352 1268 577 1308 sensibilem
621 1268 865 1308 distantiam.
930 1269 1078 1308 Postea
1121 1268 1473 1324 suppeditarentur
1512 1268 1609 1309 mihi
1648 1268 1824 1310 rationes
1853 1268 1967 1323 phy-2

172 1327 279 1367 sicae
313 1326 360 1367 de
395 1328 524 1367 causis
556 1328 668 1380 hujus
709 1327 1000 1380 proportionis;
1037 1327 1144 1380 prius
1182 1328 1283 1368 enim
1321 1333 1480 1380 oportet
1508 1342 1554 1368 w
1586 1324 1645 1368 ὁτι
1674 1333 1871 1378 constare,
1909 1338 1965 1381 εξ

172 1398 246 1439 quo
279 1401 324 1426 το
357 1390 452 1427 &ou
483 1387 711 1428 deducatur.
749 1387 882 1440 Atque
915 1391 1008 1427 tunc
1039 1400 1100 1427 me
1133 1387 1381 1440 accingerem
1413 1388 1465 1427 ad
1490 1393 1716 1456 susceptam
1734 1383 1967 1434 materiamJ

289 1444 407 1491 Quod
450 1452 582 1486 autem
619 1447 737 1487 etiam
776 1460 825 1486 ex
855 1446 1008 1486 ratione
1042 1451 1246 1487 ventorum
1291 1451 1333 1486 et
1362 1452 1492 1487 motus
1521 1447 1687 1498 marium
1718 1446 1859 1488 deduci
1890 1446 1965 1486 ard

172 1511 360 1558 gumenta
408 1506 614 1546 existimas
664 1519 732 1559 pro
776 1511 882 1546 motu
923 1506 1110 1555 Telluris,
1162 1506 1342 1559 equidem
1380 1513 1421 1546 et
1459 1518 1532 1560 ego
1563 1501 1781 1547 nonnullas
1817 1497 1966 1546 barii
1965 1506 1969 1509 ⁴

171 1577 299 1605 rerum
331 1564 592 1617 cogitationes
625 1566 769 1614 habe0;
809 1571 849 1606 et
886 1578 974 1605 cum
1015 1578 1138 1618 nuper
1170 1564 1443 1614 Galilaeus,
1483 1560 1700 1606 Patavinus
1731 1566 1966 1613 mathem'

172 1623 287 1673 tiens,
318 1623 358 1663 in
391 1625 516 1665 literis
550 1625 599 1664 ad
629 1638 689 1665 me
721 1625 880 1678 scriptis
913 1626 969 1672 (v,
1002 1637 1096 1677 pag.
1129 1621 1205 1673 40)
1238 1630 1413 1665 testatus
1451 1629 1583 1674 esset,
1622 1638 1665 1666 se
1703 1622 1959 1678 plurimam-1

173 1696 300 1724 rerum
339 1684 578 1724 naturalium
618 1697 758 1724 causas
803 1697 852 1724 ex
894 1684 1180 1738 hypothesibus
1223 1683 1431 1737 Copernici
1474 1685 1694 1725 rectissime
1732 1683 1947 1725 deduxis

172 1756 270 1795 quas
302 1743 369 1783 alii
400 1744 564 1784 reddere
597 1757 645 1784 ex
675 1744 834 1784 usitatis
867 1755 944 1783 non
974 1743 1150 1795 possint,
1184 1756 1309 1796 neque
1340 1748 1476 1784 tamen
1507 1743 1547 1784 in
1580 1743 1712 1798 specie
1745 1743 1904 1797 quidqu
1928 1741 1968 1798 ιζ

170 1809 506 1852 commemoraret,
528 1815 600 1856 ego
622 1804 694 1843 hoc
727 1803 773 1843 de
807 1803 926 1843 maris
959 1804 1064 1843 fluxu
1097 1803 1322 1855 suspicatus
1355 1816 1454 1844 sum.
1505 1802 1589 1844 Sed
1614 1809 1762 1852 tamen,
1788 1802 1962 1843 ubire,

173 1861 400 1913 diligentius
431 1863 643 1914 perpendo,
677 1876 751 1902 non
784 1863 960 1902 videmur
992 1876 1016 1902 a
1047 1862 1163 1902 Luna
1193 1862 1397 1903 discedere
1430 1862 1594 1912 debere,
1627 1862 1757 1916 quoad
1782 1856 1958 1906 ratione

173 1922 344 1961 fluxuum
386 1934 435 1961 ex
475 1935 522 1961 ea
561 1923 750 1962 deducere
791 1923 974 1975 quimus:
1014 1922 1117 1974 quod
1155 1922 1311 1974 quidem
1348 1922 1432 1962 fieri
1467 1934 1587 1975 posse
1619 1922 1817 1966 existimo.
1878 1919 1965 1971 Qu„

171 1980 274 2020 enim
305 1981 450 2021 Terrae
482 1982 605 2022 motui
637 1982 774 2022 tribuit
804 1987 951 2022 motum
983 1981 1174 2029 marium,
1208 1993 1313 2020 mere
1354 1981 1570 2021 violentum
1607 1986 1756 2022 motum
1789 1979 1934 2022 statuis
1960 2003 1964 2025 ς

172 2046 216 2080 at
247 2040 310 2092 qui
342 2040 479 2080 Lunae
511 2041 635 2080 maria
666 2041 760 2081 dicit
791 2041 1089 2088 adhaerescere,
1122 2053 1171 2080 ex
1200 2046 1319 2092 parte
1347 2041 1571 2080 naturalem
1602 2041 1710 2082 facit.
1932 2059 1965 2108 ’ᾗ

290 2098 407 2145 Quod
450 2101 497 2140 de
537 2101 658 2140 Phil.
693 2100 1032 2152 Landspergio
1073 2099 1232 2148 scribis,
1274 2099 1314 2139 id
1359 2105 1452 2140 ante
1491 2099 1622 2152 ipsum
1664 2099 1964 2159 Reinmaru'3

173 2159 329 2199 Ursus
362 2159 479 2199 fecit:
514 2160 613 2199 fixas
646 2160 868 2212 quiescere,
920 2160 1065 2200 Terrae
1098 2165 1278 2199 centrum
1309 2158 1531 2211 quiescere,
1571 2159 1817 2212 superficiem
1853 2158 1958 2200 cir

174 2224 374 2267 centrum,
417 2224 458 2259 et
495 2218 628 2259 Solem
661 2220 744 2271 (qui
776 2224 954 2259 centrum
985 2219 1039 2258 sit
1070 2218 1240 2258 omnium
1272 2217 1298 2259 5
1335 2219 1604 2271 planetarum)
1647 2218 1755 2260 circa
1795 2218 1933 2259 Terr

174 2278 422 2318 circumduci.
485 2279 594 2318 Idem
626 2279 706 2318 fere
739 2278 961 2330 Maginus
992 2278 1031 2318 in
1056 2278 1176 2318 Italia
1206 2277 1314 2325 fecit,
1346 2278 1527 2331 quamvis
1559 2283 1601 2319 et
1619 2276 1922 2319 circumferenti

174 2337 281 2390 globi
325 2337 471 2377 Terrae
514 2343 660 2378 motum
706 2339 755 2377 ad
793 2338 891 2377 fixas
928 2338 1158 2378 transferat.
1229 2337 1359 2386 Idem,
1409 2338 1481 2378 sed
1520 2337 1792 2391 philosophice
1830 2349 1938 2389 ωας,
1978 2342 1982 2383 ι’

175 2409 291 2450 quam
323 2397 610 2445 astronomice,
642 2397 902 2437 Roeslinus
934 2397 973 2437 in
1006 2396 1187 2445 Alsatia,
1223 2396 1327 2437 idem
1358 2397 1519 2450 Tycho
1550 2397 1705 2437 Brahe
1742 2396 1784 2437 in
1813 2393 1939 2436 Dau'

174 2456 238 2508 qui
267 2456 414 2508 primus
446 2456 621 2504 videtur,
651 2457 901 2508 praestitere.
964 2455 1152 2496 Summa:
1186 2456 1428 2509 hypotheses
1466 2469 1541 2496 non
1581 2468 1707 2495 novae
1738 2460 1850 2503 sunt,
1886 2467 1947 2506 s:¹
1972 2458 1978 2480 ἴ

166 2516 302 2569 ‘forma
333 2528 454 2564 nova;
487 2516 635 2555 mixtae
668 2529 723 2555 sc.
757 2521 849 2556 sunt
880 2529 928 2556 ex
959 2515 1131 2567 antiquis
1163 2520 1204 2554 et
1235 2515 1346 2555 novis
1377 2514 1597 2567 Copernici.
1659 2513 1745 2567 Ego
1781 2526 1876 2555 vero
1907 2531 1929 2565 ι(

174 2587 338 2615 censeo:
384 2587 471 2614 cum
514 2575 729 2615 astronomi
771 2576 998 2615 sacerdotes
1048 2574 1124 2614 Dei
1174 2574 1359 2614 altissimi
1409 2587 1457 2614 ex
1495 2578 1610 2626 parte
1651 2573 1743 2614 libri
1792 2578 1918 2626 nati-

179 2635 313 2683 simus,
346 2628 484 2674 decere
516 2647 592 2677 non
622 2634 768 2686 ingenii
801 2635 968 2683 laudem,
1001 2634 1071 2674 sed
1104 2631 1307 2674 Creatoris
1336 2632 1545 2685 praecipue
1577 2632 1734 2682 laudem
1760 2645 1887 2686 specu„

180 2692 258 2739 Qui
288 2694 360 2733 hoc
393 2693 469 2733 sibi
499 2706 728 2745 persuasum
761 2694 893 2737 habet,
925 2694 959 2733 is
985 2706 1060 2732 non
1090 2692 1203 2732 facile
1225 2692 1330 2732 aliud
1356 2692 1565 2744 quidquam
1590 2691 1628 2732 in
1654 2692 1781 2732 lucem
1799 2691 1894 2743 emit
1917 2700 1922 2702 ’

180 2765 296 2803 quam
328 2765 460 2792 secum
489 2754 574 2804 ipse
605 2753 741 2801 credit,
769 2765 841 2791 nec
872 2758 1017 2792 temere
1045 2752 1136 2804 quid
1166 2752 1204 2791 in
1237 2750 1518 2805 hypothesibus
1550 2756 1689 2800 mutat,
1710 2751 1787 2791 nisi
1811 2749 1924 2801 certis

181 2824 229 2850 ex
259 2811 338 2850 illis
369 2812 639 2864 phaenomena
670 2812 930 2852 demonstrari
960 2824 1077 2863 posse
1115 2815 1247 2862 speret
1259 2823 1272 2858 ;
1309 2822 1381 2849 nec
1424 2809 1585 2851 nimium
1624 2810 1847 2860 desiderat,
1889 2809 1918 2828 “

180 2882 325 2921 magna
354 2870 517 2919 lumina,
551 2872 821 2912 Ptolemaeum
853 2876 894 2910 et
925 2870 1183 2923 Copernicum
1214 2869 1305 2915 &c.‚
1343 2868 1582 2921 inventionis
1612 2869 1739 2921 gloria
1766 2881 1912 2923 praeve

180 2934 278 2968 tere.
338 2929 471 2981 Atque
505 2930 624 2970 etiam
655 2931 771 2980 mihi,
799 2930 860 2970 cui
889 2929 1192 2982 persuasissima
1222 2933 1284 2968 est
1315 2925 1523 2979 Copernici
1559 2928 1776 2978 sententia,
1818 2927 1916 2974 rel'

181 2992 244 3026 est
284 2987 387 3027 aliud
419 3000 654 3040 proponere,
699 2990 763 3029 vel
794 2989 834 3029 in
864 2989 1020 3030 laudem
1049 2986 1213 3040 ingenii,
1253 2986 1319 3027 vel
1356 2986 1407 3026 ad
1437 2986 1607 3040 gratiam
1637 2987 1854 3036 hominum,
1900 3004 1921 3037 ι,

182 3046 427 3086 absurditate
461 3049 680 3087 sententiae
711 3048 866 3099 plurimi
899 3048 1154 3088 offenduntur.
1217 3044 1374 3086 Sufficit
1409 3045 1507 3087 haec
1538 3045 1683 3098 gloria,
1721 3059 1840 3099 posse
1882 3048 1922 3091 θ’,

180 3104 358 3158 pernice,
402 3105 452 3145 ad
489 3118 671 3159 magnam
719 3120 827 3147 aram
870 3120 986 3148 sacra
1029 3104 1213 3154 facienti,
1262 3109 1400 3157 portas
1439 3106 1577 3158 templi
1612 3117 1701 3147 mea
1729 3104 1895 3147 inventi·
