2028 3242
802 92 843 125 α.
866 91 963 124 rebus
988 90 1203 134 anologicis.
1447 135 1450 137 Α
1484 49 1496 52 ἢ
1813 88 1897 133 305

191 196 289 236 Quod
310 196 460 229 Fabricio
485 197 526 230 de
550 198 653 230 sacris
685 196 898 239 procurandis
921 197 1076 238 temporis
1099 195 1258 238 reliquum
1289 196 1368 234 fuit,
1405 197 1590 230 collocabat
1624 197 1659 229 in
1689 196 1899 231 observandis

97 244 255 277 nimbos
278 244 495 277 admiratione
519 254 600 277 sane
624 244 726 288 digna
741 244 930 280 sedulitate.
954 243 1153 275 renuncians
1172 244 1274 284 primo
1291 243 1449 284 Tychoni,
1475 244 1613 286 posthac
1630 244 1787 286 Keplero‚
1814 254 1899 288 quae

96 296 214 324 notatu
238 291 387 334 digniora
418 292 452 324 in
478 292 570 324 coelo
594 291 883 346 deprehendisset,
917 295 1085 327 cometas,
1121 289 1253 322 stellam
1287 292 1366 323 anni
1402 289 1508 331 1004,
1545 291 1714 333 eclipsim
1739 290 1824 324 Solis
1848 292 1900 324 vel

97 338 215 373 Lean
229 338 484 378 observationes,
510 338 808 382 configurationes
798 338 994 380 migniores
1010 337 1219 378 planetarum
1236 346 1410 399 eorumque
1429 347 1553 371 cursus.
1602 338 1782 371 Detectam
1799 348 1822 371 a
1833 338 1899 372 Fa·

94 384 198 420 hicio
219 385 349 418 stellam
363 385 553 419 variabilem
576 386 611 418 ιιι
630 390 703 425 ceto
720 389 861 422 constat,
887 385 1051 426 ipsiusque
1075 393 1135 416 vox
1162 393 1235 422 „res
1258 385 1383 417 mirau
1385 407 1396 425 ,
1421 394 1487 427 qua
1512 385 1656 427 Keplero
1681 386 1900 419 variationem

97 431 215 465 stellae
236 432 373 470 indicat,
398 433 516 465 stellae
541 433 840 465 denominationem
862 431 981 463 indidit
1007 431 1112 469 ..mira
1136 431 1235 464 ceti“.
1265 431 1322 476 ⁴Si
1347 432 1540 474 quibusdam
1556 432 1638 465 fides
1658 432 1814 466 habenda
1836 438 1897 471 est,

97 479 186 523 apud
200 479 390 521 'l'ychonem
407 479 606 522 aliquamdiu
621 479 831 516 versabatun
857 478 1055 520 comparatis
1072 482 1184 510 autem
1200 478 1299 520 ipsius
1316 478 1428 512 literis.
1456 480 1489 511 in
1502 481 1617 522 quibus
1636 479 1704 511 alia
1720 489 1817 521 super
1834 481 1901 512 alia

97 530 223 563 movet.
246 527 282 559 ιιι
305 526 440 559 dubium
462 527 496 560 id
521 526 703 560 vocandum
728 531 797 563 est,
823 535 898 558 cum
922 535 964 558 ne
989 525 1086 557 verbo
1110 525 1242 568 quidem
1265 525 1327 558 hoc
1353 530 1490 569 tangat,
1516 532 1564 564 et,
1595 526 1786 559 describens
1810 527 1900 559 illam

97 573 239 612 stellam,
263 582 363 616 qnam
386 574 489 616 primo
514 573 696 607 observavit
720 582 808 605 anno
836 570 939 609 ¹596,
966 572 1086 605 addat:
1119 572 1211 604 nulla
1234 572 1312 604 mihi
1343 577 1423 606 tuuc
1447 574 1601 615 temporis
1632 574 1792 606 intererat
1816 574 1899 606 ami—

98 621 178 654 citia
203 629 278 654 cum
301 620 478 662 Tychone,
514 630 619 664 neque
642 620 788 663 Keplero
814 620 1034 662 responderit,
1061 628 1136 651 cum
1159 619 1211 652 hic
1237 620 1272 652 id
1295 625 1450 661 spectans
1474 621 1708 664 quaesivisset:
1746 621 1902 663 „quinam

27 700 33 703 .
97 668 146 700 tui
169 667 302 700 fuerunt
324 667 361 700 in
385 669 586 700 astronomia
608 677 810 711 progressus,
836 671 871 699 et
894 667 1036 708 quando,
1063 671 1097 699 et
1121 676 1180 708 per
1202 666 1327 709 quos'?“

189 713 317 747 Publici
335 715 417 756 juris
440 715 520 748 fecit
544 715 708 757 quaedam
732 714 949 757 Prognostica
983 718 1017 746 et
1049 714 1299 756 descriptionem
1329 714 1446 747 stellae
1472 723 1579 747 novae
1610 714 1689 746 anni
1717 711 1807 746 1604
1838 715 1899 752 bis,

100 761 240 794 alteram
262 762 470 806 germanico,
496 762 637 795 alteram
660 762 763 794 latino
788 771 938 794 sermone
963 762 1192 803 conscriptam.
1242 760 1431 794 Secundum
1453 761 1594 794 Joecher
1608 761 1767 794 iLexicon
1793 766 1902 795 exstat

98 808 245 850 ejusdem
271 807 523 847 ..Ostlriesiscbe
548 808 746 842 Chronika⁴⁶

190 855 356 888 Momm
390 856 575 889 Fabricium
609 866 696 888 anno
737 853 824 886 161⁷
859 855 996 887 nunciat
1032 854 1176 897 Keplero
1210 855 1359 888 Joannes
1396 855 1553 888 Remus
1590 856 1624 887 in
1658 855 1762 888 literis
1798 855 1831 888 d.
1866 856 1898 888 d.

99 900 132 934 4.
159 901 236 935 Oct.
266 900 355 935 ¹81⁹
380 903 430 935 his
455 904 576 936 verbis:
617 903 748 941 „audivi
771 902 884 940 hodie,
922 902 1109 934 Fabricium
1135 911 1158 934 a
1181 903 1310 935 rusticis
1334 903 1546 935 interemtum
1569 902 1669 934 fuisse
1704 907 1783 935 ante
1809 903 1900 936 bien·

99 950 203 982 nium.
254 950 351 983 Certe
376 951 487 987 doleo,
514 952 541 983 si
564 960 675 983 verum
699 950 784 983 est-‘⁴
835 949 888 981 Ad
912 948 996 982 haec
1021 949 1184 991 Keplerus
1210 950 1396 991 respondit:
1434 949 1548 988 „Deus
1573 947 1726 982 meliora!
1774 949 1901 982 Rumo-

99 1007 169 1030 rcm
193 997 312 1030 falsum
334 1002 433 1039 puto;
458 998 647 1030 mitissimus
672 1001 744 1030 erat
768 997 947 1029 Fabricius.
953 996 970 1010 “
1021 996 1158 1028 Minime
1183 1002 1294 1029 autem
1321 997 1423 1030 falsus
1449 1002 1522 1029 erat
1545 1006 1669 1034 rumor3
1696 1006 1766 1029 rem
1789 998 1840 1030 ita
1864 1007 1901 1030 se

97 1044 221 1078 habere
243 1049 382 1077 narrant
404 1045 576 1086 scriptores
600 1054 708 1077 rerum
733 1044 803 1076 Fris
788 1045 947 1080 sicarum,
982 1044 1035 1085 qui
1066 1043 1212 1081 addunt,
1249 1045 1407 1077 rusticum
1433 1043 1641 1076 Ostelensem
1674 1043 1736 1076 hoc
1771 1044 1901 1077 facinus

100 1091 300 1124 commisisse
322 1092 444 1124 iratum
468 1091 761 1135 significationibus
785 1090 875 1123 haud
900 1091 1056 1128 obscuris,
1082 1091 1197 1145 quibus
1214 1091 1383 1135 Fabricius
1407 1096 1520 1134 pastor
1543 1092 1578 1124 in
1595 1091 1752 1124 concione
1769 1091 1903 1134 publica

101 1148 175 1171 enm
198 1138 278 1171 furti
385 1139 457 1171 erit.

192 1148 503 1223 Ιιιὶοῐὲεέαλιιιοιι,
529 1195 610 1228 quas
635 1184 766 1218 exhibet
788 1184 850 1216 vol.
869 1184 909 1216 X.
935 1183 1016 1216 Mss.
1042 1184 1191 1226 Petrop„
1218 1194 1351 1216 numero
1377 1189 1455 1218 sunt
1479 1183 1536 1221 41
1562 1185 1700 1226 Kepleri
1716 1183 1749 1219 8
1775 1185 1902 1218 duabus

98 1236 230 1266 mmm
257 1232 376 1266 harum
401 1233 595 1275 deperditis,
621 1242 643 1265 a
667 1231 724 1264 23.
743 1231 833 1264 Junii
864 1229 947 1262 1601
978 1231 1022 1263 ad
1047 1230 1103 1263 22.
1130 1231 1243 1264 Martii
1270 1230 1371 1264 1609.
1420 1232 1585 1274 Keplerus
1615 1233 1702 1274 prior
1732 1233 1905 1268 obmutuit.

97 1279 247 1312 ultimum
271 1279 495 1312 d.10.Nov.
526 1277 614 1310 1608
638 1280 840 1321 perscribens
865 1279 1032 1317 Fabricio,
1068 1280 1122 1320 qui
1156 1279 1200 1312 ad
1235 1279 1295 1311 has
1332 1279 1446 1312 literas
1472 1279 1525 1312 die
1559 1279 1691 1312 demum
1715 1278 1772 1311 22.
1798 1279 1898 1312 Mart.

100 1323 191 1358 18⁰9
217 1331 335 1359 contra
355 1337 480 1359 morem
503 1327 662 1358 usitatum
684 1326 862 1367 respondit.
913 1325 1076 1363 Causam,
1109 1326 1149 1358 ob
1173 1335 1271 1368 quam
1295 1326 1463 1359 Fabricius
1489 1337 1511 1359 a
1536 1331 1691 1359 consueto
1715 1336 1805 1359 more
1834 1331 1903 1359 sta-

97 1374 158 1406 tim
181 1373 399 1415 respondendi
423 1373 609 1406 discesserit
632 1373 859 1414 Keplerusque
884 1372 929 1404 ad
952 1373 1085 1404 ultimas
1110 1373 1252 1406 Fabricii
1277 1373 1390 1406 literas
1414 1384 1481 1406 non
1504 1373 1726 1419 responderit,
1757 1373 1904 1406 invenies

97 1421 132 1453 in
154 1420 361 1463 praefatione
385 1425 499 1453 nostra
523 1420 566 1453 ad
591 1420 836 1452 Commentaria
859 1419 989 1451 Martis.

192 1467 327 1500 Initium
350 1467 505 1510 epistolas
530 1467 631 1500 dandi
654 1467 876 1509 reddendique
901 1467 986 1499 fecit
1002 1466 1173 1499 Fabricius
1195 1466 1246 1498 his
1271 1466 1315 1500 ad
1338 1466 1520 1509 Keplerum
1544 1467 1630 1500 datis
1654 1467 1777 1500 literis:

195 1538 509 1571 Eruditissimo
534 1542 576 1570 et
597 1537 988 1579 praestantissimo
1012 1535 1056 1568 D.
1082 1535 1131 1568 M.
1155 1536 1188 1568 J.
1214 1535 1423 1578 Keplero,
1455 1536 1627 1570 divinae
1662 1537 1903 1570 matheseos

98 1585 263 1619 cultori
300 1595 375 1627 per
410 1585 682 1618 Germaniam
719 1584 979 1616 clarissimo.
1021 1582 1205 1615 Domino
1243 1588 1287 1616 et
1323 1585 1456 1616 amico
1493 1593 1567 1616 suo
1597 1583 1782 1618 Uranico
1815 1585 1902 1626 plu·

97 1633 241 1665 timum
264 1632 457 1664 colendo.

194 1677 229 1712 S.
247 1678 286 1712 P.
311 1678 420 1711 Tuum
443 1689 485 1712 ex
508 1677 619 1719 styria
641 1677 782 1710 reditum
806 1687 864 1718 per
889 1677 1070 1718 complures
1095 1677 1164 1710 dies
1190 1678 1311 1710 frustra
1336 1678 1535 1719 exspectavi.
1585 1677 1674 1709 Nihil
1691 1678 1824 1710 sanein
1839 1678 1904 1711 hac

97 1735 176 1761 mea
196 1727 461 1768 peregrinan'one
485 1726 632 1758 Uranica
655 1725 734 1756 mihi
758 1725 885 1766 gratius
911 1725 1063 1756 accidere
1087 1726 1258 1765 potuisset,
1285 1735 1385 1767 quam
1408 1725 1520 1757 videre
1546 1730 1581 1757 et
1605 1725 1720 1757 audire
1745 1735 1902 1766 praesen-

98 1777 183 1811 tem,
200 1783 310 1816 'quem
334 1773 506 1806 absentem
530 1772 629 1804 dilexi
652 1772 842 1813 plurimum,
881 1777 914 1802 et
937 1776 1069 1812 propter
1100 1771 1269 1804 liberalem
1294 1772 1531 1809 eruditionem,
1566 1782 1629 1804 nec
1652 1781 1719 1804 non
1744 1773 1846 1804 animi
1869 1774 1904 1805 in

98 1820 256 1855 abstrusis
278 1819 425 1853 Uraniae
454 1821 617 1860 mysteriis
640 1819 840 1861 inquirendis
864 1819 1031 1850 heroicam
1055 1819 1317 1860 magnitudinem
1333 1819 1471 1850 multum
1494 1828 1567 1851 sum
1582 1823 1770 1852 veneratus.
1821 1819 1905 1852 Cum

97 1877 174 1900 vero
198 1871 232 1900 et
256 1867 355 1899 officii
370 1868 436 1900 mei
461 1872 494 1899 et
518 1868 606 1899 vitae
630 1868 714 1898 ratio
738 1876 804 1898 non
829 1866 998 1907 permittat
1028 1865 1215 1898 ulteriorem
1238 1867 1273 1898 in
1297 1866 1395 1899 hisce·
1411 1866 1492 1898 locis
1517 1876 1659 1903 moram,
1699 1875 1798 1908 cogor
1821 1876 1903 1899 saue

18 1903 28 1921 ¹
98 1913 150 1946 vel
171 1915 292 1947 invitus
315 1924 442 1957 quoque
466 1913 646 1947 Uranicam
670 1913 758 1944 hanc
795 1918 829 1944 et
854 1913 940 1944 omni
972 1917 1108 1944 nectare
1143 1917 1176 1944 et
1213 1913 1378 1945 ambrosia
1413 1914 1594 1946 suaviorem
1619 1914 1902 1946 conversationem

99 1961 302 2003 abrumpere.
342 1961 458 1994 Pauca
473 1961 557 1994 haec
582 1960 831 1992 festinabundus
848 1961 1043 2002 consignare
1059 1960 1157 1996 volui,
1177 1970 1239 2001 quo
1257 1961 1303 1992 sic
1320 1961 1387 1992 mei
1409 1961 1568 1992 memoria
1583 1961 1720 1993 subinde
1737 1961 1902 1993 excolere-

98 2012 152 2040 tur
174 2012 210 2041 et
232 2008 367 2041 ulterius
383 2009 469 2040 inter
492 2018 551 2040 nos
566 2008 668 2040 literis
685 2007 804 2039 crebris
822 2007 952 2039 occasio
970 2007 1112 2039 daretur.
1150 2006 1278 2039 Detulit
1301 2007 1380 2039 mihi
1398 2007 1484 2039 doct.
1498 2009 1627 2048 Juvenis
1643 2007 1687 2039 D.
1701 2007 1735 2040 J.
1752 2007 1901 2047 Eriksen,

98 2059 132 2088 te
148 2065 215 2088 non
238 2056 288 2088 ita
310 2065 414 2097 nuper
434 2055 597 2098 quaedam
621 2055 662 2086 de
679 2054 910 2086 directionibus
937 2058 970 2085 et
996 2054 1067 2085 aliis
1092 2055 1125 2085 in
1142 2064 1250 2086 meam
1275 2055 1418 2096 gratiam
1431 2055 1655 2097 consignasse.
1693 2055 1899 2096 Exspectabo

98 2102 157 2135 illa
177 2102 283 2144 prima
307 2103 491 2135 occasione.
540 2101 575 2134 Si
594 2101 670 2143 quid
694 2102 729 2132 ιιι
749 2101 951 2143 astrologicis
977 2106 1011 2132 et
1034 2102 1311 2143 meteorologicis,
1346 2102 1414 2133 sive
1439 2101 1480 2133 de
1506 2103 1692 2156 aspectibus
1714 2103 1812 2134 variis
1837 2102 1898 2133 ob-

103 2153 268 2182 servatum
290 2148 456 2187 habueris,
481 2157 549 2181 una
565 2158 686 2190 quaeso
709 2148 834 2180 mittas.
876 2147 1015 2179 Habebo
1038 2149 1086 2180 sic
1111 2149 1338 2185 occasionem,
1373 2149 1414 2180 de
1438 2149 1536 2180 variis
1560 2149 1656 2181 rebus
1688 2149 1732 2181 ad
1757 2154 1790 2181 te
1816 2150 1896 2181 scri·

15 2193 18 2196 ’
42 2227 43 2230 ,
98 2196 209 2228 bendi.
259 2196 330 2238 Ego
355 2206 431 2228 mea
455 2197 565 2228 omnia
588 2195 648 2226 tibi
674 2195 795 2229 defero.
821 2194 1002 2226 amicitiam
1027 2199 1119 2226 tuam
1143 2196 1241 2226 unice
1265 2204 1386 2238 rogans
1411 2199 1447 2227 et
1470 2200 1636 2237 expetens.

196 2241 300 2275 Hisce
328 2243 443 2284 paucis
468 2242 541 2274 vale
566 2246 601 2274 et
624 2241 808 2273 Fabricium
839 2246 919 2272 tuae
952 2242 1080 2273 virtutis
1105 2241 1270 2273 Uranicae
1296 2242 1528 2275 admiratorem
1559 2247 1594 2275 et
1632 2247 1815 2274 amatorem
1839 2242 1899 2273 tibi

12 2270 43 2303 ’.ἲ
98 2289 363 2323 commendatum
397 2289 529 2321 habeto.
576 2287 663 2319 Vale
687 2288 867 2329 iterumque
892 2287 980 2324 vale,
1019 2289 1110 2330 vige,
1148 2288 1227 2319 flore
1262 2292 1296 2320 et
1320 2288 1468 2320 Nestoris
1503 2290 1575 2321 vive
1609 2299 1714 2321 annos
1751 2290 1898 2330 viresque

98 2341 174 2369 tuas
198 2337 308 2368 morbo
346 2340 380 2368 et
404 2336 564 2368 diuturnis
587 2334 739 2367 Uranicis
776 2335 859 2366 curis
896 2335 1045 2372 attritas,
1077 2335 1245 2366 confectas
1283 2339 1317 2366 et
1349 2335 1527 2367 exhaustas
1562 2340 1725 2367 restauret
1758 2340 1792 2366 et
1820 2345 1900 2366 con-

98 2383 207 2416 firmet
242 2383 353 2415 divina
377 2383 573 2420 clementia,
612 2381 665 2414 cui
688 2385 734 2418 te,
758 2391 892 2414 uxorem
916 2384 1020 2418 tuam,
1046 2391 1098 2414 me
1136 2386 1170 2414 et
1203 2391 1315 2414 omnes
1339 2381 1498 2414 Uranicos
1523 2383 1640 2414 fratres
1664 2383 1726 2423 piis
1749 2382 1900 2423 precibus

26 2433 41 2468 34?
103 2430 306 2464 commendo.

198 2476 349 2520 Raptim,
374 2476 506 2520 Pragae
530 2476 565 2508 in
589 2485 672 2508 novo
697 2474 904 2517 Uraniburgo
929 2474 960 2506 d.
988 2472 1044 2505 23.
1070 2475 1148 2507 Jun.
1175 2472 1277 2506 1601.

1040 2521 1132 2553 Tuae
1156 2521 1387 2554 Praestantiae
1412 2522 1714 2554 observantissimus

881 2567 925 2599 D.
951 2569 1192 2605 Fabricius,
1218 2570 1305 2611 Aug.
1332 2568 1425 2600 Conf.
1449 2570 1483 2601 in
1509 2568 1565 2601 Or.
1590 2569 1696 2601 Frisia
1718 2569 1876 2604 minister.

205 2654 354 2695 Apparet
377 2662 418 2684 ex
441 2651 491 2683 his
515 2652 635 2688 literis,
673 2650 858 2684 Fabricium
882 2651 984 2691 primo
1008 2651 1138 2681 statim
1146 2659 1304 2692 aggressu
1337 2651 1478 2683 mediam
1503 2652 1538 2682 in
1562 2661 1647 2688 rem,
1680 2651 1714 2683 h.
1738 2661 1769 2684 e.
1796 2656 1900 2684 astro·

31 2709 45 2741 :g
105 2700 250 2743 logiam,
286 2699 458 2738 incidisse,
490 2708 586 2741 quem
617 2698 716 2729 finem
745 2698 778 2728 in
803 2698 1012 2739 sequentibus
1037 2706 1134 2738 quam
1158 2697 1302 2738 plurimis
1335 2698 1435 2729 literis
1468 2708 1534 2729 non
1557 2702 1721 2730 mutatum
1756 2699 1902 2731 retinuit.

35 2738 50 2765 .‘
104 2746 255 2788 Integras
286 2747 509 2788 proposuimus
541 2745 602 2777 has
626 2745 739 2776 literas
774 2742 914 2783 (omissis
939 2745 1069 2775 tansum
1093 2744 1206 2798 paucis
1239 2745 1342 2785 iisque
1367 2743 1552 2784 levioribus)
1591 2754 1665 2776 eam
1690 2746 1730 2777 ob
1754 2754 1902 2782 causam,

31 2809 49 2835 ι».
103 2797 143 2825 nt
164 2793 307 2826 Fabricii
328 2797 446 2834 pateat
468 2792 583 2824 modus
608 2791 781 2828 scribendi,
810 2801 905 2832 quem
931 2791 1070 2823 eundem
1093 2791 1127 2821 in
1159 2800 1356 2832 unaquaque
1386 2792 1567 2823 observavit
1591 2792 1730 2833 epistola
1752 2792 1903 2825 laudibus

31 2838 51 2875 ’,ἵζε
104 2840 240 2882 Kepleri
269 2840 386 2881 plena,
412 2839 599 2878 „Uraniae“
628 2844 662 2870 et
679 2838 886 2880 Astrologiae
910 2847 1036 2878 semper
1060 2847 1095 2868 se
1113 2837 1281 2869 addictum
1305 2838 1471 2875 exhibens,
1497 2839 1802 2881 observationesque
1826 2848 1904 2872 suas

32 2880 51 2942 Ξ
104 2888 246 2929 ingenue
269 2886 413 2928 Keplero
438 2887 682 2918 communicans
707 2887 840 2926 ejusque
862 2885 1000 2918 consilia
1023 2888 1057 2916 et
1080 2889 1259 2925 praecepta
1281 2889 1446 2926 expetens.

199 2933 343 2975 Keplero
375 2933 504 2966 tacenti
534 2934 638 2964 instat
661 2931 851 2968 Fabricius,
888 2932 992 2963 donec
1026 2931 1100 2966 ille.
1136 2934 1174 2963 ut
1196 2932 1266 2972 ipse
1290 2932 1325 2963 in
1347 2932 1496 2974 margine
1532 2933 1718 2973 posterioris
1744 2932 1902 2974 epistolae

35 2972 54 3020 2³2³„-
107 2984 257 3017 annotat,
282 2980 424 3012 Fabricii
448 2979 608 3012 desiderio
633 2979 797 3011 satisfacit
821 2976 895 3018 (18.
920 2978 986 3010 Jul.
1016 2976 1132 3017 1602).
1180 2977 1259 3020 Ipsa
1283 2979 1415 3020 quidem
1433 2979 1517 3011 haec
1536 2979 1676 3020 epistola
1693 2979 1796 3016 deest,
1822 2989 1899 3012 cum

41 3027 56 3041 ⁴
108 3030 220 3059 autem
243 3036 262 3058 e
286 3027 426 3058 Fabricii
450 3027 661 3069 responsione
685 3030 868 3067 appareant
892 3025 1070 3068 quaedam,
1107 3035 1192 3067 quae
1216 3025 1380 3067 Keplerus
1414 3026 1449 3058 in
1474 3025 1645 3068 deperdita
1679 3025 1736 3059 illa
1760 3027 1901 3068 epistola

200 3083 317 3116 sepum
335 3084 427 3116 open
443 3084 466 3110 1.
1578 3083 1624 3117 20
