2028 3242
205 66 217 106 1
228 64 283 106 26
882 61 1028 102 Mystes-ii
1056 60 1321 102 Cosmographici

797 167 855 209 IN
889 165 1075 207 CAPUT
1107 164 1417 206 SECUNDUM

902 248 1054 281 NOTAE
1080 246 1318 280 Aucroms.

307 319 348 366 a)
380 322 409 356 Ο
430 321 527 356 male
547 318 703 357 factum!
760 321 791 355 E
811 322 990 355 mundone
1011 320 1229 365 ejiciamus?
1268 320 1343 354 Imo
1363 317 1587 364 postliminio
1613 317 1785 354 revocavi
1804 318 1842 353 in
1861 318 2015 354 Harmo-

198 375 295 410 nicis.
355 375 426 409 Cur
445 378 570 409 autem
589 373 802 419 ejiciamus?
842 377 900 408 An
921 374 1006 419 quia
1033 373 1197 408 infinitae
1219 377 1258 407 et
1277 372 1381 418 proin
1411 372 1544 406 ordinis
1565 370 1710 407 minime
1729 375 1913 418 capaces?
1947 374 2016 406 At-

200 429 258 475 qui
288 440 359 462 non
380 428 494 473 ipsae,
528 428 590 462 sed
614 438 696 462 mea
715 426 813 461 illius
834 428 1008 472 temporis
1029 426 1185 468 inscitia,
1216 426 1411 460 communis
1444 425 1530 460 mihi
1551 436 1631 460 cum
1650 425 1847 472 plerisque,
1882 424 2017 460 ordinis

201 483 346 517 illarum
371 481 515 516 minime
535 491 659 526 capax
679 484 775 516 erat.
833 481 962 526 Itaque
989 480 1051 514 lib.
1075 481 1102 514 Ι.
1132 479 1432 514 Harmoniam-um
1463 483 1502 513 et
1527 479 1709 514 delectum
1735 478 1893 524 aliquem
1922 478 2019 513 inter

202 535 362 570 infinitas
383 534 487 568 docui
517 539 556 568 et
576 534 735 568 ordinem
762 534 798 567 in
819 533 861 567 iis
891 532 1172 578 pulcherrimum
1200 533 1235 567 in
1256 533 1372 567 lucem
1399 532 1550 578 protuli.
1606 532 1700 567 Nam
1731 543 1796 567 cur
1813 532 1932 567 lineas
1952 542 2018 566 nos

201 601 249 623 ex
277 588 482 633 archetypo
512 588 633 621 mundi
664 586 900 628 eliminemus,
935 597 1014 621 cum
1042 586 1159 620 lineas
1178 586 1280 620 Deus
1310 597 1420 631 opere
1449 585 1529 630 ipso
1555 585 1795 631 expresserit,
1827 589 1947 620 motus
1968 596 2017 619 sc.

202 643 461 687 planetarum?
518 640 666 686 Lingua
685 639 801 686 igitur
821 639 1050 686 corrigenda,
1072 651 1172 674 mens
1194 640 1363 674 tenenda.
1421 639 1461 673 In
1481 650 1672 684 corporum
1691 650 1853 680 numero,
1883 638 2018 684 sphae-

202 706 324 729 rarum
344 693 584 739 amplitudine
606 694 864 728 constituenda
892 693 1060 738 primitus
1091 692 1323 728 eliminentur
1351 703 1441 727 sane
1469 692 1607 728 lineae:
1636 697 1676 728 at
1702 692 1740 728 in
1758 692 1928 734 motibus,
1959 691 2019 738 qui

203 748 309 782 lineis
330 746 578 793 perficiuntur,
614 746 835 782 exornandis
866 759 910 780 ne
931 750 1204 781 contemnamus
1231 746 1348 780 lineas
1376 750 1415 780 et
1442 746 1664 796 superficies,
1698 757 1792 792 quae
1813 745 1916 781 solae
1935 756 2019 791 pro-

204 801 411 846 portionum
430 800 722 835 harmonicarum
743 804 829 834 sunt
849 800 964 846 origo.

311 850 350 898 b)
380 854 517 899 Ingens
546 853 736 888 discrimen
765 858 985 899 argumento
1015 853 1196 887 nominum
1225 857 1284 886 est
1312 851 1409 886 inter
1438 852 1517 887 fixa
1544 857 1583 887 et
1601 851 1767 893 mobilia;
1797 863 1862 888 cur
1880 864 1951 888 non
1971 851 2019 887 sit

205 907 352 952 aliquod
372 907 484 941 etiam
515 906 550 941 in
570 906 761 952 utriusque
781 907 929 952 generis
950 906 1221 941 exornatione?
1279 905 1366 945 Quis
1390 905 1523 940 ordinis
1549 905 1857 951 pulchritudinem
1882 905 2018 941 intelli-

203 965 323 1006 geret,
354 959 384 993 si
405 971 476 994 non
496 959 607 1004 juxta
626 965 794 994 cerneret
813 960 970 994 fixarum
990 959 1192 994 exercitum
1219 958 1353 992 ordinis
1374 962 1595 1004 expertem?
1652 959 1740 999 Quis
1761 959 2019 995 astronomiam

204 1014 372 1054 disceret,
402 1012 431 1046 si
451 1017 636 1058 perpetua
656 1017 755 1047 esset
775 1013 972 1047 similitudo
993 1012 1329 1047 schematismorum
1356 1023 1421 1046 seu
1441 1011 1790 1047 constellationum?
1844 1013 1915 1047 Est
1933 1023 2020 1047 suus

205 1066 328 1101 formis
349 1070 513 1107 ornatus,
549 1069 608 1100 est
634 1070 673 1099 et
704 1066 896 1101 materiae.
955 1065 1011 1101 Sit
1036 1066 1153 1112 igitur
1177 1065 1330 1111 propria
1355 1066 1535 1100 materiae
1561 1070 1600 1100 et
1631 1065 1788 1111 pulchra
1811 1065 2020 1106 exornatio,

206 1130 300 1165 quae
321 1119 423 1154 facta
442 1123 501 1153 est
533 1130 598 1164 per
617 1119 795 1153 infinitam
815 1123 854 1154 et
873 1120 1003 1154 molem
1031 1124 1070 1153 et
1087 1118 1357 1154 multitudinem
1382 1123 1422 1153 et
1443 1118 1664 1154 varietatem
1686 1119 1764 1154 tam
1792 1119 1884 1154 situs
1913 1129 2020 1165 quam

206 1170 467 1218 magnitudinis
488 1172 755 1218 claritatisque.
1430 1183 1441 1188 ·

311 1222 348 1271 c)
383 1224 536 1268 (Annot.
568 1226 750 1270 antiqua.)
809 1227 1007 1270 Corporum
1028 1225 1201 1260 nobilitas
1232 1231 1290 1259 est
1318 1237 1367 1259 ex
1388 1225 1624 1270 simplicitate
1653 1229 1692 1260 et
1721 1237 1770 1261 ex
1790 1225 2022 1272 aequalitate

204 1278 401 1313 distantiae
422 1279 612 1323 planorum
634 1290 657 1313 a
677 1284 803 1313 centro
823 1279 980 1324 figurae.
1039 1278 1142 1314 Sicut
1162 1279 1255 1313 enim
1275 1289 1403 1313 norma
1431 1283 1467 1314 et
1489 1279 1624 1326 regula
1648 1283 1902 1315 creaturarum
1919 1278 2022 1313 Deus

206 1338 274 1373 est,
297 1332 349 1366 sic
370 1332 533 1376 sphaera
553 1343 758 1376 corporum.
814 1331 929 1376 Atqui
948 1342 997 1371 ea
1014 1331 1130 1366 habet
1149 1332 1266 1366 dictas
1286 1331 1550 1377 proprietates.
1594 1329 1633 1377 l)
1652 1333 1723 1368 Est
1741 1331 2022 1378 simplicissima,

206 1385 293 1431 quia
312 1396 384 1419 uno
405 1385 590 1419 clauditur
612 1385 778 1426 termino,
800 1396 839 1419 se
860 1385 943 1430 ipsa
964 1385 1115 1419 scilicet.
1157 1383 1199 1428 2)
1222 1384 1353 1419 Omnia
1366 1385 1447 1429 ejus
1466 1389 1605 1430 puncta
1618 1385 1876 1430 aequalissime
1897 1395 1921 1420 a
1939 1396 2022 1420 cen-

206 1445 263 1473 tro
279 1437 432 1472 distant.
474 1438 534 1472 Ex
549 1438 761 1482 corporibus
777 1438 892 1484 igitur
904 1432 1070 1483 proxime
1084 1439 1264 1472 accedunt
1277 1437 1469 1484 regularia
1489 1440 1535 1473 ad
1549 1439 1734 1484 sphaerae
1745 1434 2022 1484 perfectionem.

208 1493 344 1526 Eorum
364 1490 524 1524 definitio
551 1491 643 1525 haec
663 1496 731 1532 est,
766 1496 808 1525 ut
827 1491 994 1525 habeant
1024 1488 1064 1534 1)
1087 1491 1206 1526 omnia
1235 1492 1372 1532 latera,
1402 1489 1442 1533 2)
1462 1492 1588 1537 plana,
1620 1490 1659 1533 3)
1681 1492 1852 1539 angulos,
1873 1491 2025 1537 singula

211 1543 385 1589 aequalia
404 1548 443 1577 et
463 1543 584 1588 specie
605 1548 644 1578 et
662 1544 927 1589 magnitudine,
959 1546 1053 1589 quod
1073 1549 1131 1579 est
1158 1544 1423 1589 simplicitatis:
1457 1555 1565 1590 quam
1590 1544 1751 1590 positam
1779 1544 2024 1580 definitionem

213 1597 380 1642 sequitur
410 1596 499 1630 illud
532 1597 642 1637 ultro,
677 1598 771 1642 quod
804 1594 846 1639 4)
868 1597 1024 1631 omnium
1056 1598 1247 1642 planorum
1282 1602 1412 1632 centra
1443 1597 1651 1644 aequaliter
1683 1609 1707 1633 a
1736 1598 1855 1633 medio
1875 1597 2024 1638 distent,

213 1649 251 1691 5)
275 1651 368 1696 quod
390 1649 570 1694 inscripta
588 1650 702 1696 globo
723 1650 887 1684 omnibus
909 1650 1057 1696 angulis
1079 1655 1242 1696 tangant
1263 1650 1502 1695 superficiem,
1527 1649 1570 1696 6)
1592 1653 1686 1697 quod
1706 1651 1744 1687 in
1762 1662 1810 1686 ea
1827 1652 2023 1691 haereant,

214 1700 255 1748 Τ)
279 1704 374 1749 quod
399 1702 615 1748 inscriptum
641 1704 793 1748 globum
820 1703 985 1738 omnibus
1014 1705 1209 1750 planorum
1236 1704 1369 1738 centris
1399 1708 1575 1751 tangant,
1616 1701 1659 1750 8)
1679 1706 1773 1750 quod
1800 1704 1952 1750 proinde
1971 1703 2027 1738 in—

213 1757 371 1801 scriptus
392 1756 528 1801 globus
547 1756 703 1791 haereat
722 1756 902 1798 immotus,
943 1753 985 1801 9)
1007 1762 1045 1791 et
1065 1759 1159 1802 quod
1178 1757 1271 1791 idem
1291 1762 1456 1792 centrum
1486 1758 1627 1793 habeat
1652 1769 1732 1793 cum
1750 1758 1883 1804 figura.
1940 1756 2027 1798 Qui-

213 1812 280 1844 bus
300 1810 411 1843 rebus
432 1809 589 1844 efficitur
619 1810 740 1845 altera
769 1809 966 1844 similitudo
987 1822 1067 1844 cum
1087 1811 1267 1896 sphaera,
1302 1821 1395 1855 quae
1422 1815 1480 1846 est
1505 1823 1555 1846 ex
1574 1811 1804 1858 aequalitate
1823 1809 2026 1846 distantiae

214 1863 417 1908 planorum.

321 1913 358 1957 d)
392 1915 565 1950 Scholion
586 1920 710 1950 autem
741 1915 832 1950 illud
862 1916 917 1950 ita
937 1922 1066 1951 sonat:
1094 1916 1167 1960 Ajo
1187 1927 1274 1950 vero
1301 1921 1452 1960 praeter
1472 1916 1589 1952 dictas
1611 1918 1768 1964 quinque
1796 1919 1935 1965 figuras
1955 1927 2028 1952 non

215 1979 325 2014 posse
358 1967 468 2002 aliam
501 1968 673 2002 constitui
702 1969 859 2014 figuram
890 1969 1056 2010 solidam,
1090 1979 1184 2028 quae
1214 1969 1335 2014 planis
1367 1973 1407 2004 et
1439 1970 1676 2015 aequilateris
1705 1975 1744 2006 et
1769 1968 2028 2017 aequiangulis

216 2021 451 2056 contineatur
473 2021 570 2055 inter
600 2033 639 2054 se
669 2022 899 2067 aequalibus.
955 2022 1037 2056 Non
1057 2021 1151 2056 enim
1171 2034 1219 2056 ex
1240 2022 1380 2056 duobus
1400 2022 1611 2070 triangulis,
1643 2025 1706 2060 sed
1727 2035 1846 2070 neque
1875 2035 1925 2058 ex
1944 2020 2027 2058 aliis

217 2075 358 2109 duabus
385 2073 513 2119 figuris
534 2074 670 2108 solidus
692 2075 936 2109 constituetur
956 2075 1129 2120 angulus.
1186 2075 1257 2109 Sed
1287 2087 1335 2109 ex
1355 2075 1472 2110 tribus
1499 2076 1700 2123 triangulis
1738 2081 1886 2112 constat
1913 2085 2026 2122 pyra-

217 2127 319 2162 midis
340 2127 512 2172 angulus.
567 2127 629 2161 Ex
649 2131 807 2172 quatuor
826 2133 950 2162 autem
969 2128 1145 2162 octaedri.
1201 2129 1261 2162 Ex
1281 2128 1440 2174 quinque
1460 2141 1547 2164 vero
1566 2130 1759 2166 icosaedri.

324 2181 385 2215 Ex
411 2179 611 2226 triangulis
638 2191 706 2214 sex
733 2186 772 2215 et
806 2181 1045 2226 aequilateris
1086 2186 1125 2215 et
1162 2181 1422 2227 aequiangulis
1461 2185 1508 2217 ad
1547 2183 1640 2219 idem
1682 2187 1857 2230 punctum
1893 2194 2026 2219 coeun-

219 2234 317 2268 tibus
343 2245 417 2267 non
441 2233 506 2267 fiet
532 2234 694 2278 angulus
724 2234 872 2269 solidus.
930 2235 1018 2269 Cum
1038 2234 1133 2268 enim
1161 2235 1339 2280 trianguli
1370 2236 1591 2281 aequilateri
1621 2238 1783 2284 angulus
1809 2236 1903 2272 recti
1922 2235 2026 2272 unius

219 2289 363 2321 bessem
391 2281 470 2329 (²l3)
502 2286 709 2327 contineat,
743 2291 851 2322 erunt
880 2287 1058 2332 ejusmodi
1088 2299 1156 2322 sex
1188 2288 1317 2334 anguli
1347 2289 1458 2323 rectis
1491 2294 1649 2335 quatuor
1677 2291 1867 2336 aequales.
1924 2290 2026 2330 Quod

216 2340 295 2374 fieri
314 2351 386 2374 non
405 2343 542 2384 potest.
598 2339 691 2374 Nam
719 2340 855 2375 solidus
883 2341 996 2375 omnis
1026 2341 1186 2387 angulus
1215 2341 1413 2377 minoribus
1434 2354 1541 2388 quam
1569 2343 1679 2380 rectis
1700 2347 1859 2390 quatuor
1878 2342 2027 2389 angulis

216 2393 423 2427 continetur
453 2390 574 2436 (Eucl.
604 2392 669 2427 XI.
701 2390 795 2436 21.).
854 2394 909 2428 Ob
939 2395 1085 2429 easdem
1124 2405 1212 2428 sane
1248 2406 1380 2430 causas
1411 2407 1528 2441 neque
1555 2409 1605 2432 ex
1627 2397 1797 2443 pluribus
1823 2407 1930 2442 quam
1958 2406 2027 2430 sex

216 2445 338 2491 planis
369 2445 516 2492 angulis
549 2444 725 2490 eJusmodi
752 2447 911 2492 angulus
941 2447 1077 2482 solidus
1107 2447 1339 2483 construitur.

323 2498 394 2532 Sed
425 2510 474 2532 ex
502 2498 620 2532 tribus
654 2499 840 2544 quadratis
874 2499 955 2534 cubi
988 2501 1147 2566 angulus
1181 2501 1399 2537 continetur.
1453 2503 1514 2537 Ex
1547 2506 1703 2548 quatuor
1732 2503 1856 2538 nullus
1886 2505 2024 2548 potest.

216 2552 355 2586 Rursus
389 2551 483 2585 enim
511 2551 601 2585 recti
635 2556 793 2597 quatuor
825 2557 943 2588 erunt.

323 2605 382 2639 Ex
414 2603 531 2638 tribus
564 2609 687 2639 autem
718 2606 940 2652 pentagonis
976 2606 1215 2652 aequilateris
1248 2611 1287 2642 et
1330 2607 1585 2653 aequiangulis
1617 2608 1832 2644 dodecae'dri
1864 2607 2026 2654 angulus

218 2658 436 2692 continetur.
495 2657 563 2692 Sed
586 2670 635 2692 ex
654 2663 812 2703 quatuor
830 2660 954 2694 nullus
974 2664 1111 2705 potest.
1169 2661 1258 2695 Cum
1277 2661 1371 2695 enim
1400 2660 1604 2707 pentagoni
1625 2661 1845 2708 aequilateri
1865 2660 2026 2707 angulus

219 2715 339 2744 rectus
361 2711 409 2744 sit
439 2713 477 2744 et
501 2711 629 2756 quinta
660 2712 749 2746 recti
778 2723 878 2757 pars,
908 2718 1016 2747 erunt
1036 2718 1194 2758 quatuor
1213 2714 1341 2759 anguli
1372 2714 1481 2748 rectis
1507 2718 1666 2758 quatuor
1694 2715 1866 2759 majores.
1923 2713 2026 2754 Quod

219 2764 295 2797 fieri
329 2763 464 2808 nequit.
521 2764 598 2797 Nec
619 2775 707 2798 sane
728 2777 776 2799 ex
798 2765 879 2799 aliis
912 2767 1109 2812 polygonis
1141 2766 1269 2812 figuris
1303 2766 1438 2801 solidus
1453 2768 1618 2813 angulus
1640 2767 1896 2808 continebitur,
1931 2766 2028 2812 quod

220 2816 302 2849 hinc
323 2827 463 2860 quoque
484 2817 679 2851 absurdum
709 2823 895 2863 sequatur.
954 2819 1196 2859 Quamobrem
1212 2820 1445 2864 perspicuum
1463 2824 1532 2860 est,
1560 2824 1712 2865 praeter
1731 2819 1846 2855 dictas
1867 2819 2026 2866 quinque

220 2868 358 2912 figuras
391 2869 502 2903 aliam
534 2870 690 2915 figuram
723 2871 874 2906 solidam
907 2884 978 2906 non
1011 2884 1119 2917 posse
1140 2872 1324 2915 constitui,
1359 2883 1452 2917 quae
1478 2873 1546 2907 sub
1577 2871 1699 2917 planis
1725 2872 1966 2919 aequilateris
1987 2874 2026 2905 et

221 2920 475 2966 aequiangulis
508 2923 750 2959 contineatur.
