<?xml version="1.0" encoding="UTF-8"?>
<!DOCTYPE html PUBLIC "-//W3C//DTD XHTML 1.0 Transitional//EN"
    "http://www.w3.org/TR/xhtml1/DTD/xhtml1-transitional.dtd">
<html xmlns="http://www.w3.org/1999/xhtml" xml:lang="en" lang="en">
 <head>
  <title>
</title>
<meta http-equiv="Content-Type" content="text/html;charset=utf-8" />
  <meta name='ocr-system' content='tesseract 3.04.00' />
  <meta name='ocr-capabilities' content='ocr_page ocr_carea ocr_par ocr_line ocrx_word'/>
</head>
<body>
  <div class='ocr_page' id='page_1' title='image "./operaomniaedidit01kepluoft/operaomniaedidit01kepluoft_0171.png"; bbox 0 0 2028 3242; ppageno 0'>
   <div class='ocr_carea' id='block_1_1' title="bbox 909 93 1932 139">
    <p class='ocr_par' dir='ltr' id='par_1_1' title="bbox 909 93 1932 139">
     <span class='ocr_line' id='line_1_1' title="bbox 909 93 1932 139; baseline 0.01 -10"><span class='ocrx_word' id='word_1_1' title='bbox 909 95 1024 139; x_wconf 69' lang='lat' dir='ltr'><strong>csput</strong></span> <span class='ocrx_word' id='word_1_2' title='bbox 1042 95 1135 130; x_wconf 85' lang='lat' dir='ltr'><strong>xm.</strong></span> <span class='ocrx_word' id='word_1_3' title='bbox 1851 93 1932 139; x_wconf 76' lang='lat'><strong>149</strong></span> 
     </span>
    </p>
   </div>
   <div class='ocr_carea' id='block_1_2' title="bbox 80 202 1931 1141">
    <p class='ocr_par' dir='ltr' id='par_1_2' title="bbox 118 202 1927 605">
     <span class='ocr_line' id='line_1_2' title="bbox 122 202 1815 255; baseline 0.002 -13"><span class='ocrx_word' id='word_1_4' title='bbox 122 205 343 253; x_wconf 78' lang='lat' dir='ltr'><strong>extremam</strong></span> <span class='ocrx_word' id='word_1_5' title='bbox 379 207 423 244; x_wconf 89' lang='lat' dir='ltr'><strong>et</strong></span> <span class='ocrx_word' id='word_1_6' title='bbox 457 202 631 243; x_wconf 89' lang='lat' dir='ltr'><strong>mediam</strong></span> <span class='ocrx_word' id='word_1_7' title='bbox 665 203 862 243; x_wconf 90' lang='lat' dir='ltr'><strong>rationem</strong></span> <span class='ocrx_word' id='word_1_8' title='bbox 899 203 1000 243; x_wconf 84' lang='lat' dir='ltr'><strong>secti</strong></span> <span class='ocrx_word' id='word_1_9' title='bbox 1043 204 1172 255; x_wconf 85' lang='lat' dir='ltr'><strong>majus</strong></span> <span class='ocrx_word' id='word_1_10' title='bbox 1210 210 1460 254; x_wconf 80' lang='lat' dir='ltr'><strong>segmentum</strong></span> <span class='ocrx_word' id='word_1_11' title='bbox 1496 202 1577 244; x_wconf 90' lang='lat' dir='ltr'><strong>AD</strong></span> <span class='ocrx_word' id='word_1_12' title='bbox 1685 218 1747 251; x_wconf 62' lang='lat' dir='ltr'><strong>rie.</strong></span> <span class='ocrx_word' id='word_1_13' title='bbox 1770 216 1815 246; x_wconf 71' lang='grc' dir='ltr'><strong>ιο.</strong></span> 
     </span>
     <span class='ocr_line' id='line_1_3' title="bbox 121 260 1568 314; baseline 0.001 -14"><span class='ocrx_word' id='word_1_14' title='bbox 121 265 187 301; x_wconf 87' lang='lat' dir='ltr'><strong>est</strong></span> <span class='ocrx_word' id='word_1_15' title='bbox 221 260 329 302; x_wconf 76' lang='lat' dir='ltr'><strong>latus</strong></span> <span class='ocrx_word' id='word_1_16' title='bbox 365 261 595 314; x_wconf 83' lang='lat' dir='ltr'><strong>decanguli,</strong></span> <span class='ocrx_word' id='word_1_17' title='bbox 636 261 737 314; x_wconf 93' lang='lat' dir='ltr'><strong>quod</strong></span> <span class='ocrx_word' id='word_1_18' title='bbox 776 262 905 302; x_wconf 88' lang='lat' dir='ltr'><strong>eidem</strong></span> <span class='ocrx_word' id='word_1_19' title='bbox 943 262 1019 302; x_wconf 84' lang='lat' dir='ltr'><strong>AB</strong></span> <span class='ocrx_word' id='word_1_20' title='bbox 1049 262 1196 302; x_wconf 87' lang='lat' dir='ltr'><strong>circulo</strong></span> <span class='ocrx_word' id='word_1_21' title='bbox 1227 261 1388 301; x_wconf 82' lang='lat' dir='ltr'><strong>inscribi</strong></span> <span class='ocrx_word' id='word_1_22' title='bbox 1418 268 1568 313; x_wconf 86' lang='lat' dir='ltr'><strong>potest.</strong></span> 
     </span>
     <span class='ocr_line' id='line_1_4' title="bbox 118 315 1910 372; baseline 0.001 -12"><span class='ocrx_word' id='word_1_23' title='bbox 118 317 293 361; x_wconf 73' lang='lat' dir='ltr'><strong>Juneene</strong></span> <span class='ocrx_word' id='word_1_24' title='bbox 320 319 443 372; x_wconf 75' lang='lat' dir='ltr'><strong>igitur</strong></span> <span class='ocrx_word' id='word_1_25' title='bbox 471 321 678 372; x_wconf 84' lang='lat' dir='ltr'><strong>potentiae</strong></span> <span class='ocrx_word' id='word_1_26' title='bbox 702 319 778 361; x_wconf 84' lang='lat' dir='ltr'><strong>Ac</strong></span> <span class='ocrx_word' id='word_1_27' title='bbox 803 319 906 360; x_wconf 89' lang='lat' dir='ltr'><strong>radii</strong></span> <span class='ocrx_word' id='word_1_28' title='bbox 936 320 1061 360; x_wconf 90' lang='lat' dir='ltr'><strong>totius</strong></span> <span class='ocrx_word' id='word_1_29' title='bbox 1092 325 1135 360; x_wconf 85' lang='lat' dir='ltr'><strong>et</strong></span> <span class='ocrx_word' id='word_1_30' title='bbox 1167 320 1245 360; x_wconf 84' lang='lat' dir='ltr'><strong>AD</strong></span> <span class='ocrx_word' id='word_1_31' title='bbox 1275 320 1439 372; x_wconf 87' lang='lat' dir='ltr'><strong>majoris</strong></span> <span class='ocrx_word' id='word_1_32' title='bbox 1471 333 1570 372; x_wconf 84' lang='lat' dir='ltr'><strong>seg·</strong></span> <span class='ocrx_word' id='word_1_33' title='bbox 1614 341 1637 372; x_wconf 70' lang='lat' dir='ltr'><em>A</em></span> <span class='ocrx_word' id='word_1_34' title='bbox 1879 315 1910 361; x_wconf 58' lang='lat' dir='ltr'>N</span> 
     </span>
     <span class='ocr_line' id='line_1_5' title="bbox 120 377 1921 434; baseline -0.001 -15"><span class='ocrx_word' id='word_1_35' title='bbox 120 377 245 419; x_wconf 73' lang='lat' dir='ltr'><strong>muti</strong></span> <span class='ocrx_word' id='word_1_36' title='bbox 271 378 408 432; x_wconf 78' lang='lat' dir='ltr'><strong>hnjus,</strong></span> <span class='ocrx_word' id='word_1_37' title='bbox 442 379 593 420; x_wconf 76' lang='lat' dir='ltr'><strong>faciunt</strong></span> <span class='ocrx_word' id='word_1_38' title='bbox 625 378 846 431; x_wconf 83' lang='lat' dir='ltr'><strong>potentiam</strong></span> <span class='ocrx_word' id='word_1_39' title='bbox 875 379 947 419; x_wconf 85' lang='lat' dir='ltr'><strong>EF</strong></span> <span class='ocrx_word' id='word_1_40' title='bbox 977 379 1116 420; x_wconf 85' lang='lat' dir='ltr'><strong>lateris</strong></span> <span class='ocrx_word' id='word_1_41' title='bbox 1146 378 1499 431; x_wconf 83' lang='lat' dir='ltr'><strong>quinquangularis</strong></span> <span class='ocrx_word' id='word_1_42' title='bbox 1531 379 1570 418; x_wconf 86' lang='lat' dir='ltr'><strong>in</strong></span> <span class='ocrx_word' id='word_1_43' title='bbox 1699 405 1725 434; x_wconf 51' lang='lat' dir='ltr'>n</span> <span class='ocrx_word' id='word_1_44' title='bbox 1920 403 1921 407; x_wconf 62' lang='lat'><em>=</em></span> 
     </span>
     <span class='ocr_line' id='line_1_6' title="bbox 119 410 1922 491; baseline -0.002 -13"><span class='ocrx_word' id='word_1_45' title='bbox 119 436 190 478; x_wconf 81' lang='lat' dir='ltr'><strong>ino</strong></span> <span class='ocrx_word' id='word_1_46' title='bbox 231 437 381 478; x_wconf 79' lang='lat' dir='ltr'><strong>circulo</strong></span> <span class='ocrx_word' id='word_1_47' title='bbox 424 436 561 490; x_wconf 83' lang='lat' dir='ltr'><strong>(Eucl.</strong></span> <span class='ocrx_word' id='word_1_48' title='bbox 602 437 729 486; x_wconf 84' lang='lat' dir='ltr'><strong>xm,</strong></span> <span class='ocrx_word' id='word_1_49' title='bbox 782 435 868 485; x_wconf 88' lang='grc'><strong>10).</strong></span> <span class='ocrx_word' id='word_1_50' title='bbox 932 435 1050 483; x_wconf 88' lang='lat' dir='ltr'><strong>Quod</strong></span> <span class='ocrx_word' id='word_1_51' title='bbox 1093 450 1183 477; x_wconf 89' lang='lat' dir='ltr'><strong>cum</strong></span> <span class='ocrx_word' id='word_1_52' title='bbox 1226 437 1282 476; x_wconf 83' lang='lat' dir='ltr'><strong>sit</strong></span> <span class='ocrx_word' id='word_1_53' title='bbox 1324 437 1430 477; x_wconf 91' lang='lat' dir='ltr'><strong>inter</strong></span> <span class='ocrx_word' id='word_1_54' title='bbox 1472 437 1571 478; x_wconf 88' lang='lat' dir='ltr'><strong>duos</strong></span> <span class='ocrx_word' id='word_1_55' title='bbox 1634 416 1678 491; x_wconf 39' lang='lat' dir='ltr'><strong>l</strong></span> <span class='ocrx_word' id='word_1_56' title='bbox 1874 410 1922 484; x_wconf 68' lang='lat' dir='ltr'><strong>s)</strong></span> 
     </span>
     <span class='ocr_line' id='line_1_7' title="bbox 120 487 1927 605; baseline -0.001 -68"><span class='ocrx_word' id='word_1_57' title='bbox 120 495 548 605; x_wconf 48' lang='grc' dir='ltr'><strong>ἰωοιδᾰηῶξιιῖωοε,</strong></span> <span class='ocrx_word' id='word_1_58' title='bbox 595 495 672 537; x_wconf 89' lang='lat' dir='ltr'><strong>erit</strong></span> <span class='ocrx_word' id='word_1_59' title='bbox 714 495 849 548; x_wconf 90' lang='lat' dir='ltr'><strong>utique</strong></span> <span class='ocrx_word' id='word_1_60' title='bbox 893 496 1000 535; x_wconf 87' lang='lat' dir='ltr'><strong>latus</strong></span> <span class='ocrx_word' id='word_1_61' title='bbox 1043 495 1241 536; x_wconf 72' lang='lat' dir='ltr'><strong>icosaedri</strong></span> <span class='ocrx_word' id='word_1_62' title='bbox 1285 495 1420 542; x_wconf 84' lang='lat' dir='ltr'><strong>(Eucl.</strong></span> <span class='ocrx_word' id='word_1_63' title='bbox 1454 496 1570 543; x_wconf 85' lang='lat' dir='ltr'><strong>XIII,</strong></span> <span class='ocrx_word' id='word_1_64' title='bbox 1657 516 1676 544; x_wconf 75' lang='lat'><em>1</em></span> <span class='ocrx_word' id='word_1_65' title='bbox 1841 547 1865 577; x_wconf 58' lang='lat' dir='ltr'>r</span> <span class='ocrx_word' id='word_1_66' title='bbox 1902 487 1927 516; x_wconf 75' lang='lat'>¹</span> 
     </span>
     <span class='ocr_line' id='line_1_8' title="bbox 122 553 1654 596; baseline -0.003 0"><span class='ocrx_word' id='word_1_67' title='bbox 122 553 173 596; x_wconf 78' lang='lat' dir='ltr'>ss</span> <span class='ocrx_word' id='word_1_68' title='bbox 200 559 247 596; x_wconf 73' lang='lat' dir='ltr'><strong>et</strong></span> <span class='ocrx_word' id='word_1_69' title='bbox 275 553 296 596; x_wconf 83' lang='lat'>1</span> <span class='ocrx_word' id='word_1_70' title='bbox 353 585 364 594; x_wconf 90' lang='lat'>.</span> <span class='ocrx_word' id='word_1_71' title='bbox 1642 565 1654 572; x_wconf 86' lang='grc'><em>·</em></span> 
     </span>
    </p>

    <p class='ocr_par' dir='ltr' id='par_1_3' title="bbox 80 609 1931 1141">
     <span class='ocr_line' id='line_1_9' title="bbox 234 609 1931 664; baseline -0.004 -9"><span class='ocrx_word' id='word_1_72' title='bbox 234 611 442 655; x_wconf 62' lang='lat' dir='ltr'><strong>nubemus</strong></span> <span class='ocrx_word' id='word_1_73' title='bbox 485 611 616 652; x_wconf 84' lang='lat' dir='ltr'><strong>latera</strong></span> <span class='ocrx_word' id='word_1_74' title='bbox 652 611 824 652; x_wconf 87' lang='lat' dir='ltr'><strong>omnium</strong></span> <span class='ocrx_word' id='word_1_75' title='bbox 861 612 1077 664; x_wconf 82' lang='lat' dir='ltr'><strong>figurarum</strong></span> <span class='ocrx_word' id='word_1_76' title='bbox 1114 611 1152 651; x_wconf 92' lang='lat' dir='ltr'><strong>in</strong></span> <span class='ocrx_word' id='word_1_77' title='bbox 1191 612 1447 663; x_wconf 84' lang='lat' dir='ltr'><strong>proportione</strong></span> <span class='ocrx_word' id='word_1_78' title='bbox 1486 612 1536 652; x_wconf 88' lang='lat' dir='ltr'><strong>ad</strong></span> <span class='ocrx_word' id='word_1_79' title='bbox 1578 610 1670 650; x_wconf 81' lang='lat' dir='ltr'><strong>axin</strong></span> <span class='ocrx_word' id='word_1_80' title='bbox 1710 610 1818 650; x_wconf 90' lang='lat' dir='ltr'><strong>orbis</strong></span> <span class='ocrx_word' id='word_1_81' title='bbox 1850 609 1931 649; x_wconf 90' lang='lat' dir='ltr'><strong>cir-</strong></span> 
     </span>
     <span class='ocr_line' id='line_1_10' title="bbox 117 667 1930 724; baseline -0.003 -12"><span class='ocrx_word' id='word_1_82' title='bbox 117 671 362 724; x_wconf 67' lang='lat' dir='ltr'><strong>cumaea-ipti.</strong></span> <span class='ocrx_word' id='word_1_83' title='bbox 424 669 615 724; x_wconf 83' lang='lat' dir='ltr'><strong>Sequitur</strong></span> <span class='ocrx_word' id='word_1_84' title='bbox 650 675 694 710; x_wconf 88' lang='lat' dir='ltr'><strong>ut</strong></span> <span class='ocrx_word' id='word_1_85' title='bbox 723 671 860 711; x_wconf 89' lang='lat' dir='ltr'><strong>radios</strong></span> <span class='ocrx_word' id='word_1_86' title='bbox 891 671 1125 711; x_wconf 88' lang='lat' dir='ltr'><strong>circulorum</strong></span> <span class='ocrx_word' id='word_1_87' title='bbox 1156 670 1223 722; x_wconf 92' lang='lat' dir='ltr'><strong>qui</strong></span> <span class='ocrx_word' id='word_1_88' title='bbox 1254 670 1419 710; x_wconf 78' lang='lat' dir='ltr'><strong>basibus</strong></span> <span class='ocrx_word' id='word_1_89' title='bbox 1458 667 1837 710; x_wconf 89' lang='lat' dir='ltr'><strong>circumscribuntur</strong></span> <span class='ocrx_word' id='word_1_90' title='bbox 1865 668 1930 707; x_wconf 88' lang='lat' dir='ltr'><strong>in-</strong></span> 
     </span>
     <span class='ocr_line' id='line_1_11' title="bbox 117 726 1929 784; baseline -0.003 -12"><span class='ocrx_word' id='word_1_91' title='bbox 117 730 363 784; x_wconf 75' lang='lat' dir='ltr'><strong>vestigemus</strong></span> <span class='ocrx_word' id='word_1_92' title='bbox 406 742 458 770; x_wconf 84' lang='lat' dir='ltr'><strong>ex</strong></span> <span class='ocrx_word' id='word_1_93' title='bbox 490 730 579 782; x_wconf 83' lang='lat' dir='ltr'><strong>jam</strong></span> <span class='ocrx_word' id='word_1_94' title='bbox 621 729 727 768; x_wconf 87' lang='lat' dir='ltr'><strong>notis</strong></span> <span class='ocrx_word' id='word_1_95' title='bbox 758 730 973 770; x_wconf 84' lang='lat' dir='ltr'><strong>lateribus:</strong></span> <span class='ocrx_word' id='word_1_96' title='bbox 1030 729 1069 768; x_wconf 93' lang='lat' dir='ltr'><strong>id</strong></span> <span class='ocrx_word' id='word_1_97' title='bbox 1114 729 1217 782; x_wconf 90' lang='lat' dir='ltr'><strong>quod</strong></span> <span class='ocrx_word' id='word_1_98' title='bbox 1262 729 1503 769; x_wconf 87' lang='lat' dir='ltr'><strong>adminiculo</strong></span> <span class='ocrx_word' id='word_1_99' title='bbox 1547 728 1700 769; x_wconf 88' lang='lat' dir='ltr'><strong>sinuum</strong></span> <span class='ocrx_word' id='word_1_100' title='bbox 1740 726 1929 767; x_wconf 77' lang='lat' dir='ltr'><strong>facillime</strong></span> 
     </span>
     <span class='ocr_line' id='line_1_12' title="bbox 117 787 1929 845; baseline -0.004 -14"><span class='ocrx_word' id='word_1_101' title='bbox 117 791 356 845; x_wconf 65' lang='lat' dir='ltr'><strong>assequetur</strong></span> <span class='ocrx_word' id='word_1_102' title='bbox 378 787 560 842; x_wconf 81' lang='lat' dir='ltr'><strong>quilibet,</strong></span> <span class='ocrx_word' id='word_1_103' title='bbox 586 788 652 840; x_wconf 88' lang='lat' dir='ltr'><strong>qui</strong></span> <span class='ocrx_word' id='word_1_104' title='bbox 682 788 899 840; x_wconf 87' lang='lat' dir='ltr'><strong>reputabit,</strong></span> <span class='ocrx_word' id='word_1_105' title='bbox 932 788 995 828; x_wconf 87' lang='lat' dir='ltr'><strong>hic</strong></span> <span class='ocrx_word' id='word_1_106' title='bbox 1028 787 1356 840; x_wconf 84' lang='lat' dir='ltr'><strong>exquisitissimis</strong></span> <span class='ocrx_word' id='word_1_107' title='bbox 1387 789 1564 828; x_wconf 90' lang='lat' dir='ltr'><strong>numeris</strong></span> <span class='ocrx_word' id='word_1_108' title='bbox 1597 799 1674 826; x_wconf 91' lang='lat' dir='ltr'><strong>non</strong></span> <span class='ocrx_word' id='word_1_109' title='bbox 1695 798 1795 837; x_wconf 91' lang='lat' dir='ltr'><strong>opus</strong></span> <span class='ocrx_word' id='word_1_110' title='bbox 1821 798 1929 825; x_wconf 90' lang='lat' dir='ltr'><strong>esse.</strong></span> 
     </span>
     <span class='ocr_line' id='line_1_13' title="bbox 117 843 1929 900; baseline -0.004 -10"><span class='ocrx_word' id='word_1_111' title='bbox 117 846 165 891; x_wconf 60' lang='grc' dir='ltr'>Ξ</span> <span class='ocrx_word' id='word_1_112' title='bbox 193 851 331 888; x_wconf 72' lang='lat' dir='ltr'><strong>tamen</strong></span> <span class='ocrx_word' id='word_1_113' title='bbox 359 846 480 888; x_wconf 74' lang='lat' dir='ltr'><strong>alicui</strong></span> <span class='ocrx_word' id='word_1_114' title='bbox 509 847 643 900; x_wconf 80' lang='lat' dir='ltr'><strong>placet</strong></span> <span class='ocrx_word' id='word_1_115' title='bbox 674 846 928 887; x_wconf 82' lang='lat' dir='ltr'><strong>artificiosius</strong></span> <span class='ocrx_word' id='word_1_116' title='bbox 961 847 1164 894; x_wconf 85' lang='lat' dir='ltr'><strong>laborare,</strong></span> <span class='ocrx_word' id='word_1_117' title='bbox 1210 846 1247 886; x_wconf 88' lang='lat' dir='ltr'><strong>ei</strong></span> <span class='ocrx_word' id='word_1_118' title='bbox 1279 847 1541 887; x_wconf 77' lang='lat' dir='ltr'><strong>fundamenta</strong></span> <span class='ocrx_word' id='word_1_119' title='bbox 1581 845 1638 886; x_wconf 88' lang='lat' dir='ltr'><strong>rei</strong></span> <span class='ocrx_word' id='word_1_120' title='bbox 1680 857 1730 885; x_wconf 86' lang='lat' dir='ltr'><strong>ex</strong></span> <span class='ocrx_word' id='word_1_121' title='bbox 1760 843 1929 884; x_wconf 85' lang='lat' dir='ltr'><strong>Euclide</strong></span> 
     </span>
     <span class='ocr_line' id='line_1_14' title="bbox 119 903 1929 960; baseline -0.004 -12"><span class='ocrx_word' id='word_1_122' title='bbox 119 914 328 960; x_wconf 81' lang='lat' dir='ltr'><strong>apponam.</strong></span> <span class='ocrx_word' id='word_1_123' title='bbox 380 903 482 947; x_wconf 88' lang='lat' dir='ltr'><strong>Cum</strong></span> <span class='ocrx_word' id='word_1_124' title='bbox 500 905 623 958; x_wconf 84' lang='lat' dir='ltr'><strong>igitur</strong></span> <span class='ocrx_word' id='word_1_125' title='bbox 640 906 890 946; x_wconf 83' lang='lat' dir='ltr'><strong>t-res&#39;saltem</strong></span> <span class='ocrx_word' id='word_1_126' title='bbox 911 906 1060 946; x_wconf 83' lang='lat' dir='ltr'><strong>formae</strong></span> <span class='ocrx_word' id='word_1_127' title='bbox 1089 906 1171 946; x_wconf 88' lang='lat' dir='ltr'><strong>sint</strong></span> <span class='ocrx_word' id='word_1_128' title='bbox 1190 906 1358 951; x_wconf 86' lang='lat' dir='ltr'><strong>basium,</strong></span> <span class='ocrx_word' id='word_1_129' title='bbox 1390 905 1605 955; x_wconf 83' lang='lat' dir='ltr'><strong>triangula,</strong></span> <span class='ocrx_word' id='word_1_130' title='bbox 1640 903 1929 955; x_wconf 84' lang='lat' dir='ltr'><strong>quadrangula,</strong></span> 
     </span>
     <span class='ocr_line' id='line_1_15' title="bbox 119 961 1929 1019; baseline -0.003 -14"><span class='ocrx_word' id='word_1_131' title='bbox 119 965 440 1019; x_wconf 83' lang='lat' dir='ltr'><strong>quinquangula:</strong></span> <span class='ocrx_word' id='word_1_132' title='bbox 482 964 520 1004; x_wconf 90' lang='lat' dir='ltr'><strong>in</strong></span> <span class='ocrx_word' id='word_1_133' title='bbox 560 964 869 1015; x_wconf 78' lang='lat' dir='ltr'><strong>triangularibus</strong></span> <span class='ocrx_word' id='word_1_134' title='bbox 909 964 1065 1017; x_wconf 89' lang='lat' dir='ltr'><strong>quidem</strong></span> <span class='ocrx_word' id='word_1_135' title='bbox 1106 965 1211 1004; x_wconf 86' lang='lat' dir='ltr'><strong>latus</strong></span> <span class='ocrx_word' id='word_1_136' title='bbox 1245 962 1325 1003; x_wconf 87' lang='lat' dir='ltr'><strong>GH</strong></span> <span class='ocrx_word' id='word_1_137' title='bbox 1357 965 1443 1017; x_wconf 87' lang='lat' dir='ltr'><strong>(fig.</strong></span> <span class='ocrx_word' id='word_1_138' title='bbox 1476 964 1563 1012; x_wconf 89' lang='grc'>18.)</span> <span class='ocrx_word' id='word_1_139' title='bbox 1595 968 1732 1015; x_wconf 81' lang='lat' dir='ltr'><strong>potest</strong></span> <span class='ocrx_word' id='word_1_140' title='bbox 1766 961 1929 1013; x_wconf 87' lang='lat' dir='ltr'><strong>triplum</strong></span> 
     </span>
     <span class='ocr_line' id='line_1_16' title="bbox 118 1020 1928 1078; baseline -0.003 -14"><span class='ocrx_word' id='word_1_141' title='bbox 118 1023 291 1078; x_wconf 80' lang='lat' dir='ltr'><strong>quaesiti</strong></span> <span class='ocrx_word' id='word_1_142' title='bbox 320 1023 422 1064; x_wconf 85' lang='lat' dir='ltr'><strong>radii</strong></span> <span class='ocrx_word' id='word_1_143' title='bbox 453 1023 534 1072; x_wconf 87' lang='lat' dir='ltr'><strong>HI,</strong></span> <span class='ocrx_word' id='word_1_144' title='bbox 565 1036 638 1076; x_wconf 88' lang='lat' dir='ltr'><strong>per</strong></span> <span class='ocrx_word' id='word_1_145' title='bbox 671 1021 735 1063; x_wconf 81' lang='lat'><strong>12.</strong></span> <span class='ocrx_word' id='word_1_146' title='bbox 770 1036 891 1075; x_wconf 82' lang='lat' dir='ltr'><strong>saepe</strong></span> <span class='ocrx_word' id='word_1_147' title='bbox 924 1023 1112 1074; x_wconf 84' lang='lat' dir='ltr'><strong>allegati:</strong></span> <span class='ocrx_word' id='word_1_148' title='bbox 1151 1023 1190 1063; x_wconf 88' lang='lat' dir='ltr'><strong>in</strong></span> <span class='ocrx_word' id='word_1_149' title='bbox 1223 1023 1419 1075; x_wconf 91' lang='lat' dir='ltr'><strong>quadrato</strong></span> <span class='ocrx_word' id='word_1_150' title='bbox 1453 1023 1559 1064; x_wconf 86' lang='lat' dir='ltr'><strong>latus</strong></span> <span class='ocrx_word' id='word_1_151' title='bbox 1598 1027 1735 1075; x_wconf 89' lang='lat' dir='ltr'><strong>potest</strong></span> <span class='ocrx_word' id='word_1_152' title='bbox 1769 1020 1928 1072; x_wconf 91' lang='lat' dir='ltr'><strong>duplum</strong></span> 
     </span>
     <span class='ocr_line' id='line_1_17' title="bbox 80 1081 1829 1141; baseline -0.002 -18"><span class='ocrx_word' id='word_1_153' title='bbox 80 1129 87 1141; x_wconf 21' lang='lat' dir='ltr'>N</span> <span class='ocrx_word' id='word_1_154' title='bbox 118 1081 290 1137; x_wconf 83' lang='lat' dir='ltr'><strong>quaesiti</strong></span> <span class='ocrx_word' id='word_1_155' title='bbox 320 1082 441 1123; x_wconf 78' lang='lat' dir='ltr'><strong>radii:</strong></span> <span class='ocrx_word' id='word_1_156' title='bbox 474 1082 512 1122; x_wconf 91' lang='lat' dir='ltr'><strong>in</strong></span> <span class='ocrx_word' id='word_1_157' title='bbox 544 1081 838 1135; x_wconf 85' lang='lat' dir='ltr'><strong>quinquangulo</strong></span> <span class='ocrx_word' id='word_1_158' title='bbox 858 1082 1024 1134; x_wconf 88' lang='lat' dir='ltr'><strong>denique</strong></span> <span class='ocrx_word' id='word_1_159' title='bbox 1047 1081 1125 1122; x_wconf 86' lang='lat' dir='ltr'><strong>GH</strong></span> <span class='ocrx_word' id='word_1_160' title='bbox 1152 1082 1292 1122; x_wconf 87' lang='lat' dir='ltr'><strong>lateris</strong></span> <span class='ocrx_word' id='word_1_161' title='bbox 1325 1090 1367 1122; x_wconf 90' lang='lat' dir='ltr'><strong>et</strong></span> <span class='ocrx_word' id='word_1_162' title='bbox 1386 1082 1465 1122; x_wconf 86' lang='lat' dir='ltr'><strong>KH</strong></span> <span class='ocrx_word' id='word_1_163' title='bbox 1496 1083 1594 1122; x_wconf 87' lang='lat' dir='ltr'><strong>sub-</strong></span> <span class='ocrx_word' id='word_1_164' title='bbox 1699 1095 1760 1128; x_wconf 67' lang='lat' dir='ltr'><strong>rig.</strong></span> <span class='ocrx_word' id='word_1_165' title='bbox 1780 1091 1829 1120; x_wconf 77' lang='lat'><strong>²0.</strong></span> 
     </span>
    </p>
   </div>
   <div class='ocr_carea' id='block_1_3' title="bbox 116 1140 1921 1461">
    <p class='ocr_par' dir='ltr' id='par_1_4' title="bbox 116 1140 1921 1461">
     <span class='ocr_line' id='line_1_18' title="bbox 116 1140 1803 1194; baseline -0.001 -12"><span class='ocrx_word' id='word_1_166' title='bbox 116 1141 320 1182; x_wconf 84' lang='lat' dir='ltr'><strong>tendentis</strong></span> <span class='ocrx_word' id='word_1_167' title='bbox 352 1140 557 1192; x_wconf 89' lang='lat' dir='ltr'><strong>(datarum</strong></span> <span class='ocrx_word' id='word_1_168' title='bbox 589 1140 800 1188; x_wconf 87' lang='lat' dir='ltr'><strong>linearum)</strong></span> <span class='ocrx_word' id='word_1_169' title='bbox 826 1141 993 1192; x_wconf 88' lang='lat' dir='ltr'><strong>junctae</strong></span> <span class='ocrx_word' id='word_1_170' title='bbox 1024 1141 1229 1192; x_wconf 88' lang='lat' dir='ltr'><strong>potentiae</strong></span> <span class='ocrx_word' id='word_1_171' title='bbox 1265 1147 1435 1192; x_wconf 86' lang='lat' dir='ltr'><strong>possunt</strong></span> <span class='ocrx_word' id='word_1_172' title='bbox 1466 1141 1584 1194; x_wconf 87' lang='lat' dir='ltr'><strong>quin·</strong></span> <span class='ocrx_word' id='word_1_173' title='bbox 1771 1140 1803 1168; x_wconf 68' lang='grc' dir='ltr'><strong><em>Π</em></strong></span> 
     </span>
     <span class='ocr_line' id='line_1_19' title="bbox 118 1171 1921 1461; baseline -0.002 -220"><span class='ocrx_word' id='word_1_174' title='bbox 118 1200 271 1254; x_wconf 86' lang='lat' dir='ltr'><strong>tuplnm</strong></span> <span class='ocrx_word' id='word_1_175' title='bbox 300 1199 407 1241; x_wconf 78' lang='lat' dir='ltr'><strong>radii·</strong></span> <span class='ocrx_word' id='word_1_176' title='bbox 421 1199 483 1240; x_wconf 88' lang='lat' dir='ltr'><strong>HI</strong></span> <span class='ocrx_word' id='word_1_177' title='bbox 514 1200 698 1266; x_wconf 74' lang='lat' dir='ltr'><strong>quaesiti,</strong></span> <span class='ocrx_word' id='word_1_178' title='bbox 731 1212 802 1252; x_wconf 91' lang='lat' dir='ltr'><strong>per</strong></span> <span class='ocrx_word' id='word_1_179' title='bbox 821 1197 861 1240; x_wconf 76' lang='lat'><strong>4.</strong></span> <span class='ocrx_word' id='word_1_180' title='bbox 895 1200 1039 1239; x_wconf 88' lang='lat' dir='ltr'><strong>decimi</strong></span> <span class='ocrx_word' id='word_1_181' title='bbox 1073 1200 1202 1267; x_wconf 67' lang='lat' dir='ltr'><strong>quarti</strong></span> <span class='ocrx_word' id='word_1_182' title='bbox 1224 1201 1439 1240; x_wconf 87' lang='lat' dir='ltr'><strong>secundum</strong></span> <span class='ocrx_word' id='word_1_183' title='bbox 1459 1199 1584 1241; x_wconf 86' lang='lat' dir='ltr'><strong>Cam·</strong></span> <span class='ocrx_word' id='word_1_184' title='bbox 1620 1171 1921 1461; x_wconf 50' lang='lat' dir='ltr'><strong>‘Q</strong></span> 
     </span>
     <span class='ocr_line' id='line_1_20' title="bbox 118 1258 1587 1312; baseline -0.002 -11"><span class='ocrx_word' id='word_1_185' title='bbox 118 1271 277 1312; x_wconf 83' lang='lat' dir='ltr'><strong>panum.</strong></span> <span class='ocrx_word' id='word_1_186' title='bbox 343 1259 548 1299; x_wconf 86' lang='lat' dir='ltr'><strong>Habemus</strong></span> <span class='ocrx_word' id='word_1_187' title='bbox 598 1258 732 1298; x_wconf 79' lang='lat' dir='ltr'><strong>radios</strong></span> <span class='ocrx_word' id='word_1_188' title='bbox 775 1259 1008 1298; x_wconf 88' lang='lat' dir='ltr'><strong>circulorum</strong></span> <span class='ocrx_word' id='word_1_189' title='bbox 1059 1259 1097 1298; x_wconf 94' lang='lat' dir='ltr'><strong>in</strong></span> <span class='ocrx_word' id='word_1_190' title='bbox 1148 1258 1311 1298; x_wconf 86' lang='lat' dir='ltr'><strong>basibus</strong></span> <span class='ocrx_word' id='word_1_191' title='bbox 1362 1260 1399 1299; x_wconf 91' lang='lat' dir='ltr'><strong>in</strong></span> <span class='ocrx_word' id='word_1_192' title='bbox 1447 1259 1587 1299; x_wconf 90' lang='lat' dir='ltr'><strong>eadem</strong></span> 
     </span>
    </p>
   </div>
   <div class='ocr_carea' id='block_1_4' title="bbox 116 1318 1587 1429">
    <p class='ocr_par' dir='ltr' id='par_1_5' title="bbox 116 1318 1587 1429">
     <span class='ocr_line' id='line_1_21' title="bbox 116 1318 668 1371; baseline -0.005 -12"><span class='ocrx_word' id='word_1_193' title='bbox 116 1318 385 1371; x_wconf 82' lang='lat' dir='ltr'><strong>proportione,</strong></span> <span class='ocrx_word' id='word_1_194' title='bbox 418 1330 496 1370; x_wconf 90' lang='lat' dir='ltr'><strong>qua</strong></span> <span class='ocrx_word' id='word_1_195' title='bbox 528 1318 668 1357; x_wconf 87' lang='lat' dir='ltr'><strong>latera.</strong></span> 
     </span>
     <span class='ocr_line' id='line_1_22' title="bbox 235 1375 1587 1429; baseline -0.002 -12"><span class='ocrx_word' id='word_1_196' title='bbox 235 1375 465 1418; x_wconf 75' lang='lat' dir='ltr'><strong>subtractis</strong></span> <span class='ocrx_word' id='word_1_197' title='bbox 509 1376 630 1428; x_wconf 78' lang='lat' dir='ltr'><strong>igitur</strong></span> <span class='ocrx_word' id='word_1_198' title='bbox 670 1375 861 1429; x_wconf 87' lang='lat' dir='ltr'><strong>potentiis</strong></span> <span class='ocrx_word' id='word_1_199' title='bbox 906 1375 1104 1415; x_wconf 86' lang='lat' dir='ltr'><strong>radiorum</strong></span> <span class='ocrx_word' id='word_1_200' title='bbox 1154 1375 1202 1414; x_wconf 88' lang='lat' dir='ltr'><strong>de</strong></span> <span class='ocrx_word' id='word_1_201' title='bbox 1252 1376 1433 1426; x_wconf 89' lang='lat' dir='ltr'><strong>potentia</strong></span> <span class='ocrx_word' id='word_1_202' title='bbox 1475 1376 1587 1415; x_wconf 87' lang='lat' dir='ltr'><strong>sinus</strong></span> 
     </span>
    </p>
   </div>
   <div class='ocr_carea' id='block_1_5' title="bbox 117 1434 1924 1603">
    <p class='ocr_par' dir='ltr' id='par_1_6' title="bbox 117 1434 1924 1603">
     <span class='ocr_line' id='line_1_23' title="bbox 118 1434 1586 1488; baseline -0.002 -12"><span class='ocrx_word' id='word_1_203' title='bbox 118 1435 256 1484; x_wconf 80' lang='lat' dir='ltr'><strong>totius,</strong></span> <span class='ocrx_word' id='word_1_204' title='bbox 296 1435 363 1488; x_wconf 89' lang='lat' dir='ltr'><strong>qui</strong></span> <span class='ocrx_word' id='word_1_205' title='bbox 408 1442 471 1475; x_wconf 82' lang='lat' dir='ltr'><strong>est</strong></span> <span class='ocrx_word' id='word_1_206' title='bbox 508 1435 713 1488; x_wconf 81' lang='lat' dir='ltr'><strong>quantitas</strong></span> <span class='ocrx_word' id='word_1_207' title='bbox 753 1434 1038 1474; x_wconf 86' lang='lat' dir='ltr'><strong>semidiametri</strong></span> <span class='ocrx_word' id='word_1_208' title='bbox 1083 1434 1167 1474; x_wconf 88' lang='lat' dir='ltr'><strong>sive</strong></span> <span class='ocrx_word' id='word_1_209' title='bbox 1204 1434 1306 1474; x_wconf 89' lang='lat' dir='ltr'><strong>radii</strong></span> <span class='ocrx_word' id='word_1_210' title='bbox 1337 1434 1375 1474; x_wconf 92' lang='lat' dir='ltr'><strong>in</strong></span> <span class='ocrx_word' id='word_1_211' title='bbox 1414 1434 1586 1474; x_wconf 79' lang='lat' dir='ltr'><strong>circum-</strong></span> 
     </span>
     <span class='ocr_line' id='line_1_24' title="bbox 117 1493 1924 1549; baseline -0.002 -15"><span class='ocrx_word' id='word_1_212' title='bbox 117 1493 289 1549; x_wconf 81' lang='lat' dir='ltr'><strong>scripto,</strong></span> <span class='ocrx_word' id='word_1_213' title='bbox 332 1493 543 1534; x_wconf 86' lang='lat' dir='ltr'><strong>restabunt</strong></span> <span class='ocrx_word' id='word_1_214' title='bbox 581 1500 623 1533; x_wconf 89' lang='lat' dir='ltr'><strong>ut</strong></span> <span class='ocrx_word' id='word_1_215' title='bbox 663 1507 785 1545; x_wconf 90' lang='lat' dir='ltr'><strong>supra</strong></span> <span class='ocrx_word' id='word_1_216' title='bbox 826 1493 1038 1544; x_wconf 67' lang='lat' dir='ltr'><strong>probatum</strong></span> <span class='ocrx_word' id='word_1_217' title='bbox 1080 1498 1144 1532; x_wconf 89' lang='lat' dir='ltr'><strong>est</strong></span> <span class='ocrx_word' id='word_1_218' title='bbox 1187 1493 1394 1544; x_wconf 86' lang='lat' dir='ltr'><strong>potentiae</strong></span> <span class='ocrx_word' id='word_1_219' title='bbox 1433 1493 1632 1532; x_wconf 90' lang='lat' dir='ltr'><strong>radiorum</strong></span> <span class='ocrx_word' id='word_1_220' title='bbox 1666 1505 1764 1545; x_wconf 89' lang='lat' dir='ltr'><strong>quos</strong></span> <span class='ocrx_word' id='word_1_221' title='bbox 1797 1505 1924 1545; x_wconf 89' lang='lat' dir='ltr'><strong>quae-</strong></span> 
     </span>
     <span class='ocr_line' id='line_1_25' title="bbox 117 1549 1922 1603; baseline -0.002 -9"><span class='ocrx_word' id='word_1_222' title='bbox 117 1553 260 1600; x_wconf 82' lang='lat' dir='ltr'><strong>rimus,</strong></span> <span class='ocrx_word' id='word_1_223' title='bbox 298 1553 575 1603; x_wconf 87' lang='lat' dir='ltr'><strong>inscriptorum</strong></span> <span class='ocrx_word' id='word_1_224' title='bbox 615 1552 769 1593; x_wconf 76' lang='lat' dir='ltr'><strong>scilicet</strong></span> <span class='ocrx_word' id='word_1_225' title='bbox 806 1551 972 1591; x_wconf 89' lang='lat' dir='ltr'><strong>orbium.</strong></span> <span class='ocrx_word' id='word_1_226' title='bbox 1038 1549 1293 1591; x_wconf 89' lang='lat' dir='ltr'><strong>Commodius</strong></span> <span class='ocrx_word' id='word_1_227' title='bbox 1337 1558 1471 1591; x_wconf 88' lang='lat' dir='ltr'><strong>tamen</strong></span> <span class='ocrx_word' id='word_1_228' title='bbox 1511 1558 1552 1591; x_wconf 87' lang='lat' dir='ltr'><strong>et</strong></span> <span class='ocrx_word' id='word_1_229' title='bbox 1590 1551 1747 1591; x_wconf 82' lang='lat' dir='ltr'><strong>facilius</strong></span> <span class='ocrx_word' id='word_1_230' title='bbox 1785 1551 1922 1598; x_wconf 84' lang='lat' dir='ltr'><strong>uteris,</strong></span> 
     </span>
    </p>
   </div>
   <div class='ocr_carea' id='block_1_6' title="bbox 118 1611 1923 1723">
    <p class='ocr_par' dir='ltr' id='par_1_7' title="bbox 118 1611 1923 1723">
     <span class='ocr_line' id='line_1_26' title="bbox 118 1611 501 1660; baseline -0.008 -7"><span class='ocrx_word' id='word_1_231' title='bbox 118 1617 163 1653; x_wconf 84' lang='lat' dir='ltr'><strong>ut</strong></span> <span class='ocrx_word' id='word_1_232' title='bbox 192 1611 294 1660; x_wconf 84' lang='lat' dir='ltr'><strong>dixi,</strong></span> <span class='ocrx_word' id='word_1_233' title='bbox 323 1611 501 1652; x_wconf 78' lang='lat' dir='ltr'><strong>sinubus.</strong></span> 
     </span>
     <span class='ocr_line' id='line_1_27' title="bbox 235 1668 1923 1723; baseline -0.002 -12"><span class='ocrx_word' id='word_1_234' title='bbox 235 1669 317 1711; x_wconf 89' lang='lat' dir='ltr'><strong>Sed</strong></span> <span class='ocrx_word' id='word_1_235' title='bbox 347 1670 412 1710; x_wconf 87' lang='lat' dir='ltr'><strong>hic</strong></span> <span class='ocrx_word' id='word_1_236' title='bbox 444 1682 570 1723; x_wconf 90' lang='lat' dir='ltr'><strong>neque</strong></span> <span class='ocrx_word' id='word_1_237' title='bbox 602 1670 683 1709; x_wconf 88' lang='lat' dir='ltr'><strong>alia</strong></span> <span class='ocrx_word' id='word_1_238' title='bbox 714 1670 908 1722; x_wconf 84' lang='lat' dir='ltr'><strong>quaedam</strong></span> <span class='ocrx_word' id='word_1_239' title='bbox 940 1669 1231 1722; x_wconf 84' lang='lat' dir='ltr'><strong>praetereunda</strong></span> <span class='ocrx_word' id='word_1_240' title='bbox 1262 1669 1516 1721; x_wconf 87' lang='lat' dir='ltr'><strong>compendia,</strong></span> <span class='ocrx_word' id='word_1_241' title='bbox 1551 1683 1599 1710; x_wconf 90' lang='lat' dir='ltr'><strong>ne</strong></span> <span class='ocrx_word' id='word_1_242' title='bbox 1631 1668 1791 1708; x_wconf 90' lang='lat' dir='ltr'><strong>nimium</strong></span> <span class='ocrx_word' id='word_1_243' title='bbox 1823 1680 1923 1720; x_wconf 89' lang='lat' dir='ltr'><strong>ope-</strong></span> 
     </span>
    </p>
   </div>
   <div class='ocr_carea' id='block_1_7' title="bbox 19 1716 1923 1780">
    <p class='ocr_par' dir='ltr' id='par_1_8' title="bbox 19 1716 1923 1780">
     <span class='ocr_line' id='line_1_28' title="bbox 19 1716 1923 1780; baseline -0.002 -11"><span class='ocrx_word' id='word_1_244' title='bbox 19 1716 28 1751; x_wconf 65' lang='grc' dir='ltr'>Ῐ</span> <span class='ocrx_word' id='word_1_245' title='bbox 86 1737 208 1770; x_wconf 70' lang='lat' dir='ltr'><strong>‘sose</strong></span> <span class='ocrx_word' id='word_1_246' title='bbox 237 1728 477 1769; x_wconf 82' lang='lat' dir='ltr'><strong>laboremus.</strong></span> <span class='ocrx_word' id='word_1_247' title='bbox 539 1729 712 1769; x_wconf 89' lang='lat' dir='ltr'><strong>Primum</strong></span> <span class='ocrx_word' id='word_1_248' title='bbox 745 1729 861 1768; x_wconf 88' lang='lat' dir='ltr'><strong>orbes</strong></span> <span class='ocrx_word' id='word_1_249' title='bbox 892 1727 1076 1780; x_wconf 89' lang='lat' dir='ltr'><strong>inscripti</strong></span> <span class='ocrx_word' id='word_1_250' title='bbox 1108 1727 1357 1767; x_wconf 71' lang='lat' dir='ltr'><strong>dodecaedro</strong></span> <span class='ocrx_word' id='word_1_251' title='bbox 1392 1733 1434 1766; x_wconf 89' lang='lat' dir='ltr'><strong>et</strong></span> <span class='ocrx_word' id='word_1_252' title='bbox 1458 1728 1666 1768; x_wconf 70' lang='lat' dir='ltr'><strong>icosaedro</strong></span> <span class='ocrx_word' id='word_1_253' title='bbox 1694 1732 1787 1766; x_wconf 87' lang='lat' dir='ltr'><strong>sunt</strong></span> <span class='ocrx_word' id='word_1_254' title='bbox 1813 1727 1923 1778; x_wconf 86' lang='lat' dir='ltr'><strong>ejus-</strong></span> 
     </span>
    </p>
   </div>
   <div class='ocr_carea' id='block_1_8' title="bbox 115 1785 1922 1841">
    <p class='ocr_par' dir='ltr' id='par_1_9' title="bbox 115 1785 1922 1841">
     <span class='ocr_line' id='line_1_29' title="bbox 115 1785 1922 1841; baseline -0.001 -13"><span class='ocrx_word' id='word_1_255' title='bbox 115 1788 207 1839; x_wconf 86' lang='lat' dir='ltr'><strong>dem</strong></span> <span class='ocrx_word' id='word_1_256' title='bbox 243 1787 538 1840; x_wconf 73' lang='lat' dir='ltr'><strong>amplitudinis,</strong></span> <span class='ocrx_word' id='word_1_257' title='bbox 577 1788 611 1827; x_wconf 89' lang='lat' dir='ltr'><strong>si</strong></span> <span class='ocrx_word' id='word_1_258' title='bbox 648 1788 797 1839; x_wconf 83' lang='lat' dir='ltr'><strong>figurae</strong></span> <span class='ocrx_word' id='word_1_259' title='bbox 836 1787 962 1827; x_wconf 90' lang='lat' dir='ltr'><strong>eidem</strong></span> <span class='ocrx_word' id='word_1_260' title='bbox 993 1785 1079 1826; x_wconf 91' lang='lat' dir='ltr'><strong>orbi</strong></span> <span class='ocrx_word' id='word_1_261' title='bbox 1115 1785 1397 1826; x_wconf 83' lang='lat' dir='ltr'><strong>inscribantur.</strong></span> <span class='ocrx_word' id='word_1_262' title='bbox 1425 1822 1431 1832; x_wconf 80' lang='grc'>,</span> <span class='ocrx_word' id='word_1_263' title='bbox 1461 1787 1623 1827; x_wconf 86' lang='lat' dir='ltr'><strong>Habent</strong></span> <span class='ocrx_word' id='word_1_264' title='bbox 1654 1786 1770 1841; x_wconf 66' lang='lat' dir='ltr'><strong>euim⁴</strong></span> <span class='ocrx_word' id='word_1_265' title='bbox 1800 1786 1922 1826; x_wconf 79' lang='lat' dir='ltr'><strong>bases</strong></span> 
     </span>
    </p>
   </div>
   <div class='ocr_carea' id='block_1_9' title="bbox 34 1843 1922 2015">
    <p class='ocr_par' dir='ltr' id='par_1_10' title="bbox 31 1843 1922 2015">
     <span class='ocr_line' id='line_1_30' title="bbox 113 1843 1922 1899; baseline -0.002 -12.173"><span class='ocrx_word' id='word_1_266' title='bbox 113 1847 317 1899; x_wconf 74' lang='lat' dir='ltr'><strong>utriusque</strong></span> <span class='ocrx_word' id='word_1_267' title='bbox 353 1846 504 1898; x_wconf 85' lang='lat' dir='ltr'><strong>figurae</strong></span> <span class='ocrx_word' id='word_1_268' title='bbox 541 1846 707 1886; x_wconf 88' lang='lat' dir='ltr'><strong>eundem</strong></span> <span class='ocrx_word' id='word_1_269' title='bbox 747 1846 900 1886; x_wconf 88' lang='lat' dir='ltr'><strong>radium</strong></span> <span class='ocrx_word' id='word_1_270' title='bbox 932 1845 1065 1893; x_wconf 86' lang='lat' dir='ltr'><strong>OEucl.</strong></span> <span class='ocrx_word' id='word_1_271' title='bbox 1098 1844 1217 1891; x_wconf 82' lang='lat' dir='ltr'><strong>XIV,</strong></span> <span class='ocrx_word' id='word_1_272' title='bbox 1249 1843 1309 1892; x_wconf 91' lang='lat'><strong>2).</strong></span> <span class='ocrx_word' id='word_1_273' title='bbox 1371 1845 1484 1884; x_wconf 90' lang='lat' dir='ltr'><strong>Idem</strong></span> <span class='ocrx_word' id='word_1_274' title='bbox 1518 1845 1713 1898; x_wconf 90' lang='lat' dir='ltr'><strong>judicium</strong></span> <span class='ocrx_word' id='word_1_275' title='bbox 1751 1849 1839 1884; x_wconf 89' lang='lat' dir='ltr'><strong>esto</strong></span> <span class='ocrx_word' id='word_1_276' title='bbox 1872 1844 1922 1883; x_wconf 89' lang='lat' dir='ltr'><strong>de</strong></span> 
     </span>
     <span class='ocr_line' id='line_1_31' title="bbox 113 1903 1919 1956; baseline -0.002 -11.129"><span class='ocrx_word' id='word_1_277' title='bbox 113 1905 214 1945; x_wconf 84' lang='lat' dir='ltr'><strong>cubo</strong></span> <span class='ocrx_word' id='word_1_278' title='bbox 243 1910 287 1946; x_wconf 89' lang='lat' dir='ltr'><strong>et</strong></span> <span class='ocrx_word' id='word_1_279' title='bbox 315 1905 521 1947; x_wconf 75' lang='lat' dir='ltr'><strong>octaedro.</strong></span> <span class='ocrx_word' id='word_1_280' title='bbox 584 1905 687 1944; x_wconf 74' lang='lat' dir='ltr'><strong>&#39;Nam</strong></span> <span class='ocrx_word' id='word_1_281' title='bbox 721 1905 807 1944; x_wconf 84' lang='lat' dir='ltr'><strong>axis</strong></span> <span class='ocrx_word' id='word_1_282' title='bbox 837 1910 975 1956; x_wconf 89' lang='lat' dir='ltr'><strong>potest</strong></span> <span class='ocrx_word' id='word_1_283' title='bbox 1006 1904 1167 1954; x_wconf 89' lang='lat' dir='ltr'><strong>triplum</strong></span> <span class='ocrx_word' id='word_1_284' title='bbox 1199 1904 1326 1943; x_wconf 88' lang='lat' dir='ltr'><strong>cubici</strong></span> <span class='ocrx_word' id='word_1_285' title='bbox 1364 1904 1529 1952; x_wconf 81' lang='lat' dir='ltr'><strong>lateris,</strong></span> <span class='ocrx_word' id='word_1_286' title='bbox 1571 1910 1613 1944; x_wconf 88' lang='lat' dir='ltr'><strong>et</strong></span> <span class='ocrx_word' id='word_1_287' title='bbox 1651 1904 1724 1943; x_wconf 89' lang='lat' dir='ltr'><strong>hoc</strong></span> <span class='ocrx_word' id='word_1_288' title='bbox 1757 1903 1919 1953; x_wconf 90' lang='lat' dir='ltr'><strong>duplum</strong></span> 
     </span>
     <span class='ocr_line' id='line_1_32' title="bbox 34 1961 1918 2015; baseline -0.002 -11"><span class='ocrx_word' id='word_1_289' title='bbox 34 1964 37 1965; x_wconf 47' lang='lat'><em>⁷</em></span> <span class='ocrx_word' id='word_1_290' title='bbox 113 1963 217 2004; x_wconf 73' lang='lat' dir='ltr'><strong>radii</strong></span> <span class='ocrx_word' id='word_1_291' title='bbox 245 1963 287 2004; x_wconf 86' lang='lat' dir='ltr'><strong>in</strong></span> <span class='ocrx_word' id='word_1_292' title='bbox 318 1963 424 2012; x_wconf 81' lang='lat' dir='ltr'><strong>basi,</strong></span> <span class='ocrx_word' id='word_1_293' title='bbox 465 1976 561 2015; x_wconf 86' lang='lat' dir='ltr'><strong>ergo</strong></span> <span class='ocrx_word' id='word_1_294' title='bbox 592 1964 680 2002; x_wconf 81' lang='lat' dir='ltr'><strong>axis</strong></span> <span class='ocrx_word' id='word_1_295' title='bbox 713 1970 850 2014; x_wconf 86' lang='lat' dir='ltr'><strong>potest</strong></span> <span class='ocrx_word' id='word_1_296' title='bbox 878 1963 1104 2015; x_wconf 85' lang='lat' dir='ltr'><strong>sextuplum</strong></span> <span class='ocrx_word' id='word_1_297' title='bbox 1137 1962 1238 2002; x_wconf 89' lang='lat' dir='ltr'><strong>radii</strong></span> <span class='ocrx_word' id='word_1_298' title='bbox 1278 1963 1316 2002; x_wconf 92' lang='lat' dir='ltr'><strong>in</strong></span> <span class='ocrx_word' id='word_1_299' title='bbox 1349 1962 1456 2002; x_wconf 83' lang='lat' dir='ltr'><strong>basi:</strong></span> <span class='ocrx_word' id='word_1_300' title='bbox 1497 1962 1535 2002; x_wconf 89' lang='lat' dir='ltr'><strong>in</strong></span> <span class='ocrx_word' id='word_1_301' title='bbox 1567 1962 1761 2002; x_wconf 72' lang='lat' dir='ltr'><strong>octaedro</strong></span> <span class='ocrx_word' id='word_1_302' title='bbox 1793 1961 1918 2001; x_wconf 85' lang='lat' dir='ltr'><strong>vicis-</strong></span> 
     </span>
    </p>
   </div>
   <div class='ocr_carea' id='block_1_10' title="bbox 113 2020 1921 2133">
    <p class='ocr_par' dir='ltr' id='par_1_11' title="bbox 113 2020 1921 2133">
     <span class='ocr_line' id='line_1_33' title="bbox 114 2020 1920 2074; baseline -0.002 -12"><span class='ocrx_word' id='word_1_303' title='bbox 114 2021 191 2065; x_wconf 78' lang='lat' dir='ltr'><strong>sim</strong></span> <span class='ocrx_word' id='word_1_304' title='bbox 219 2021 309 2062; x_wconf 82' lang='lat' dir='ltr'><strong>axis</strong></span> <span class='ocrx_word' id='word_1_305' title='bbox 339 2028 477 2074; x_wconf 85' lang='lat' dir='ltr'><strong>potest</strong></span> <span class='ocrx_word' id='word_1_306' title='bbox 506 2022 668 2074; x_wconf 89' lang='lat' dir='ltr'><strong>duplum</strong></span> <span class='ocrx_word' id='word_1_307' title='bbox 701 2022 857 2070; x_wconf 85' lang='lat' dir='ltr'><strong>lateris,</strong></span> <span class='ocrx_word' id='word_1_308' title='bbox 898 2028 941 2062; x_wconf 89' lang='lat' dir='ltr'><strong>et</strong></span> <span class='ocrx_word' id='word_1_309' title='bbox 971 2022 1057 2061; x_wconf 88' lang='lat' dir='ltr'><strong>hoc.</strong></span> <span class='ocrx_word' id='word_1_310' title='bbox 1077 2021 1236 2072; x_wconf 86' lang='lat' dir='ltr'><strong>triplum</strong></span> <span class='ocrx_word' id='word_1_311' title='bbox 1270 2020 1373 2060; x_wconf 89' lang='lat' dir='ltr'><strong>radii</strong></span> <span class='ocrx_word' id='word_1_312' title='bbox 1409 2021 1447 2060; x_wconf 91' lang='lat' dir='ltr'><strong>in</strong></span> <span class='ocrx_word' id='word_1_313' title='bbox 1483 2021 1587 2061; x_wconf 86' lang='lat' dir='ltr'><strong>basi.</strong></span> <span class='ocrx_word' id='word_1_314' title='bbox 1650 2021 1794 2060; x_wconf 87' lang='lat' dir='ltr'><strong>Potest</strong></span> <span class='ocrx_word' id='word_1_315' title='bbox 1825 2032 1920 2071; x_wconf 87' lang='lat' dir='ltr'><strong>ergo</strong></span> 
     </span>
     <span class='ocr_line' id='line_1_34' title="bbox 113 2077 1921 2133; baseline -0.002 -13"><span class='ocrx_word' id='word_1_316' title='bbox 113 2080 237 2120; x_wconf 85' lang='lat' dir='ltr'><strong>etiam</strong></span> <span class='ocrx_word' id='word_1_317' title='bbox 277 2081 342 2121; x_wconf 90' lang='lat' dir='ltr'><strong>hic</strong></span> <span class='ocrx_word' id='word_1_318' title='bbox 380 2081 468 2120; x_wconf 84' lang='lat' dir='ltr'><strong>axis</strong></span> <span class='ocrx_word' id='word_1_319' title='bbox 507 2081 730 2132; x_wconf 82' lang='lat' dir='ltr'><strong>sextuplum</strong></span> <span class='ocrx_word' id='word_1_320' title='bbox 762 2081 877 2121; x_wconf 88' lang='lat' dir='ltr'><strong>radii.</strong></span> <span class='ocrx_word' id='word_1_321' title='bbox 942 2079 1042 2120; x_wconf 89' lang='lat' dir='ltr'><strong>Cum</strong></span> <span class='ocrx_word' id='word_1_322' title='bbox 1073 2093 1168 2131; x_wconf 84' lang='lat' dir='ltr'><strong>ergo</strong></span> <span class='ocrx_word' id='word_1_323' title='bbox 1212 2079 1266 2118; x_wconf 80' lang='lat' dir='ltr'><strong>sit</strong></span> <span class='ocrx_word' id='word_1_324' title='bbox 1299 2093 1348 2118; x_wconf 79' lang='lat' dir='ltr'><strong>ex</strong></span> <span class='ocrx_word' id='word_1_325' title='bbox 1390 2079 1603 2133; x_wconf 86' lang='lat' dir='ltr'><strong>hypothesi</strong></span> <span class='ocrx_word' id='word_1_326' title='bbox 1642 2079 1746 2118; x_wconf 85' lang='lat' dir='ltr'><strong>idem</strong></span> <span class='ocrx_word' id='word_1_327' title='bbox 1783 2077 1921 2118; x_wconf 85' lang='lat' dir='ltr'><strong>radius</strong></span> 
     </span>
    </p>
   </div>
   <div class='ocr_carea' id='block_1_11' title="bbox 31 2137 1918 2190">
    <p class='ocr_par' dir='ltr' id='par_1_12' title="bbox 31 2137 1918 2190">
     <span class='ocr_line' id='line_1_35' title="bbox 31 2137 1918 2190; baseline -0.002 -10"><span class='ocrx_word' id='word_1_328' title='bbox 31 2138 35 2144; x_wconf 82' lang='grc'>’</span> <span class='ocrx_word' id='word_1_329' title='bbox 114 2138 500 2190; x_wconf 86' lang='lat' dir='ltr'><strong>circumscriptorum</strong></span> <span class='ocrx_word' id='word_1_330' title='bbox 538 2140 623 2178; x_wconf 85' lang='lat' dir='ltr'><strong>sive</strong></span> <span class='ocrx_word' id='word_1_331' title='bbox 661 2138 738 2179; x_wconf 89' lang='grc' dir='ltr'><strong>ΗΟ</strong></span> <span class='ocrx_word' id='word_1_332' title='bbox 771 2140 857 2190; x_wconf 84' lang='lat' dir='ltr'><strong>(fig.</strong></span> <span class='ocrx_word' id='word_1_333' title='bbox 896 2138 967 2186; x_wconf 88' lang='grc'><strong>18)</strong></span> <span class='ocrx_word' id='word_1_334' title='bbox 1000 2139 1131 2190; x_wconf 86' lang='lat' dir='ltr'><strong>sitque</strong></span> <span class='ocrx_word' id='word_1_335' title='bbox 1172 2138 1277 2177; x_wconf 86' lang='lat' dir='ltr'><strong>idem</strong></span> <span class='ocrx_word' id='word_1_336' title='bbox 1315 2138 1435 2178; x_wconf 85' lang='lat' dir='ltr'><strong>etiam</strong></span> <span class='ocrx_word' id='word_1_337' title='bbox 1475 2139 1610 2178; x_wconf 89' lang='lat' dir='ltr'><strong>radius</strong></span> <span class='ocrx_word' id='word_1_338' title='bbox 1652 2138 1808 2177; x_wconf 90' lang='lat' dir='ltr'><strong>basium</strong></span> <span class='ocrx_word' id='word_1_339' title='bbox 1845 2137 1918 2184; x_wconf 86' lang='lat' dir='ltr'><strong>HI,</strong></span> 
     </span>
    </p>
   </div>
   <div class='ocr_carea' id='block_1_12' title="bbox 114 2196 1920 2248">
    <p class='ocr_par' dir='ltr' id='par_1_13' title="bbox 114 2196 1920 2248">
     <span class='ocr_line' id='line_1_36' title="bbox 114 2196 1920 2248; baseline -0.002 -11"><span class='ocrx_word' id='word_1_340' title='bbox 114 2203 157 2237; x_wconf 85' lang='lat' dir='ltr'><strong>et</strong></span> <span class='ocrx_word' id='word_1_341' title='bbox 181 2196 279 2237; x_wconf 88' lang='lat' dir='ltr'><strong>HIO</strong></span> <span class='ocrx_word' id='word_1_342' title='bbox 311 2209 467 2248; x_wconf 83' lang='lat' dir='ltr'><strong>semper</strong></span> <span class='ocrx_word' id='word_1_343' title='bbox 496 2203 651 2236; x_wconf 89' lang='lat' dir='ltr'><strong>rectus:</strong></span> <span class='ocrx_word' id='word_1_344' title='bbox 684 2210 779 2248; x_wconf 84' lang='lat' dir='ltr'><strong>ergo</strong></span> <span class='ocrx_word' id='word_1_345' title='bbox 812 2198 934 2237; x_wconf 88' lang='lat' dir='ltr'><strong>etiam</strong></span> <span class='ocrx_word' id='word_1_346' title='bbox 965 2198 1100 2237; x_wconf 90' lang='lat' dir='ltr'><strong>radius</strong></span> <span class='ocrx_word' id='word_1_347' title='bbox 1132 2196 1422 2248; x_wconf 88' lang='lat' dir='ltr'><strong>inscriptorum,</strong></span> <span class='ocrx_word' id='word_1_348' title='bbox 1457 2198 1618 2237; x_wconf 89' lang='lat' dir='ltr'><strong>tertium</strong></span> <span class='ocrx_word' id='word_1_349' title='bbox 1645 2209 1786 2247; x_wconf 87' lang='lat' dir='ltr'><strong>nempe</strong></span> <span class='ocrx_word' id='word_1_350' title='bbox 1813 2196 1920 2235; x_wconf 87' lang='lat' dir='ltr'><strong>latus</strong></span> 
     </span>
    </p>
   </div>
   <div class='ocr_carea' id='block_1_13' title="bbox 4 2253 1918 2367">
    <p class='ocr_par' dir='ltr' id='par_1_14' title="bbox 4 2251 1918 2367">
     <span class='ocr_line' id='line_1_37' title="bbox 4 2253 1918 2308; baseline -0.002 -12"><span class='ocrx_word' id='word_1_351' title='bbox 4 2299 5 2308; x_wconf 12' lang='grc' dir='ltr'>ἵ</span> <span class='ocrx_word' id='word_1_352' title='bbox 114 2254 194 2303; x_wconf 91' lang='grc' dir='ltr'><strong>ΟΙ,</strong></span> <span class='ocrx_word' id='word_1_353' title='bbox 227 2256 334 2295; x_wconf 92' lang='lat' dir='ltr'><strong>idem</strong></span> <span class='ocrx_word' id='word_1_354' title='bbox 365 2255 442 2295; x_wconf 89' lang='lat' dir='ltr'><strong>erit</strong></span> <span class='ocrx_word' id='word_1_355' title='bbox 473 2255 607 2302; x_wconf 79' lang='lat' dir='ltr'><strong>(Eucl.</strong></span> <span class='ocrx_word' id='word_1_356' title='bbox 633 2257 666 2303; x_wconf 86' lang='grc' dir='ltr'><strong>Ι,</strong></span> <span class='ocrx_word' id='word_1_357' title='bbox 700 2254 755 2295; x_wconf 86' lang='grc'><strong>26</strong></span> <span class='ocrx_word' id='word_1_358' title='bbox 788 2259 938 2303; x_wconf 58' lang='lat' dir='ltr'><strong>conv).</strong></span> <span class='ocrx_word' id='word_1_359' title='bbox 1003 2254 1137 2301; x_wconf 85' lang='lat' dir='ltr'><strong>Quare</strong></span> <span class='ocrx_word' id='word_1_360' title='bbox 1171 2254 1319 2294; x_wconf 88' lang='lat' dir='ltr'><strong>habitis</strong></span> <span class='ocrx_word' id='word_1_361' title='bbox 1345 2256 1433 2295; x_wconf 89' lang='lat' dir='ltr'><strong>cubi</strong></span> <span class='ocrx_word' id='word_1_362' title='bbox 1468 2262 1509 2295; x_wconf 89' lang='lat' dir='ltr'><strong>et</strong></span> <span class='ocrx_word' id='word_1_363' title='bbox 1539 2254 1738 2295; x_wconf 71' lang='lat' dir='ltr'><strong>icosaedri</strong></span> <span class='ocrx_word' id='word_1_364' title='bbox 1771 2253 1918 2294; x_wconf 89' lang='lat' dir='ltr'><strong>inscri-</strong></span> 
     </span>
     <span class='ocr_line' id='line_1_38' title="bbox 5 2313 1374 2367; baseline -0.001 -12"><span class='ocrx_word' id='word_1_365' title='bbox 5 2336 7 2338; x_wconf 49' lang='grc'>’</span> <span class='ocrx_word' id='word_1_366' title='bbox 37 2318 46 2366; x_wconf 76' lang='lat' dir='ltr'><strong>&#39;j</strong></span> <span class='ocrx_word' id='word_1_367' title='bbox 112 2314 209 2367; x_wconf 85' lang='lat' dir='ltr'><strong>ptis,</strong></span> <span class='ocrx_word' id='word_1_368' title='bbox 241 2314 292 2353; x_wconf 90' lang='lat' dir='ltr'><strong>de</strong></span> <span class='ocrx_word' id='word_1_369' title='bbox 325 2314 515 2353; x_wconf 69' lang='lat' dir='ltr'><strong>octaedro</strong></span> <span class='ocrx_word' id='word_1_370' title='bbox 548 2320 590 2352; x_wconf 88' lang='lat' dir='ltr'><strong>et</strong></span> <span class='ocrx_word' id='word_1_371' title='bbox 622 2314 871 2354; x_wconf 69' lang='lat' dir='ltr'><strong>dodecaedro</strong></span> <span class='ocrx_word' id='word_1_372' title='bbox 904 2314 1001 2353; x_wconf 88' lang='lat' dir='ltr'><strong>nihil</strong></span> <span class='ocrx_word' id='word_1_373' title='bbox 1034 2326 1131 2364; x_wconf 90' lang='lat' dir='ltr'><strong>opus</strong></span> <span class='ocrx_word' id='word_1_374' title='bbox 1163 2313 1374 2364; x_wconf 86' lang='lat' dir='ltr'><strong>inquirere.</strong></span> 
     </span>
    </p>
   </div>
   <div class='ocr_carea' id='block_1_14' title="bbox 216 2370 1914 2424">
    <p class='ocr_par' dir='ltr' id='par_1_15' title="bbox 216 2370 1914 2424">
     <span class='ocr_line' id='line_1_39' title="bbox 216 2370 1914 2424; baseline -0.002 -12"><span class='ocrx_word' id='word_1_375' title='bbox 216 2372 385 2412; x_wconf 90' lang='lat' dir='ltr'><strong>&#39;Deinde</strong></span> <span class='ocrx_word' id='word_1_376' title='bbox 425 2372 465 2412; x_wconf 91' lang='lat' dir='ltr'><strong>in</strong></span> <span class='ocrx_word' id='word_1_377' title='bbox 497 2372 597 2411; x_wconf 89' lang='lat' dir='ltr'><strong>cubo</strong></span> <span class='ocrx_word' id='word_1_378' title='bbox 635 2385 722 2412; x_wconf 91' lang='lat' dir='ltr'><strong>cum</strong></span> <span class='ocrx_word' id='word_1_379' title='bbox 762 2373 890 2424; x_wconf 85' lang='lat' dir='ltr'><strong>ipsum</strong></span> <span class='ocrx_word' id='word_1_380' title='bbox 923 2373 1029 2412; x_wconf 89' lang='lat' dir='ltr'><strong>latus</strong></span> <span class='ocrx_word' id='word_1_381' title='bbox 1061 2372 1116 2411; x_wconf 88' lang='lat' dir='ltr'><strong>sit</strong></span> <span class='ocrx_word' id='word_1_382' title='bbox 1146 2372 1317 2411; x_wconf 85' lang='lat' dir='ltr'><strong>altitudo</strong></span> <span class='ocrx_word' id='word_1_383' title='bbox 1354 2371 1524 2423; x_wconf 87' lang='lat' dir='ltr'><strong>figurae,</strong></span> <span class='ocrx_word' id='word_1_384' title='bbox 1569 2370 1775 2410; x_wconf 87' lang='lat' dir='ltr'><strong>dimidium</strong></span> <span class='ocrx_word' id='word_1_385' title='bbox 1806 2370 1914 2409; x_wconf 90' lang='lat' dir='ltr'><strong>latus</strong></span> 
     </span>
    </p>
   </div>
   <div class='ocr_carea' id='block_1_15' title="bbox 6 2413 1914 2542">
    <p class='ocr_par' dir='ltr' id='par_1_16' title="bbox 6 2413 1914 2542">
     <span class='ocr_line' id='line_1_40' title="bbox 6 2413 1914 2482; baseline -0.002 -11"><span class='ocrx_word' id='word_1_386' title='bbox 6 2413 41 2469; x_wconf 58' lang='lat'><strong>³1¹</strong></span> <span class='ocrx_word' id='word_1_387' title='bbox 114 2431 278 2471; x_wconf 87' lang='lat' dir='ltr'><strong>dimidia</strong></span> <span class='ocrx_word' id='word_1_388' title='bbox 307 2431 384 2471; x_wconf 85' lang='lat' dir='ltr'><strong>erit</strong></span> <span class='ocrx_word' id='word_1_389' title='bbox 415 2430 603 2478; x_wconf 79' lang='lat' dir='ltr'><strong>altitudo,</strong></span> <span class='ocrx_word' id='word_1_390' title='bbox 650 2443 790 2482; x_wconf 88' lang='lat' dir='ltr'><strong>nempe</strong></span> <span class='ocrx_word' id='word_1_391' title='bbox 823 2431 926 2470; x_wconf 90' lang='lat' dir='ltr'><strong>linea</strong></span> <span class='ocrx_word' id='word_1_392' title='bbox 957 2436 1197 2470; x_wconf 88' lang='lat' dir='ltr'><strong>connectens</strong></span> <span class='ocrx_word' id='word_1_393' title='bbox 1228 2435 1368 2469; x_wconf 86' lang='lat' dir='ltr'><strong>centra</strong></span> <span class='ocrx_word' id='word_1_394' title='bbox 1407 2430 1556 2481; x_wconf 86' lang='lat' dir='ltr'><strong>figurae</strong></span> <span class='ocrx_word' id='word_1_395' title='bbox 1589 2435 1631 2468; x_wconf 89' lang='lat' dir='ltr'><strong>et</strong></span> <span class='ocrx_word' id='word_1_396' title='bbox 1662 2429 1783 2469; x_wconf 86' lang='lat' dir='ltr'><strong>basis.</strong></span> <span class='ocrx_word' id='word_1_397' title='bbox 1845 2428 1914 2467; x_wconf 91' lang='lat' dir='ltr'><strong>Nil</strong></span> 
     </span>
     <span class='ocr_line' id='line_1_41' title="bbox 21 2488 992 2542; baseline -0.002 -12"><span class='ocrx_word' id='word_1_398' title='bbox 21 2503 49 2534; x_wconf 71' lang='lat'><strong>&#39;1</strong></span> <span class='ocrx_word' id='word_1_399' title='bbox 114 2489 236 2542; x_wconf 80' lang='lat' dir='ltr'><strong>igitur</strong></span> <span class='ocrx_word' id='word_1_400' title='bbox 266 2502 365 2542; x_wconf 87' lang='lat' dir='ltr'><strong>opus</strong></span> <span class='ocrx_word' id='word_1_401' title='bbox 396 2489 653 2542; x_wconf 88' lang='lat' dir='ltr'><strong>inquisitione</strong></span> <span class='ocrx_word' id='word_1_402' title='bbox 686 2489 786 2528; x_wconf 88' lang='lat' dir='ltr'><strong>radii</strong></span> <span class='ocrx_word' id='word_1_403' title='bbox 820 2489 858 2528; x_wconf 91' lang='lat' dir='ltr'><strong>in</strong></span> <span class='ocrx_word' id='word_1_404' title='bbox 891 2488 992 2528; x_wconf 90' lang='lat' dir='ltr'><strong>basi.</strong></span> 
     </span>
    </p>
   </div>
   <div class='ocr_carea' id='block_1_16' title="bbox 230 2544 1915 2600">
    <p class='ocr_par' dir='ltr' id='par_1_17' title="bbox 230 2544 1915 2600">
     <span class='ocr_line' id='line_1_42' title="bbox 230 2544 1915 2600; baseline -0.002 -13"><span class='ocrx_word' id='word_1_405' title='bbox 230 2547 366 2588; x_wconf 88' lang='lat' dir='ltr'><strong>Tertio</strong></span> <span class='ocrx_word' id='word_1_406' title='bbox 397 2548 577 2588; x_wconf 72' lang='lat' dir='ltr'><strong>octaedri</strong></span> <span class='ocrx_word' id='word_1_407' title='bbox 609 2553 650 2586; x_wconf 87' lang='lat' dir='ltr'><strong>et</strong></span> <span class='ocrx_word' id='word_1_408' title='bbox 680 2547 901 2600; x_wconf 88' lang='lat' dir='ltr'><strong>pyramidis</strong></span> <span class='ocrx_word' id='word_1_409' title='bbox 933 2546 1157 2598; x_wconf 88' lang='lat' dir='ltr'><strong>aequalium</strong></span> <span class='ocrx_word' id='word_1_410' title='bbox 1195 2547 1361 2586; x_wconf 85' lang='lat' dir='ltr'><strong>laterum</strong></span> <span class='ocrx_word' id='word_1_411' title='bbox 1404 2551 1469 2584; x_wconf 91' lang='lat' dir='ltr'><strong>est</strong></span> <span class='ocrx_word' id='word_1_412' title='bbox 1500 2546 1640 2584; x_wconf 88' lang='lat' dir='ltr'><strong>eadem</strong></span> <span class='ocrx_word' id='word_1_413' title='bbox 1674 2544 1861 2584; x_wconf 83' lang='lat' dir='ltr'><strong>altitudo.</strong></span> <span class='ocrx_word' id='word_1_414' title='bbox 1877 2546 1915 2592; x_wconf 76' lang='lat'><strong>⁸)</strong></span> 
     </span>
    </p>
   </div>
   <div class='ocr_carea' id='block_1_17' title="bbox 6 2580 1917 2718">
    <p class='ocr_par' dir='ltr' id='par_1_18' title="bbox 6 2580 1917 2718">
     <span class='ocr_line' id='line_1_43' title="bbox 6 2580 1917 2660; baseline -0.003 -13"><span class='ocrx_word' id='word_1_415' title='bbox 6 2580 15 2624; x_wconf 49' lang='grc' dir='ltr'>Ξ</span> <span class='ocrx_word' id='word_1_416' title='bbox 115 2605 277 2652; x_wconf 86' lang='lat' dir='ltr'><strong>Quanto</strong></span> <span class='ocrx_word' id='word_1_417' title='bbox 309 2607 438 2658; x_wconf 87' lang='lat' dir='ltr'><strong>majus</strong></span> <span class='ocrx_word' id='word_1_418' title='bbox 469 2606 593 2658; x_wconf 84' lang='lat' dir='ltr'><strong>igitur</strong></span> <span class='ocrx_word' id='word_1_419' title='bbox 624 2606 729 2645; x_wconf 87' lang='lat' dir='ltr'><strong>latus</strong></span> <span class='ocrx_word' id='word_1_420' title='bbox 760 2605 999 2660; x_wconf 77' lang='lat' dir='ltr'><strong>pyramidis,</strong></span> <span class='ocrx_word' id='word_1_421' title='bbox 1034 2610 1147 2644; x_wconf 87' lang='lat' dir='ltr'><strong>tanto</strong></span> <span class='ocrx_word' id='word_1_422' title='bbox 1179 2604 1298 2643; x_wconf 87' lang='lat' dir='ltr'><strong>altior</strong></span> <span class='ocrx_word' id='word_1_423' title='bbox 1338 2604 1459 2643; x_wconf 88' lang='lat' dir='ltr'><strong>etiam</strong></span> <span class='ocrx_word' id='word_1_424' title='bbox 1491 2604 1580 2654; x_wconf 87' lang='lat' dir='ltr'><strong>ipsa</strong></span> <span class='ocrx_word' id='word_1_425' title='bbox 1610 2604 1750 2654; x_wconf 85' lang='lat' dir='ltr'><strong>figura.</strong></span> <span class='ocrx_word' id='word_1_426' title='bbox 1812 2602 1917 2642; x_wconf 84' lang='lat' dir='ltr'><strong>Item</strong></span> 
     </span>
     <span class='ocr_line' id='line_1_44' title="bbox 54 2660 1914 2718; baseline -0.003 -13.016"><span class='ocrx_word' id='word_1_427' title='bbox 54 2678 59 2694; x_wconf 66' lang='lat'>³</span> <span class='ocrx_word' id='word_1_428' title='bbox 114 2665 331 2704; x_wconf 69' lang='lat' dir='ltr'><strong>octaedron</strong></span> <span class='ocrx_word' id='word_1_429' title='bbox 362 2671 404 2704; x_wconf 88' lang='lat' dir='ltr'><strong>et</strong></span> <span class='ocrx_word' id='word_1_430' title='bbox 431 2666 608 2718; x_wconf 90' lang='lat' dir='ltr'><strong>pyramis</strong></span> <span class='ocrx_word' id='word_1_431' title='bbox 635 2665 754 2715; x_wconf 89' lang='lat' dir='ltr'><strong>duplo</strong></span> <span class='ocrx_word' id='word_1_432' title='bbox 786 2664 979 2715; x_wconf 81' lang='lat' dir='ltr'><strong>majorum</strong></span> <span class='ocrx_word' id='word_1_433' title='bbox 1017 2663 1184 2702; x_wconf 75' lang='lat' dir='ltr'><strong>laterum</strong></span> <span class='ocrx_word' id='word_1_434' title='bbox 1221 2662 1371 2702; x_wconf 86' lang='lat' dir='ltr'><strong>habent</strong></span> <span class='ocrx_word' id='word_1_435' title='bbox 1402 2662 1570 2701; x_wconf 91' lang='lat' dir='ltr'><strong>eundem</strong></span> <span class='ocrx_word' id='word_1_436' title='bbox 1602 2661 1737 2701; x_wconf 91' lang='lat' dir='ltr'><strong>orbem</strong></span> <span class='ocrx_word' id='word_1_437' title='bbox 1767 2660 1914 2710; x_wconf 62' lang='lat' dir='ltr'><strong>inscri-&gt;</strong></span> 
     </span>
    </p>
   </div>
   <div class='ocr_carea' id='block_1_18' title="bbox 58 2716 1915 2831">
    <p class='ocr_par' dir='ltr' id='par_1_19' title="bbox 58 2716 1915 2831">
     <span class='ocr_line' id='line_1_45' title="bbox 58 2716 1915 2777; baseline -0.002 -14"><span class='ocrx_word' id='word_1_438' title='bbox 58 2716 59 2720; x_wconf 32' lang='lat'>¹</span> <span class='ocrx_word' id='word_1_439' title='bbox 113 2720 240 2774; x_wconf 81' lang='lat' dir='ltr'><strong>ptum.</strong></span> <span class='ocrx_word' id='word_1_440' title='bbox 300 2724 405 2763; x_wconf 80' lang='lat' dir='ltr'><strong>Nam</strong></span> <span class='ocrx_word' id='word_1_441' title='bbox 436 2724 611 2777; x_wconf 86' lang='lat' dir='ltr'><strong>pyramis</strong></span> <span class='ocrx_word' id='word_1_442' title='bbox 644 2723 677 2762; x_wconf 91' lang='lat' dir='ltr'><strong>si</strong></span> <span class='ocrx_word' id='word_1_443' title='bbox 710 2730 868 2762; x_wconf 86' lang='lat' dir='ltr'><strong>secetur</strong></span> <span class='ocrx_word' id='word_1_444' title='bbox 898 2722 1039 2761; x_wconf 84' lang='lat' dir='ltr'><strong>mediis</strong></span> <span class='ocrx_word' id='word_1_445' title='bbox 1066 2722 1277 2767; x_wconf 85' lang='lat' dir='ltr'><strong>lateribus,</strong></span> <span class='ocrx_word' id='word_1_446' title='bbox 1312 2720 1486 2760; x_wconf 86' lang='lat' dir='ltr'><strong>concidit</strong></span> <span class='ocrx_word' id='word_1_447' title='bbox 1517 2720 1556 2760; x_wconf 93' lang='lat' dir='ltr'><strong>in</strong></span> <span class='ocrx_word' id='word_1_448' title='bbox 1588 2725 1759 2772; x_wconf 91' lang='lat' dir='ltr'><strong>quatuor</strong></span> <span class='ocrx_word' id='word_1_449' title='bbox 1787 2731 1915 2772; x_wconf 84' lang='lat' dir='ltr'><strong>pyra-</strong></span> 
     </span>
     <span class='ocr_line' id='line_1_46' title="bbox 114 2777 1912 2831; baseline -0.002 -10"><span class='ocrx_word' id='word_1_450' title='bbox 114 2781 244 2822; x_wconf 86' lang='lat' dir='ltr'><strong>midas</strong></span> <span class='ocrx_word' id='word_1_451' title='bbox 286 2787 328 2820; x_wconf 88' lang='lat' dir='ltr'><strong>et</strong></span> <span class='ocrx_word' id='word_1_452' title='bbox 367 2782 583 2822; x_wconf 70' lang='lat' dir='ltr'><strong>octaedron</strong></span> <span class='ocrx_word' id='word_1_453' title='bbox 624 2795 740 2821; x_wconf 90' lang='lat' dir='ltr'><strong>unum</strong></span> <span class='ocrx_word' id='word_1_454' title='bbox 785 2781 903 2831; x_wconf 92' lang='lat' dir='ltr'><strong>duplo</strong></span> <span class='ocrx_word' id='word_1_455' title='bbox 941 2780 1133 2819; x_wconf 90' lang='lat' dir='ltr'><strong>minorum</strong></span> <span class='ocrx_word' id='word_1_456' title='bbox 1167 2780 1351 2819; x_wconf 88' lang='lat' dir='ltr'><strong>laterum.</strong></span> <span class='ocrx_word' id='word_1_457' title='bbox 1417 2777 1595 2830; x_wconf 91' lang='lat' dir='ltr'><strong>Cumque</strong></span> <span class='ocrx_word' id='word_1_458' title='bbox 1626 2777 1803 2830; x_wconf 84' lang='lat' dir='ltr'><strong>pyramis</strong></span> <span class='ocrx_word' id='word_1_459' title='bbox 1834 2777 1912 2818; x_wconf 83' lang='lat' dir='ltr'><strong>ha-</strong></span> 
     </span>
    </p>
   </div>
   <div class='ocr_carea' id='block_1_19' title="bbox 16 2836 1913 2950">
    <p class='ocr_par' dir='ltr' id='par_1_20' title="bbox 16 2836 1913 2950">
     <span class='ocr_line' id='line_1_47' title="bbox 16 2836 1913 2891; baseline -0.002 -12"><span class='ocrx_word' id='word_1_460' title='bbox 16 2850 23 2868; x_wconf 74' lang='lat'><strong>-²</strong></span> <span class='ocrx_word' id='word_1_461' title='bbox 55 2867 62 2871; x_wconf 90' lang='grc'><strong>--</strong></span> <span class='ocrx_word' id='word_1_462' title='bbox 114 2839 210 2879; x_wconf 86' lang='lat' dir='ltr'><strong>beat</strong></span> <span class='ocrx_word' id='word_1_463' title='bbox 246 2845 414 2891; x_wconf 87' lang='lat' dir='ltr'><strong>quatuor</strong></span> <span class='ocrx_word' id='word_1_464' title='bbox 458 2840 608 2887; x_wconf 82' lang='lat' dir='ltr'><strong>facies,</strong></span> <span class='ocrx_word' id='word_1_465' title='bbox 653 2839 750 2879; x_wconf 89' lang='lat' dir='ltr'><strong>nulli</strong></span> <span class='ocrx_word' id='word_1_466' title='bbox 788 2852 922 2879; x_wconf 85' lang='lat' dir='ltr'><strong>earum</strong></span> <span class='ocrx_word' id='word_1_467' title='bbox 960 2844 1119 2877; x_wconf 88' lang='lat' dir='ltr'><strong>resecta</strong></span> <span class='ocrx_word' id='word_1_468' title='bbox 1156 2839 1330 2890; x_wconf 87' lang='lat' dir='ltr'><strong>pyramis</strong></span> <span class='ocrx_word' id='word_1_469' title='bbox 1369 2837 1496 2876; x_wconf 87' lang='lat' dir='ltr'><strong>minor</strong></span> <span class='ocrx_word' id='word_1_470' title='bbox 1540 2836 1680 2876; x_wconf 85' lang='lat' dir='ltr'><strong>adimit</strong></span> <span class='ocrx_word' id='word_1_471' title='bbox 1720 2840 1913 2883; x_wconf 87' lang='lat' dir='ltr'><strong>centrum,</strong></span> 
     </span>
     <span class='ocr_line' id='line_1_48' title="bbox 20 2894 1911 2950; baseline -0.003 -12"><span class='ocrx_word' id='word_1_472' title='bbox 20 2895 65 2928; x_wconf 59' lang='grc' dir='ltr'><em>Ἣ</em></span> <span class='ocrx_word' id='word_1_473' title='bbox 115 2902 253 2950; x_wconf 81' lang='lat' dir='ltr'><strong>utpote</strong></span> <span class='ocrx_word' id='word_1_474' title='bbox 291 2899 395 2950; x_wconf 87' lang='lat' dir='ltr'><strong>quod</strong></span> <span class='ocrx_word' id='word_1_475' title='bbox 426 2899 602 2938; x_wconf 89' lang='lat' dir='ltr'><strong>sectione</strong></span> <span class='ocrx_word' id='word_1_476' title='bbox 648 2899 763 2950; x_wconf 84' lang='lat' dir='ltr'><strong>longe</strong></span> <span class='ocrx_word' id='word_1_477' title='bbox 795 2897 958 2937; x_wconf 86' lang='lat' dir='ltr'><strong>inferius</strong></span> <span class='ocrx_word' id='word_1_478' title='bbox 991 2902 1076 2935; x_wconf 86' lang='lat' dir='ltr'><strong>est:</strong></span> <span class='ocrx_word' id='word_1_479' title='bbox 1117 2903 1251 2935; x_wconf 86' lang='lat' dir='ltr'><strong>manet</strong></span> <span class='ocrx_word' id='word_1_480' title='bbox 1290 2895 1410 2944; x_wconf 89' lang='lat' dir='ltr'><strong>igitur</strong></span> <span class='ocrx_word' id='word_1_481' title='bbox 1448 2895 1486 2933; x_wconf 92' lang='lat' dir='ltr'><strong>in</strong></span> <span class='ocrx_word' id='word_1_482' title='bbox 1524 2894 1715 2938; x_wconf 72' lang='lat' dir='ltr'><strong>octaedro</strong></span> <span class='ocrx_word' id='word_1_483' title='bbox 1747 2900 1911 2934; x_wconf 84' lang='lat' dir='ltr'><strong>exsecto</strong></span> 
     </span>
    </p>
   </div>
   <div class='ocr_carea' id='block_1_20' title="bbox 0 765 79 3242">
    <p class='ocr_par' dir='ltr' id='par_1_21' title="bbox 0 765 79 3242">
     <span class='ocr_line' id='line_1_49' title="bbox 0 765 79 3242; baseline 0 0"><span class='ocrx_word' id='word_1_484' title='bbox 0 765 79 3242; x_wconf 95' lang='lat' dir='ltr'><strong> </strong></span> 
     </span>
    </p>
   </div>
   <div class='ocr_carea' id='block_1_21' title="bbox 59 2952 1912 3067">
    <p class='ocr_par' dir='ltr' id='par_1_22' title="bbox 59 2952 1912 3067">
     <span class='ocr_line' id='line_1_50' title="bbox 59 2952 1912 3008; baseline -0.002 -12"><span class='ocrx_word' id='word_1_485' title='bbox 59 2953 62 2955; x_wconf 60' lang='grc'><strong>’</strong></span> <span class='ocrx_word' id='word_1_486' title='bbox 116 2956 224 2996; x_wconf 87' lang='lat' dir='ltr'><strong>orbis</strong></span> <span class='ocrx_word' id='word_1_487' title='bbox 256 2956 482 3008; x_wconf 88' lang='lat' dir='ltr'><strong>inscriptus,</strong></span> <span class='ocrx_word' id='word_1_488' title='bbox 515 2957 678 3008; x_wconf 87' lang='lat' dir='ltr'><strong>antiqua</strong></span> <span class='ocrx_word' id='word_1_489' title='bbox 709 2962 878 3008; x_wconf 86' lang='lat' dir='ltr'><strong>quatuor</strong></span> <span class='ocrx_word' id='word_1_490' title='bbox 910 2960 1048 3001; x_wconf 82' lang='lat' dir='ltr'><strong>centra</strong></span> <span class='ocrx_word' id='word_1_491' title='bbox 1078 2960 1121 2994; x_wconf 88' lang='lat' dir='ltr'><strong>et</strong></span> <span class='ocrx_word' id='word_1_492' title='bbox 1138 2967 1211 3006; x_wconf 87' lang='lat' dir='ltr'><strong>per</strong></span> <span class='ocrx_word' id='word_1_493' title='bbox 1230 2953 1498 2993; x_wconf 88' lang='lat' dir='ltr'><strong>definitionem</strong></span> <span class='ocrx_word' id='word_1_494' title='bbox 1517 2952 1713 3005; x_wconf 85' lang='lat' dir='ltr'><strong>regularis</strong></span> <span class='ocrx_word' id='word_1_495' title='bbox 1733 2953 1912 3004; x_wconf 87' lang='lat' dir='ltr'><strong>eorporis</strong></span> 
     </span>
     <span class='ocr_line' id='line_1_51' title="bbox 68 3011 1911 3067; baseline -0.001 -13"><span class='ocrx_word' id='word_1_496' title='bbox 68 3023 69 3027; x_wconf 77' lang='grc'>’</span> <span class='ocrx_word' id='word_1_497' title='bbox 115 3014 238 3054; x_wconf 85' lang='lat' dir='ltr'><strong>etiam</strong></span> <span class='ocrx_word' id='word_1_498' title='bbox 269 3026 373 3054; x_wconf 85' lang='lat' dir='ltr'><strong>nova</strong></span> <span class='ocrx_word' id='word_1_499' title='bbox 403 3021 571 3067; x_wconf 88' lang='lat' dir='ltr'><strong>quatuor</strong></span> <span class='ocrx_word' id='word_1_500' title='bbox 601 3028 650 3054; x_wconf 84' lang='lat' dir='ltr'><strong>ex</strong></span> <span class='ocrx_word' id='word_1_501' title='bbox 683 3015 858 3054; x_wconf 88' lang='lat' dir='ltr'><strong>sectione</strong></span> <span class='ocrx_word' id='word_1_502' title='bbox 891 3013 1123 3053; x_wconf 89' lang='lat' dir='ltr'><strong>accedentia</strong></span> <span class='ocrx_word' id='word_1_503' title='bbox 1157 3013 1274 3052; x_wconf 88' lang='lat' dir='ltr'><strong>simul</strong></span> <span class='ocrx_word' id='word_1_504' title='bbox 1307 3017 1490 3064; x_wconf 87' lang='lat' dir='ltr'><strong>tangens.</strong></span> <span class='ocrx_word' id='word_1_505' title='bbox 1535 3011 1654 3059; x_wconf 64' lang='lat' dir='ltr'><strong>‚Sive</strong></span> <span class='ocrx_word' id='word_1_506' title='bbox 1680 3011 1803 3063; x_wconf 83' lang='lat' dir='ltr'><strong>igitur</strong></span> <span class='ocrx_word' id='word_1_507' title='bbox 1833 3023 1911 3064; x_wconf 87' lang='lat' dir='ltr'><strong>py-</strong></span> 
     </span>
    </p>
   </div>
  </div>
 </body>
</html>
