1982 3268
0 1327 95 1408 sss

122 2719 372 2770 'gratissimo
418 2725 459 2758 et
497 2718 772 2759 lubentissimo
811 2717 941 2757 animo
980 2717 1136 2769 accepit
1166 2717 1379 2756 Paduanus
1410 2714 1740 2767 matffeiiiaticus,
1784 2717 1915 2759 nomin

146 108 202 158 36
936 111 1151 146 Prooemium.
1197 140 1202 149 ,

144 228 190 262 ut
220 234 354 274 supra.
411 217 519 272 Ergo
551 225 593 260 et
622 220 746 260 totius
771 220 887 260 EDA
916 219 1104 272 trianguli
1136 219 1266 259 latera
1296 225 1389 260 sunt
1420 220 1589 261 invicem
1618 222 1942 276 proportionalia.

146 280 410 322 corollarium
443 280 498 320 ΙΙ.
561 279 723 320 Datur
763 279 1018 332 proportio
1063 279 1282 320 laterum.
1344 279 1445 319 Dari
1488 285 1620 321 autem
1650 282 1944 334 proportionem

145 340 349 387 existimo,
383 339 418 379 si
449 339 716 392 exprimatur,
752 339 945 391 quomodo
978 351 1020 378 se
1052 338 1203 378 habeat
1235 339 1286 378 ad
1317 339 1438 379 aliam
1467 341 1764 392 proportionem
1793 347 1943 392 notam,

143 404 283 452 utpote
314 398 501 439 sectionis
533 398 748 439 secundum
781 405 997 438 extremam
1029 403 1069 438 et
1099 397 1270 437 mediam
1301 399 1509 439 rationem.
1572 399 1692 440 Fiant
1723 401 1845 454 igitur
1873 415 1946 455 per

142 457 222 508 46,
262 459 293 500 Ι.
338 471 457 510 super
507 455 533 498 3
578 458 770 498 lateribus
817 456 841 498 3
887 458 1084 510 quadrata
1133 463 1176 497 et
1225 458 1475 498 continuetur
1518 458 1591 498 DF
1632 472 1755 512 usque
1802 461 1854 501 ad
1897 459 1946 509 C,

145 531 245 571 quae
289 518 444 558 secabit
487 518 723 570 quadratum
766 518 909 569 majus.
986 515 1087 557 Cum
1129 529 1224 569 ergo
1262 529 1331 568 per
1361 514 1442 566 45,
1493 518 1526 557 I.
1570 519 1947 573 parallelogramma

142 577 236 623 EC,
288 576 363 618 CA
401 583 442 617 et
478 578 606 629 ipsum
644 582 772 616 totum
805 577 1040 630 quadratum
1072 576 1162 616 sint'
1183 577 1419 629 aequealta‚
1461 583 1576 617 erunt
1607 591 1679 630 per
1713 578 1755 628 1,
1789 580 1862 621 VI.
1894 581 1947 620 ad

142 637 309 678 invicem
340 642 384 678 ut
415 637 559 685 bases,
603 637 674 676 EF
694 665 703 682 ,
749 637 845 685 FA,
885 636 975 676 AE.
1036 635 1129 676 Jam
1161 641 1294 676 autem
1325 649 1395 688 per
1425 634 1501 686 47,
1536 637 1567 677 I.
1601 639 1838 690 quadratum
1867 638 1946 680 EG

143 702 337 750 aequatur
367 697 740 748 parallelogrammo
772 694 863 744 EO,
904 701 944 736 et
975 695 1145 736 alterum
1177 695 1254 735 BA
1285 695 1401 736 alteri
1431 695 1521 736 AC.
1583 697 1692 750 Ergo
1723 697 1819 745 EG,
1852 699 1941 748 BA,

142 757 220 797 AH
256 762 349 796 sunt
380 756 431 795 ad
463 755 631 796 invicem
662 761 706 795 ut
738 755 831 805 EF,
864 756 957 800 FA,
995 755 1085 796 AE.
1149 754 1231 795 Sed
1261 767 1332 807 per
1363 753 1437 803 20,
1479 756 1551 796 VI.
1595 757 1699 797 inter
1730 757 1819 807 EG,
1853 758 1942 807 BA,

144 816 228 856 ΑΗ.
255 815 404 855 similes
436 816 583 866 figuras
617 820 678 855 est
707 814 910 867 proportio
943 815 1147 866 duplicata
1165 815 1334 854 laterum
1360 814 1447 860 ED,
1480 814 1571 863 DA,
1604 817 1693 858 AE.
1754 816 1833 857 Est
1851 830 1944 858 vero

141 875 345 928 proportio
390 874 580 915 sectionis
625 874 839 915 secundum
883 880 1102 914 extremam
1146 879 1187 914 et
1228 874 1398 914 mediam
1430 874 1637 916 rationem.
1700 876 1808 928 Ergo
1840 877 1946 918 inter

142 936 272 975 latera
295 934 383 982 ED,
417 935 508 983 DA,
542 933 618 974 AE
652 939 715 974 est
747 933 909 974 dimidia
938 933 1141 986 proportio
1173 933 1376 983 sectionis,
1409 934 1623 975 secundum
1654 941 1873 977 extremam
1903 941 1946 976 et

143 994 317 1035 mediam
350 994 559 1034 rationem.
622 993 869 1045 Exprimitur
899 994 1022 1045 igitur
1052 993 1255 1045 proportio
1287 998 1396 1033 certo
1415 994 1585 1044 nomine,
1620 996 1723 1048 quod
1743 1001 1830 1036 erat
1848 1009 1943 1048 pro-

141 1054 328 1095 bandum.
391 1053 543 1105 Estque
575 1053 614 1093 in
654 1066 808 1093 summa
852 1053 1039 1093 continua
1079 1052 1282 1105 proportio
1319 1053 1422 1093 inter
1465 1052 1567 1101 ΑΕ,
1596 1055 1694 1104 AD,
1727 1055 1826 1105 DE,
1858 1056 1942 1104 DF,

140 1113 222 1154 FE.
274 1113 386 1152 Haec
418 1113 493 1153 tibi
526 1111 588 1153 Cl.
620 1113 672 1153 D.
704 1113 772 1152 Pr.
806 1112 863 1152 sic
895 1125 1083 1165 propono,
1115 1118 1160 1152 ut
1190 1112 1341 1161 videaS‚
1374 1116 1507 1152 utrum
1538 1113 1684 1154 alicubi
1713 1114 1942 1167 impingam,

142 1187 193 1213 an
217 1185 322 1212 nova
352 1172 434 1212 ista
465 1172 569 1222 sint,
603 1186 655 1212 an
686 1172 846 1212 brevius
880 1172 1143 1213 demonstrari
1173 1172 1342 1223 possint,
1377 1171 1493 1212 simul
1526 1172 1647 1213 etiam
1677 1178 1722 1213 ut
1754 1174 1804 1214 ad
1835 1174 1944 1215 cele-

141 1233 252 1273 brem
290 1232 616 1272 mathematicum
660 1244 737 1272 non
781 1232 858 1272 nisi
895 1231 1178 1272 mathematico
1217 1236 1309 1271 utar
1339 1231 1514 1272 exordio.
1576 1232 1637 1272 De
1670 1233 1768 1274 meis
1800 1232 1944 1274 studiis

142 1292 234 1346 quid
273 1291 471 1340 scribam,
518 1304 596 1331 non
638 1291 780 1331 habeo.
843 1291 1753 1360 Qn-ggs-QecnnnmicaQQt.
1814 1293 1946 1334 Unum

141 1358 275 1393 tamen
308 1357 389 1412 est,
422 1352 461 1391 in
493 1363 568 1404 quo
600 1351 740 1391 merito
774 1351 825 1391 H.
854 1351 900 1391 T.
935 1351 1111 1403 appello,
1157 1356 1200 1390 ut
1224 1350 1321 1390 mihi
1351 1350 1538 1402 opitulari
1570 1352 1757 1404 digneris.
1819 1352 1945 1394 Incidi
1980 1363 1982 1390 3

140 1412 182 1452 in
214 1411 528 1464 speculationem
559 1411 769 1463 quandam,
805 1423 921 1463 quam
953 1423 1025 1450 nec
1057 1410 1232 1450 breviter
1258 1423 1330 1450 nec
1355 1410 1599 1451 confidenter
1616 1412 1943 1464 pronunciavero,

142 1484 190 1511 ne
223 1484 279 1511 sc.
312 1470 457 1510 ridear.
520 1471 672 1510 Verum
704 1475 748 1510 ut
780 1470 831 1509 ab
864 1483 912 1510 ea
942 1483 1004 1510 me
1038 1470 1264 1522 expediam,
1299 1482 1397 1524 opus
1423 1469 1519 1510 mihi
1551 1476 1615 1510 est
1644 1471 1724 1511 tuis
1756 1472 1880 1512 oculis
1905 1477 1947 1511 et

143 1543 286 1583 magno
319 1530 387 1570 illo
420 1530 653 1582 quadrante.
717 1529 850 1569 Velim
883 1542 940 1569 sc.
974 1535 1020 1569 ut
1051 1529 1172 1569 stella
1202 1529 1351 1580 polaris
1383 1528 1491 1569 circa
1524 1526 1590 1570 18.
1613 1528 1682 1572 28.
1704 1530 1818 1583 Sept.
1853 1531 1944 1580 (sed

142 1591 219 1630 heu
262 1589 358 1629 mihi
402 1589 483 1639 iam
520 1589 702 1637 transiit)
747 1589 991 1637 culminans,
1039 1588 1146 1628 circa
1193 1585 1257 1628 16.
1292 1585 1362 1629 26.
1394 1588 1494 1629 Dec.
1532 1602 1626 1629 vero
1658 1591 1798 1630 eadem
1828 1595 1944 1631 nocte

143 1649 361 1690 culminans
389 1654 431 1688 et
455 1648 673 1688 humillima
699 1649 955 1688 observetur:
990 1653 1031 1688 et
1061 1647 1255 1696 videatur,
1289 1652 1420 1703 utrum
1450 1648 1554 1689 inter
1578 1654 1783 1703 utramque
1802 1650 1944 1691 culmi-

142 1709 276 1749 nantis
322 1707 573 1748 altitudinem
611 1721 689 1748 non
731 1707 784 1747 sit
816 1707 1041 1747 differentia
1071 1707 1184 1747 unius
1218 1712 1339 1759 atque
1371 1707 1534 1748 alterius
1565 1709 1740 1761 scrupuli
1770 1708 1810 1750 in
1842 1723 1943 1763 qua-

143 1769 298 1809 drante.
361 1768 448 1807 Hoc
493 1767 598 1807 enim
637 1767 809 1819 optarim
850 1766 1043 1807 accidere.
1105 1766 1222 1819 Elegi
1267 1766 1387 1806 aliam
1430 1768 1611 1820 quamvis
1655 1768 1745 1808 huic
1783 1769 1944 1822 negotio

143 1828 271 1868 minus
303 1827 498 1876 idoneam,
533 1827 662 1867 solam
694 1832 827 1866 tamen
858 1832 951 1878 post
981 1826 1171 1878 polarem,
1206 1839 1305 1878 quae
1337 1825 1434 1866 mihi
1464 1839 1539 1866 non
1573 1828 1669 1868 nihil
1700 1828 1968 1878 satisfaciat„

144 1887 395 1928 eductionem
433 1886 584 1926 caudae
622 1887 661 1926 in
700 1899 794 1926 ursa
830 1886 993 1938 majore,
1055 1886 1167 1925 Haec
1208 1885 1241 1924 si
1280 1885 1386 1925 circa
1427 1883 1467 1927 9.
1507 1884 1572 1928 19.
1604 1887 1704 1928 Dec.
1745 1887 1944 1928 altissima

143 1946 260 1987 simul
291 1951 333 1986 et
363 1946 582 1986 humillima
613 1947 915 1993 observaretur,
962 1957 1096 1984 mense
1127 1957 1221 1985 vero
1247 1945 1418 1991 Martio,
1449 1946 1541 1986 dum
1573 1945 1643 1986 Sol
1675 1952 1739 1987 est
1768 1947 1808 1988 in
1841 1960 1964 2001 qua-,

143 2007 258 2047 drato
290 2006 402 2054 loco,
441 2018 596 2045 rursum
628 2011 836 2057 caperetur
867 2005 1062 2044 alterutra
1093 2005 1176 2056 ejus
1209 2004 1403 2053 altitudo,
1436 2017 1501 2045 res
1533 2006 1628 2045 mihi
1659 2011 1702 2046 et
1730 2012 1776 2047 ut
1806 2007 1945 2059 opinor

143 2065 410 2106 astronomiae
430 2065 644 2105 utilissima
665 2070 799 2105 esset:
832 2064 1068 2116 praesertim
1094 2064 1127 2103 si
1147 2063 1252 2103 inter
1271 2063 1385 2103 binas
1405 2064 1649 2114 altitudines,
1672 2077 1770 2117 quas
1791 2079 1942 2119 aequa-

142 2126 201 2166 les
227 2126 310 2165 fore
343 2137 494 2177 speras,
530 2124 664 2177 aliqua
695 2128 908 2176 appareret
939 2122 1174 2164 differentia.
1232 2122 1347 2163 Nune
1379 2136 1441 2163 me
1473 2130 1704 2164 convertam
1736 2125 1788 2166 ad
1818 2126 1912 2166 alia.

262 2183 597 2236 Grnppenbachio
642 2196 758 2235 spero
791 2184 877 2235 jam
920 2183 1185 2224 satisfactum.
1248 2183 1383 2222 Mater
1424 2196 1513 2223 mea
1557 2196 1668 2236 spem
1711 2185 1805 2225 mihi
1849 2185 1954 2226 fecit·

143 2243 199 2285 20
231 2245 468 2283 florenorum
499 2244 551 2283 ad
583 2243 656 2283 hoc
688 2243 844 2283 instans
876 2247 1056 2294 tempus,
1096 2254 1193 2294 quos
1226 2254 1269 2281 se
1301 2242 1438 2294 ajebat
1468 2248 1560 2284 tuae
1592 2244 1797 2285 custodiae
1829 2257 1954 2286 com-a

141 2304 375 2351 missuram,
429 2308 473 2342 ut
515 2316 611 2351 eos,
664 2303 988 2355 quandocumque
1039 2301 1202 2342 nuncius
1246 2302 1467 2353 Tubingam
1510 2303 1708 2356 appellat,
1761 2311 1942 2356 promtos

142 2363 330 2416 reperiat.
393 2361 486 2401 Etsi
516 2375 609 2402 vero
642 2367 738 2401 nota
770 2362 866 2402 mihi
906 2367 968 2401 est
1011 2360 1097 2413 ejus
1141 2361 1179 2400 in
1220 2360 1281 2401 his
1319 2361 1437 2401 rebus
1478 2362 1691 2410 difficultas
1734 2368 1776 2406 et
1816 2355 1956 2415 mora,{

142 2429 275 2462 tamen
309 2434 468 2461 monere
500 2422 550 2462 D.
585 2421 890 2475 Praeceptorem
923 2421 1042 2469 volui,
1077 2420 1111 2460 si
1141 2420 1212 2461 illa
1243 2434 1396 2461 summa
1426 2427 1663 2471 numeretur,
1696 2427 1741 2462 ut
1760 2435 1859 2463 >eam
1887 2423 1953 2467 Da
1980 2427 1982 2472 i

143 2483 384 2534 Praeceptor
416 2494 549 2520 secum
581 2480 780 2532 tantisper
812 2481 1002 2528 retineat,
1037 2480 1146 2529 dum,
1182 2480 1274 2533 quid
1305 2481 1376 2520 illa
1405 2481 1489 2521 fieri
1521 2481 1661 2530 velim,
1698 2493 1770 2533 per
1801 2482 1940 2522 literas
1979 2493 1982 2506 ¹

143 2541 371 2593 significem.
429 2540 564 2593 Atque
597 2540 719 2580 etiam
750 2540 890 2579 nuncio
922 2539 963 2579 id
993 2539 1195 2591 negotium
1227 2539 1329 2588 dedi,
1362 2544 1407 2580 ut
1435 2545 1579 2592 poscat
1609 2539 1720 2580 illam
1751 2547 1952 2594 amatre„

143 2602 175 2640 si
209 2600 280 2640 tibi
315 2600 487 2639 nondum
518 2605 767 2639 numeratam
797 2599 1011 2650 intelligat.
1946 2606 1949 2610 ⁴

259 2660 396 2711 Nuper
428 2659 465 2698 in
488 2659 648 2700 Italiam
680 2659 770 2698 misi
803 2658 828 2699 2
863 2657 1106 2710 exemplaria
1136 2657 1214 2698 mei
1245 2657 1421 2710 opusculi
1448 2657 1817 2725 (SjVss--QJAEPQ’
1838 2671 1939 2712 quae

145 2776 353 2816 Galilaeus
388 2778 622 2826 Galilaeus,
669 2778 726 2818 uti
765 2789 807 2816 se
847 2776 1097 2831 subscripsit.
1159 2777 1236 2816 Est
1268 2775 1373 2815 enim
1403 2782 1445 2816 et
1475 2776 1561 2828 ipse
1592 2777 1631 2817 in
1664 2775 1942 2829 Copernicana.

143 2836 299 2875 haeresi
331 2837 421 2875 inde
454 2852 478 2876 a
508 2837 645 2876 multis
678 2837 808 2876 annis.
866 2837 995 2876 Unum
1028 2836 1229 2887 exemplar
1259 2834 1368 2874 misit
1398 2835 1566 2875 Romam
1598 2841 1639 2876 et
1656 2836 1773 2888 plura
1791 2836 1938 2877 habere

144 2895 400 2934 desideravit.
469 2897 663 2948 Equidem
709 2896 811 2936 scire
844 2908 962 2943 aveo,
1003 2893 1359 2946 Gruppenbachius
1391 2907 1469 2946 qua
1500 2895 1659 2935 fortuna
1689 2894 1743 2945 sit
1772 2908 1867 2935 usus
1897 2895 1910 2936 i

142 2953 401 2993 distractione
442 2955 742 3006 exemplarium,
787 2961 828 2995 et
869 2955 902 2994 si
935 2955 1021 3007 quis
1053 2954 1207 2994 interea
1237 2952 1403 2992 celebris
1436 2954 1495 2994 vir
1527 2954 1567 2994 in
1598 2960 1707 2994 tuam
1736 2954 1894 2994 notione

141 3013 309 3061 venerit,
343 3012 408 3064 qui
439 3014 602 3053 veritati
634 3014 738 3053 ferat
764 3014 1006 3066 suffragium.
1029 3034 1083 3041 —-
1105 3013 1229 3052 Ursus
1248 3011 1383 3063 Praga
1414 3014 1466 3053 ad
1496 3026 1557 3053 me
1589 3012 1762 3065 scripsit,
1795 3018 1913 3066 peten

142 3071 398 3124 exemplaria,
432 3072 492 3111 cui
525 3072 703 3125 quamvis
736 3073 893 3113 minime
925 3071 1039 3125 gravi
1065 3070 1229 3119 authori,
1263 3071 1409 3111 indulsi
1427 3077 1576 3119 tamen,
1609 3072 1701 3126 quia
1723 3084 1912 3113 caesareu

142 3136 206 3172 est
237 3130 562 3180 mathematicus,
607 3130 778 3184 mihique
848 3146 899 3172 ua
933 3131 1124 3184 prodesse
1163 3142 1241 3182 qua
1275 3129 1418 3173 obesse
1460 3137 1609 3202 POFJS‘ss·
1666 3131 1792 3173 Patet
1828 3131 1892 3172 en‘

821 3145 899 3198 Q
971 3187 1145 3203 ‚mmm
1180 3195 1185 3198 ,
1199 3184 1218 3194 ,f
1323 3196 1339 3200 ,,
1351 3192 1506 3206 ,,,,,,Μ,

1041 3224 1073 3230 -m-
1094 3226 1107 3231 n
1134 3221 1151 3228 -α-
1188 3223 1190 3225 >
1210 3213 1554 3231 senff-''wm--ffd
