2028 3242
5 27 9 59 f
83 10 138 77 js!
160 11 393 89 adm&
410 50 418 58 ι
439 14 523 76 >45¹³
552 30 567 73 ζ
591 60 601 66 ,γ
625 0 722 77 ’ξ’-ῥά,
766 6 840 94 iſsa}
857 48 865 71 τ.
895 7 901 34 ξ
924 0 933 38 '‘-
975 14 1098 95 ξὲῖψ
1134 11 1303 101 Ῑῆίὶῖιὲ
1345 36 1358 45 ,η
1376 16 1567 96 {xxm-434
1614 61 1619 72 .
1671 0 1677 15 ε
1786 12 1869 109 1ὲ5

10 182 11 185 ¹
61 162 707 262 QQg—gut
738 165 822 217 ipse
854 165 1028 206 Rhetico
1060 167 1193 207 dicere
1224 168 1367 208 solitus
1400 171 1484 216 est)
1508 165 1563 216 n)
1603 170 1709 210 felici
1741 172 1870 224 magis

62 234 181 275 quam
211 222 312 263 confi
341 222 424 262 enti
453 223 685 274 conjectura
703 225 927 272 constituit,
962 230 1083 278 atque
1112 225 1171 265 ita
1202 238 1293 266 sese
1324 226 1472 266 habere
1505 228 1687 278 credidit,
1722 242 1771 269 ea
1801 230 1869 270 in-
1923 242 1929 244 “

4 315 8 322 2
60 292 179 334 qnam
206 281 342 334 omnia
372 282 594 322 rationibus
625 296 650 321 a
679 283 814 334 priori,
847 298 870 322 a
897 284 1044 330 causis,
1076 297 1102 324 a
1131 284 1348 324 creationis
1381 285 1475 325 idea
1504 286 1688 327 deductis
1718 288 1868 330 rectis·
1910 295 1912 297 ’

59 338 160 385 sime
189 335 411 384 constituta
442 354 533 380 esse
565 340 924 393 deprehendantur.

95 447 96 450 Ἴ
174 397 283 439 Nam
315 394 355 439 ‘si
392 399 481 451 quis
519 399 816 452 philosophicas
855 401 957 440 istas
1001 400 1178 441 rationes
1216 400 1302 441 sine
1342 401 1564 443 rationibus
1596 411 1638 444 et
1668 406 1755 445 solo
1786 405 1868 446 risu

57 457 241 509 excipere
271 462 393 510 atque
423 458 585 498 eludere
614 458 796 507 voluerit,
828 465 1044 511 propterea
1075 459 1178 512 qnod
1206 472 1331 500 novus
1355 461 1471 500 homo
1498 462 1572 502 sub
1596 463 1712 503 finem
1744 478 1864 505 secu-

6 531 11 566 χ
57 515 200 561 lomm,
230 516 462 558 tacentibus
491 515 571 557 illis
595 517 871 569 philosophiae
893 517 1103 558 luminibus
1126 517 1314 570 antiquis,
1349 519 1627 572 philosophica
1655 522 1738 561 ista
1769 535 1865 575 pro-

57 573 199 623 feram,
227 573 289 615 illi
306 586 383 626 ego
402 575 556 624 ducem,
588 580 791 615 auctorem
823 583 863 616 et
894 581 1303 628 praemonstrantem
1334 590 1385 618 ex
1416 578 1699 632 antiquissimo
1729 582 1866 622 seculo

53 631 253 686 prosoeam
276 632 631 688 thhngntam:
664 634 777 686 cujus
802 635 928 675 multa
958 634 999 675 in
1020 634 1170 676 scholis
1194 635 1355 685 mentio,
1390 637 1494 689 qnod
1525 650 1613 678 cnm
1647 645 1865 690 praestan-

5 690 8 692 ’
54 690 153 734 tiam
182 690 339 733 videret
369 691 540 745 quinque
579 704 812 745 corporum,
857 693 977 734 simili
1016 694 1137 747 piane
1173 694 1330 750 ratione
1362 701 1457 736 ante
1488 696 1550 736 bis
1582 697 1692 737 mille
1723 711 1863 746 annos,

9 788 11 790 .
53 751 133 803 qua
149 747 254 791 nunc
272 762 361 802 ego,
393 749 601 792 Creator-is
621 764 715 791 cura
740 764 815 792 non
848 753 1052 805 indignum
1082 753 1284 794 censuerit
1315 754 1364 794 ad
1396 754 1468 794 illa
1498 755 1710 808 respicere,
1744 762 1864 810 atque

51 807 172 851 rebus
201 809 496 850 mathematicis
526 809 691 863 physice
723 816 767 850 et
796 823 847 851 ex
879 824 953 852 sna
986 811 1165 864 qualibet
1188 811 1437 865 proprietate
1463 814 1737 855 accidentaria
1768 829 1863 856 cen-

50 866 143 908 sitis
178 879 245 908 res
275 880 355 909 non
387 869 694 909 mathematicas
728 870 1104 911 accommodaverit.
1155 870 1319 912 Terram
1352 871 1455 912 enim
1489 873 1605 924 cubo,
1622 875 1863 927 aequipara-

54 925 127 978 vit,
146 927 186 975 ¹')
215 926 311 979 quia
341 926 500 968 stabilis
532 934 714 981 uterque,
746 929 849 982 quod
882 936 1019 970 tamen
1045 929 1094 969 de
1119 929 1220 970 cubo
1245 942 1323 970 non
1348 932 1507 983 proprie
1533 932 1690 973 dicitur.
1737 932 1862 974 Coelo

53 985 305 1033 iconaedrum
334 985 459 1034 dedit,
493 986 586 1039 quia
604 993 811 1040 utrumque
831 987 1019 1029 volubile.
1063 988 1150 1040 Igni
1178 989 1399 1043 pyramida,
1431 991 1525 1042 quia
1555 991 1654 1031 haec
1685 992 1862 1032 volantis

50 1043 212 1097 igniculi
232 1044 378 1085 forma:
409 1044 565 1098 reliqna
595 1046 671 1086 dno
702 1057 872 1097 corpora
902 1047 1008 1087 inter
1038 1059 1170 1087 aerem
1203 1045 1246 1088 εἱ
1276 1061 1419 1101 aquam
1449 1049 1667 1100 distribuit,
1699 1057 1863 1103 propter

48 1102 219 1144 similem
255 1103 441 1156 utrinque
483 1116 572 1145 cnm
615 1104 758 1145 vicinis
797 1106 1088 1158 cognationem.
1148 1105 1230 1147 Sed
1262 1108 1366 1147 enim
1398 1106 1645 1160 Copernieus
1684 1110 1743 1150 illi
1774 1110 1860 1150 viro

49 1160 190 1211 defuit,
222 1161 290 1214 qui
319 1162 442 1216 prinS,
476 1163 570 1215 quid
602 1170 713 1204 esset
746 1164 783 1203 in
816 1165 975 1214 mundo,
1008 1165 1186 1205 diceret:
1220 1165 1369 1218 absque
1402 1179 1449 1206 eo
1481 1180 1558 1207 non
1592 1168 1747 1218 fuisset,
1782 1169 1858 1208 du-

13 1258 15 1262 .
47 1219 153 1262 bium
184 1231 263 1260 non
295 1226 383 1271 est,
415 1221 506 1277 quin
540 1234 660 1275 quare
693 1228 822 1275 esset,
861 1223 1104 1269 invenisset,
1142 1229 1263 1277 atque
1294 1225 1394 1265 haec
1425 1226 1623 1267 coelorum
1653 1228 1859 1280 proportio

47 1281 129 1321 hm
157 1283 256 1319 nota
286 1293 389 1320 nnnc
421 1286 551 1330 esset,
586 1293 701 1334 quam
733 1282 823 1333 ipsa
854 1283 1023 1335 quinque
1055 1293 1240 1334 corpora,
1283 1290 1365 1324 tam
1397 1283 1492 1325 item
1524 1292 1708 1337 recepta,
1741 1299 1859 1339 qnam

46 1337 123 1379 hoc
165 1343 388 1391 temporum
427 1339 595 1380 decursu
635 1339 804 1380 invaluit
839 1340 909 1381 illa
954 1342 1003 1381 de
1046 1340 1154 1382 Solis
1197 1348 1306 1383 motu
1350 1343 1477 1396 deque
1521 1344 1655 1396 quiete
1687 1345 1859 1386 Telluris

45 1409 71 1438 ο
98 1408 193 1438 mio.

68 1406 97 1450 p
151 1452 315 1496 'Verum
345 1467 422 1510 age
452 1456 516 1496 vel
554 1457 716 1496 tandem
755 1457 1027 1509 experiamur,
1070 1464 1199 1498 utrum
1238 1459 1343 1500 inter
1381 1461 1498 1500 orbes
1530 1459 1742 1513 Copernici
1773 1462 1855 1503 sint

19 1513 25 1569 ἰ
44 1513 148 1558 istae
179 1526 388 1568 corporum
417 1515 710 1567 proportiones.
755 1517 819 1556 Ac
850 1515 964 1557 initio
991 1530 1075 1557 rem
1095 1518 1361 1559 crassiuscnle
1381 1532 1629 1560 censeamus.
1674 1520 1854 1561 Maxima

19 1572 327 1615 distantiarum
357 1573 582 1614 differentia
613 1574 652 1614 in
686 1573 908 1626 Copernico
940 1581 1005 1616 est
1035 1576 1140 1616 inter
1168 1576 1311 1616 Jovem
1344 1583 1388 1618 et
1416 1578 1615 1626 Martem,
1659 1585 1703 1619 ut
1739 1579 1853 1620 vides

43 1630 84 1686 in
113 1631 383 1684 explicatione
414 1631 693 1685 hypothesium
725 1633 825 1673 Tab.
858 1631 911 1674 ¹0
942 1640 985 1674 et
1014 1635 1120 1675 infra
1151 1648 1239 1687 cap.
1277 1633 1330 1676 14
1362 1642 1405 1677 et
1439 1636 1506 1678 15.
1569 1637 1716 1678 Martis
1748 1639 1852 1679 enirn

20 1688 239 1733 distantia
269 1703 295 1730 a
325 1689 421 1731 Sole
453 1704 530 1731 non
562 1697 711 1744 aequat
731 1692 908 1733 tertiam
938 1698 1096 1746 partem
1126 1693 1284 1734 Joviae.
1348 1694 1577 1742 Quaeratnr
1607 1696 1728 1747 igitur
1758 1709 1849 1737 cor-

23 1758 130 1802 pus,
156 1750 260 1802 quod
278 1749 494 1790 maximam
514 1750 614 1790 facit
633 1751 897 1792 differentiam
917 1751 1022 1792 inter
1039 1752 1174 1793 orbem
1195 1754 1534 1807 circumscriptum
1553 1760 1593 1794 et
1613 1755 1850 1808 inscriptum

41 1807 305 1856 (concedatur
333 1808 447 1848 nobis
479 1808 577 1849 hae'c
609 1824 845 1864 καταχρησςς
885 1823 1024 1851 cavum
1061 1824 1133 1863 pro
1171 1813 1299 1852 solido
1340 1813 1549 1862 censendi)
1568 1812 1607 1861 ¹¹)
1649 1815 1754 1866 quod
1786 1822 1851 1855 est

25 1864 287 1915 jttetraedmm
317 1867 403 1907 sive
433 1867 622 1921 pyramis.
671 1869 750 1908 Est
780 1869 902 1921 igitur
933 1871 1037 1910 inter
1059 1869 1202 1910 Jovem
1235 1877 1276 1910 et
1300 1871 1477 1912 Martem
1505 1872 1697 1926 pyramis.
1747 1873 1850 1914 Post

23 1924 114 1977 ,filios
156 1927 368 1968 maximam
412 1923 564 1966 faciunt
607 1927 871 1967 differentiam
914 1928 1132 1969 distantiae
1170 1929 1330 1982 Jupiter
1370 1937 1412 1971 et
1441 1930 1656 1972 Saturnus.
1718 1928 1847 1986 Hujus

25 1980 147 2036 πίω
176 1984 246 2026 ille
274 1985 396 2037 paulo
426 1985 517 2038 plus
549 1985 750 2026 dimidium
783 1993 943 2039 aequat.
1007 1986 1159 2028 Similis
1204 1995 1373 2041 apparet
1415 1989 1455 2030 in
1499 1990 1590 2030 cubi
1627 1990 1766 2032 intimo
1806 1998 1847 2031 et

18 2040 189 2093 *extimo
218 2043 314 2084 orbe
345 2043 580 2084 differentia.
645 2043 799 2085 Cubnm
830 2045 951 2098 igitur
982 2045 1181 2087 Saturnus
1213 2048 1361 2098 ambit,
1394 2049 1517 2089 cubus
1547 2049 1701 2090 Jovem.

33 2119 36 2123 ⁴
154 2102 351 2154 Aequalis
383 2102 464 2142 fere
494 2103 699 2155 proportio
731 2110 795 2143 est
827 2105 933 2144 inter
957 2105 1156 2145 Venerem
1188 2111 1231 2146 et
1261 2107 1511 2156 Mercurium,
1546 2121 1619 2148 nec
1651 2109 1846 2149 absimilis

52 2165 143 2201 ter
171 2160 290 2201 orbes
320 2161 513 2201 octaedri.
575 2162 715 2202 Venus
745 2162 867 2213 igitur
897 2163 972 2203 hoc
1003 2176 1146 2216 corpus
1178 2165 1322 2212 ambit,
1352 2166 1574 2207 Mercurius
1605 2167 1747 2207 induit.
1844 2207 1846 2209 ,

82 2214 87 2219 ’
155 2218 351 2271 Reliquae
383 2219 486 2259 duae
517 2220 796 2271 proportiones
837 2221 941 2261 inter
971 2222 1172 2262 Venerem
1210 2229 1253 2262 et
1284 2223 1473 2274 Terram,
1515 2225 1621 2265 inter
1663 2226 1766 2266 hanc
1805 2232 1847 2266 et

80 2298 89 2313 r
159 2290 213 2318 ·m
242 2277 428 2318 minimae
459 2283 570 2326 sunt,
613 2283 654 2318 et
685 2279 768 2318 fere
809 2281 1017 2331 aequales,
1057 2293 1198 2332 nempe
1229 2281 1396 2322 interior
1426 2284 1637 2324 exterioris
1669 2285 1845 2324 dodrans

30 2340 110 2390 gt
137 2337 209 2377 bes
241 2333 330 2389 (Ἃ,
362 2333 447 2386 7,).
495 2337 538 2376 In
558 2336 765 2376 icosaedro
785 2343 828 2377 et
852 2338 1104 2378 dodecaedro
1125 2345 1216 2379 sunt
1249 2341 1372 2397 etiam
1405 2342 1593 2393 aequales
1626 2343 1844 2382 distantiae

7 2389 216 2442 ’ζτυοπιω
248 2395 424 2443 orbium,
458 2400 500 2434 et
531 2395 783 2446 proportione
815 2402 980 2437 utuntur
1010 2398 1173 2437 minima
1203 2398 1308 2437 inter
1337 2400 1490 2452 reliqua
1519 2401 1720 2452 regularia
1751 2414 1843 2441 cor-

119 2475 121 2477 ·
203 2453 339 2500 Quare
370 2454 585 2494 verisimile
617 2459 692 2502 est,
726 2454 898 2494 Martem
931 2455 1079 2495 ambire
1112 2456 1276 2495 Terram
1306 2458 1508 2498 mediante
1541 2460 1734 2500 alterutro
1766 2459 1842 2499 ho-

68 2542 70 2545 ,
94 2530 112 2548 ιι
152 2525 372 2565 corporum,
404 2514 567 2553 Terram
602 2518 734 2552 autem
754 2526 778 2551 a
799 2513 958 2553 Venere
979 2519 1229 2562 summotam‚
1262 2516 1464 2556 mediante
1494 2517 1660 2570 reliquo.
1707 2517 1843 2564 Quare

59 2568 73 2579 ’
102 2571 191 2624 quis
223 2584 273 2611 ex
302 2584 364 2612 me
396 2576 578 2625 quaerat,
610 2584 680 2611 cur
712 2572 793 2610 sint
823 2577 977 2611 tantum
1010 2585 1082 2611 sex
1101 2572 1217 2612 orbes
1238 2573 1419 2622 mobiles,
1452 2576 1715 2626 respondebo,
1749 2577 1844 2629 quia

60 2652 78 2677 μ
100 2648 105 2663 a
146 2635 334 2681 oporteat
362 2631 496 2682 plnres
517 2630 686 2682 quinque
706 2629 983 2681 proportiones
1003 2643 1105 2678 esse,
1139 2631 1308 2671 totidem
1338 2646 1494 2684 nempe,
1526 2640 1623 2685 quot
1641 2635 1842 2686 regularia

96 2693 132 2728 t
151 2687 389 2736 ixx-mathesi
408 2701 588 2740 corpora.
634 2687 717 2728 Sex
748 2693 880 2727 autem
912 2688 1070 2728 termini
1102 2696 1379 2731 consummant
1407 2693 1508 2732 hunc
1540 2693 1839 2744 proportionum

74 2759 250 2787 austrum
