2028 3242
138 52 224 95 316
534 44 537 46 ’
696 56 830 88 Literae
855 55 993 97 Kepleri
1019 56 1221 98 aliorumque
1245 60 1381 89 mutuae

136 161 353 212 abjectum.
417 160 473 201 Ut
503 173 599 200 vero
631 162 768 201 oculus
801 161 853 201 ad
887 161 1027 208 lucem,
1060 162 1167 202 auris
1194 162 1245 202 ad
1278 174 1436 211 sonum,
1470 162 1531 203 ita
1563 162 1717 203 animus
1750 166 1815 202 est
1846 173 1944 202 con-

138 220 330 259 formatus
364 219 414 258 ad
446 219 545 260 haec
577 223 691 271 παθη
721 220 936 267 coelestia,
970 226 1161 273 tanquam
1194 234 1268 261 sua
1299 221 1460 275 propria
1491 221 1663 275 objecta.
1725 220 1789 261 Et>
1813 225 1945 261 tamen

137 277 296 330 genesis
328 278 435 317 nuda
467 283 508 318 et
539 291 668 319 vacua
701 279 828 319 forma
861 284 949 328 est;
992 280 1144 320 animus
1177 292 1264 320 cum
1296 280 1534 330 infunditur,
1567 281 1607 323 h.
1641 293 1677 322 e.
1711 292 1798 321 cum
1830 279 1946 319 homo

137 337 325 386 nascitur,
359 350 437 377 non
470 337 611 378 statim
643 343 753 378 totus
781 338 928 391 accipit
960 339 1150 386 forman13
1183 343 1398 379 contumax
1423 344 1499 389 est,
1533 344 1576 380 et
1605 341 1733 380 multa
1763 340 1812 379 de
1843 339 1946 379 ima-

136 395 432 447 ginationibus,
485 397 663 450 adeoque
709 398 758 437 de
805 398 1082 438 affectionibus
1127 398 1267 438 matris
1311 398 1460 438 retinet
1501 398 1722 451 miscetque
1765 396 1946 439 themati.

136 456 301 504 Format
331 455 454 507 igitur
486 461 529 496 et
559 457 674 508 fingit
700 457 872 497 animum
904 457 1063 506 thema,
1113 458 1184 498 sed
1217 470 1293 497 non
1339 457 1468 511 gignit
1498 470 1660 506 novum,
1706 469 1784 498 non
1816 462 1946 498 totum

135 520 288 562 mutat3
327 515 442 567 fingit
474 528 566 555 vero
599 521 736 556 natum
770 529 819 556 ex
851 516 945 564 hoc,
991 521 1118 556 matre
1158 516 1216 557 sic
1250 517 1416 566 affecta,
1461 517 1554 557 dum
1585 521 1746 570 gereret
1776 521 1945 557 uterum.

137 573 325 625 Sequitur
357 574 447 614 dein
480 575 705 624 institutio,
740 588 840 628 quae
873 587 1018 615 novam
1050 576 1333 616 alterationem
1364 576 1520 628 utrique
1551 575 1674 628 priori
1714 575 1862 624 infert,
1904 579 1946 615 at

136 639 318 673 neutrum
350 633 492 673 tollere
524 639 684 686 potest,
731 635 802 674 sed
844 635 887 674 fit
929 635 1096 687 denique
1141 635 1469 687 contemperatio.
1533 635 1711 675 Variant
1748 634 1947 675 hominem

134 698 275 741 mater,
303 693 468 742 coelum,
496 693 703 744 magister,
736 693 938 733 mediante
966 699 1096 746 epate,
1131 694 1264 742 corde,
1297 695 1475 743 cerebro,
1510 699 1616 743 ante,
1651 694 1703 743 in,
1736 698 1832 746 post
1849 706 1947 746 par-

135 756 232 800 tum,
265 756 457 803 tempore,
490 758 690 792 momento
723 753 931 804 temporis.

230 811 476 843 Fabricius:
518 810 681 843 Planetae
707 811 857 843 humores
882 811 934 843 vel
959 811 1155 853 qualitates,
1193 812 1254 843 sibi
1292 821 1313 844 a
1338 811 1411 843 Deo
1446 812 1693 853 appropriatas,
1730 811 1782 844 vel
1807 811 1948 844 dominio

139 867 196 889 suo
222 858 400 898 subjectas,
428 858 541 890 astrali
567 868 628 890 sua
653 859 684 889 vi
710 860 868 896 excitant,
893 858 1269 901 vegetant,-vivificant,
1296 863 1330 890 et
1354 859 1448 901 quasi
1473 860 1634 891 animant.
1708 861 1713 865 ’

194 926 197 928 -
258 906 529 956 Keplerus:
563 905 656 945 Etsi
688 918 764 945 non
799 906 949 954 dubito,
984 906 1074 958 quin
1102 906 1214 945 Mars
1246 906 1335 946 ideo
1367 906 1486 946 ruber
1517 906 1571 946 sit
1603 906 1753 954 factus,
1786 910 1832 945 ut
1862 909 1948 945 ter-

139 977 224 1004 rere
256 964 387 1015 possit
427 977 497 1016 pro
534 965 693 1004 modulo
738 977 833 1013 suo,
874 966 1008 1017 itaque
1052 964 1090 1004 in
1130 978 1173 1004 se
1205 965 1513 1017 ipsishabeant
1545 965 1679 1006 sidera
1710 963 1947 1017 principium

144 1023 315 1076 actionis
348 1036 458 1071 suae,
491 1024 706 1075 potissima
738 1028 870 1063 tamen
904 1023 965 1064 vis
998 1024 1034 1063 in
1068 1024 1282 1076 genesibus
1315 1024 1502 1065 consistit
1533 1025 1572 1065 in
1599 1024 1744 1072 animo,
1780 1023 1847 1075 qui
1877 1036 1949 1064 oc-

140 1082 247 1122 culto
293 1094 490 1122 consensu
542 1084 606 1130 (ut
650 1083 789 1123 rustici
833 1096 951 1123 aures
994 1083 1223 1135 intelligunt
1267 1083 1578 1124 concinnitatem
1622 1082 1880 1124 dimensionis
1910 1082 1950 1122 in

140 1141 324 1190 vocibus)
370 1139 410 1186 d*
434 1142 640 1191 ruborem,
687 1139 713 1192 l}
747 1143 939 1194 pallorem
973 1142 1045 1183 &c.
1078 1141 1281 1182 intueatur
1322 1150 1363 1182 et
1394 1143 1608 1183 secundum
1642 1143 1764 1183 situm
1794 1142 1951 1182 illorum

140 1200 177 1239 in
214 1213 256 1239 se
289 1200 375 1252 ipso
408 1201 710 1252 impressionem
745 1202 915 1256 formet:
964 1208 1005 1240 ut
1039 1214 1178 1242 manus
1218 1217 1241 1242 a
1275 1201 1460 1242 claritate
1493 1201 1599 1243 Solis
1643 1201 1741 1242 nihil
1784 1201 1949 1254 patitur,

143 1260 211 1299 sed
246 1259 396 1299 oculus.

233 1319 479 1351 Fabricius:
522 1318 826 1350 Profectiones
854 1319 1069 1361 astrologica-5
1094 1319 1127 1351 in
1154 1323 1260 1351 totum
1285 1320 1378 1362 quasi
1403 1319 1522 1360 rejicis,
1548 1319 1635 1361 quod
1658 1319 1843 1360 subjectum
1859 1318 1950 1351 reale

141 1370 247 1398 motus
273 1377 338 1398 non
362 1366 520 1398 habeant.
570 1367 615 1398 At
639 1376 702 1398 nec
729 1366 924 1399 directiones
951 1375 1083 1399 annuae
1107 1367 1233 1399 habent
1257 1367 1345 1399 reale
1371 1367 1575 1408 subiectum,
1610 1367 1674 1398 nisi
1700 1367 1805 1408 ipsum
1829 1366 1949 1407 princi-

138 1415 225 1455 pium
251 1418 357 1446 motus
384 1417 417 1445 et
443 1423 578 1446 causam
603 1418 721 1445 motus.
772 1414 832 1445 Est
855 1424 930 1446 vero
955 1414 1060 1446 fluxus
1087 1415 1220 1456 quidam
1246 1414 1378 1446 astralis
1405 1414 1532 1446 virtutis
1558 1423 1579 1446 a
1602 1415 1708 1456 prima
1733 1422 1848 1451 causa,
1874 1417 1949 1445 tau-

138 1471 235 1503 quam
262 1471 283 1493 a
306 1462 396 1493 fonte
423 1471 480 1492 suo
505 1461 722 1502 procedentis.
774 1461 817 1493 Et
841 1467 878 1493 ut
901 1465 1009 1493 motus
1036 1463 1210 1494 continuus
1236 1466 1304 1499 est,
1342 1463 1391 1494 ita
1425 1465 1459 1494 et
1483 1462 1610 1493 virtutis
1627 1461 1750 1494 ⁴fluxus
1775 1461 1950 1493 continuus

140 1512 199 1540 est.
250 1508 363 1540 Virtus
390 1509 519 1540 astralis
544 1509 672 1550 proprio
698 1519 756 1540 suo
781 1513 883 1546 motu,
911 1513 946 1541 et
969 1509 1062 1550 quasi
1091 1518 1112 1540 a
1135 1509 1272 1550 planeta
1289 1513 1457 1550 separata,
1484 1512 1643 1546 movetur,
1668 1512 1707 1541 ut
1722 1517 1862 1551 magnes
1886 1508 1953 1540 vim

140 1565 232 1587 suam
258 1556 342 1588 ferro
369 1557 545 1597 separatim
572 1556 807 1595 communicat,
846 1567 908 1589 nec
939 1557 1004 1588 vim
1037 1566 1148 1588 secum
1180 1557 1335 1594 retrahit,
1370 1556 1429 1589 sed
1453 1557 1547 1598 quasi
1573 1556 1777 1588 abstractam
1801 1555 1955 1597 relinquit

141 1604 234 1635 ferro.
285 1603 331 1635 Ut
355 1613 429 1636 vero
454 1607 562 1635 motus
587 1603 795 1644 planetarum
830 1608 906 1636 sunt
938 1605 1036 1640 varii,
1076 1605 1123 1636 sic
1153 1609 1261 1636 motus
1293 1604 1420 1635 virtutis
1453 1603 1583 1635 astralis
1613 1603 1822 1645 planetarum
1855 1603 1953 1634 variis

139 1651 353 1682 directionum
380 1655 414 1683 et
439 1651 693 1692 profectionum,
730 1661 803 1683 cum
830 1661 1015 1683 annuarum
1041 1655 1111 1683 tum
1136 1652 1385 1684 menstrualium
1411 1655 1446 1683 et
1470 1651 1679 1688 diurnarum,
1714 1650 1855 1682 motibus
1878 1659 1952 1691 per-

139 1699 256 1729 ficitur.
309 1697 343 1730 Si
369 1698 446 1740 quid
472 1702 588 1730 contra
612 1697 696 1730 haec
721 1698 835 1736 habes,
863 1699 959 1730 velim
978 1699 1065 1731 clare
1092 1699 1245 1740 explices,
1272 1708 1335 1731 nec
1361 1699 1469 1730 nimiis
1495 1698 1730 1730 subtilitatibus
1754 1707 1823 1730 rem
1846 1697 1954 1739 potius

140 1746 303 1783 obscures,
330 1755 429 1787 quam
454 1745 608 1779 illustres.
658 1746 728 1787 Ego
755 1755 882 1787 semper
907 1755 1041 1787 operam
1067 1746 1158 1785 dedi,
1191 1750 1229 1778 ut
1253 1755 1305 1778 res
1330 1755 1425 1778 veras
1452 1750 1486 1778 et
1509 1745 1689 1778 rationales
1714 1744 1953 1787 simplicissime

140 1793 352 1825 declararem.
403 1793 499 1824 Haec
524 1796 655 1830 tamen,
682 1794 726 1824 mi
752 1793 915 1834 Keplere,
954 1804 1020 1824 non
1046 1795 1176 1825 sinistre
1202 1794 1298 1826 velim
1322 1793 1499 1835 intelligas,
1526 1793 1584 1825 sed
1610 1794 1715 1824 amico
1736 1793 1852 1830 ,animo
1875 1795 1951 1824 tan·

139 1845 208 1871 tum
233 1850 395 1882 propono,
434 1849 476 1871 ne
508 1841 626 1872 nimius
661 1841 703 1872 sis
739 1841 771 1871 in
804 1841 866 1872 illis
899 1840 1150 1878 subtilitatibus,
1189 1841 1275 1882 quod
1299 1842 1401 1872 nostri
1426 1840 1550 1883 ingenii
1575 1840 1765 1882 simplicitas
1790 1839 1863 1872 illas
1887 1849 1954 1870 non

140 1888 261 1928 capiat.

257 1934 530 1986 Keplerus:
585 1932 720 1982 Suda,
768 1933 867 1973 suda
912 1934 960 1973 de
993 1933 1308 1985 profectionibus
1356 1939 1397 1973 et
1429 1933 1741 1982 directionibus,
1768 1941 1879 1974 'nam
1913 1938 1954 1974 et

140 2006 213 2044 ego
247 1993 400 2033 sudavi.
467 1992 680 2033 Genesis
713 1993 838 2032 habet
869 1993 946 2032 vim
980 2006 1029 2031 ex
1061 1993 1165 2038 situ,
1213 1997 1352 2044 estque
1384 1997 1602 2044 perpetua,
1649 1991 1741 2045 quia
1784 1993 1828 2032 fit
1870 1992 1949 2032 im-

139 2053 293 2103 pressio
326 2065 577 2104 permanenS.
642 2053 767 2092 Tran
782 2052 911 2092 situs
956 2058 997 2091 et
1039 2051 1288 2091 revolutio
1333 2051 1485 2091 habent
1517 2051 1596 2091 vim
1628 2064 1677 2090 ex
1709 2055 1820 2092 motu
1850 2051 1951 2092 reali

140 2112 190 2151 ad
224 2112 311 2151 loca
344 2124 564 2163 geneseos;
611 2124 711 2163 quae
738 2111 822 2163 jam
866 2111 994 2150 officia
1033 2123 1083 2150 ex
1116 2110 1410 2151 consentientia
1442 2109 1636 2162 subjectis
1681 2109 1764 2149 suis
1796 2110 1950 2163 reliqui.

139 2170 455 2211 Directiones
489 2170 640 2210 habent
671 2170 750 2211 vim
784 2183 833 2209 ex
867 2170 978 2222 quasi
1012 2175 1149 2218 motu;
1184 2170 1330 2209 etenim
1364 2169 1508 2222 aliquis
1539 2176 1672 2210 motus
1705 2168 1814 2219 talis,
1849 2182 1950 2222 qua-

139 2230 232 2269 liter
265 2229 436 2282 aphetae
470 2229 716 2281 diriguntur,
762 2234 803 2269 et
834 2229 869 2268 is
901 2229 1022 2269 realis
1068 2235 1131 2269 est
1177 2234 1218 2268 et
1262 2241 1354 2269 vere
1386 2229 1455 2277 fit,
1504 2228 1643 2269 statim
1687 2234 1782 2280 post
1810 2233 1951 2281 partus

139 2288 618 2341 momentumincipiens.
682 2288 976 2331 Dissimilitudo
1011 2302 1034 2327 a
1064 2288 1184 2341 priori
1220 2294 1353 2328 tamen
1388 2289 1426 2328 in
1461 2301 1520 2337 eo,
1558 2287 1663 2340 quod
1683 2287 1850 2328 effectus
1871 2300 1949 2328 non

133 2348 314 2400 jungitur
345 2348 468 2387 motui
501 2355 543 2388 et
575 2361 720 2387 causae
757 2347 911 2388 ratione
945 2348 1155 2401 temporis,
1190 2348 1259 2387 sed
1293 2346 1465 2387 discedit
1497 2347 1546 2386 ab
1581 2359 1647 2395 eo,
1683 2345 1950 2399 ‹et-›multipli-

139 2413 207 2447 cat
238 2412 419 2459 tempora
451 2406 825 2459 proportionaliter,
858 2407 1114 2459 proportione
1147 2407 1312 2454 iterum,
1354 2419 1453 2458 quae
1487 2406 1523 2445 in
1569 2410 1713 2445 natura
1754 2405 1952 2445 invenitur

140 2473 180 2506 et
212 2466 301 2506 huic
333 2467 454 2506 motui
488 2466 649 2518 propria
681 2472 771 2514 est;
805 2471 848 2506 ut
881 2479 955 2517 ego
989 2466 1158 2518 quidem,
1179 2466 1318 2518 dirigo,
1355 2465 1418 2505 die
1450 2465 1488 2504 in
1523 2476 1666 2504 annum
1699 2468 1740 2504 et
1771 2476 1950 2516 quocun-

141 2538 214 2578 que
258 2532 439 2577 tempore
484 2531 577 2577 post
621 2530 779 2578 partum
824 2526 863 2565 in
897 2522 981 2566 365
998 2525 1280 2582 multiplicato
1325 2524 1362 2563 in
1395 2523 1588 2564 infinitum
1619 2535 1758 2578 usque.
1822 2523 1948 2564 Pro-

141 2585 315 2625 fectio
360 2597 487 2637 neque
521 2585 622 2625 situs
656 2591 740 2633 est,
775 2597 901 2637 neque
935 2575 1079 2632 motus,
1113 2584 1151 2623 in
1185 2584 1357 2623 futurum
1390 2595 1574 2634 operanS,
1608 2582 1718 2634 cujus
1750 2583 1789 2622 in
1822 2594 1951 2622 rerum

140 2649 281 2683 natura
313 2644 410 2683 nihil
442 2650 505 2684 est
537 2656 662 2696 neque
695 2644 822 2684 simile
855 2656 981 2696 neque
1013 2642 1326 2695 porportionale.
1363 2662 1416 2668 —-

260 2704 304 2742 In
339 2703 597 2755 sequentibus
630 2702 780 2743 transis
814 2708 856 2742 tu
888 2717 912 2742 a
945 2702 1174 2742 defensione
1222 2702 1273 2741 ad
1305 2699 1646 2752 impugnationem
1678 2711 1852 2738 mearum
1885 2698 1949 2739 di·

142 2762 373 2811 rectionum,
407 2767 636 2813 propterea,
671 2762 774 2814 quod
809 2762 1001 2802 obscurus
1035 2762 1108 2801 sim
1143 2762 1181 2801 in
1215 2761 1278 2800 iis.
1343 2759 1446 2799 Puto
1466 2771 1527 2798 me
1555 2759 1643 2810 jam
1665 2757 1729 2798 hic
1750 2770 1839 2798 esse
1859 2757 1947 2798 cla-

140 2821 295 2860 riorem.
331 2842 385 2847 -
421 2820 526 2866 Quid
559 2821 633 2860 hoc
665 2821 723 2861 rei
756 2827 835 2869 est,
883 2821 986 2873 quod
1020 2833 1103 2860 rem
1136 2821 1363 2866 obscuram,
1411 2830 1483 2858 nec
1522 2831 1683 2866 novam,
1725 2817 1796 2857 sed
1828 2829 1946 2869 quam

143 2884 303 2931 uterque
337 2880 489 2931 pridem
523 2893 658 2920 sumus
691 2880 887 2932 amplexi,
929 2885 971 2920 tu
1004 2879 1138 2932 pot-ius
1170 2878 1231 2918 vis
1269 2882 1457 2928 tanquam
1490 2875 1720 2928 παραδοξον
1760 2875 1946 2923 retinere,

142 2950 260 2987 quam
292 2939 514 2978 confirmari
546 2938 775 2985 obscurius,
815 2951 888 2979 nec
919 2938 1071 2990 pateris
1104 2937 1391 2990 qualiacunque
1425 2935 1522 2983 dici,
1556 2948 1642 2975 cum
1674 2934 1840 2974 meliora
1870 2946 1944 2973 ne·-

142 2998 315 3045 queant?
377 2996 483 3036 Juva
513 2997 669 3048 potius,
713 3002 757 3037 ut
789 2998 895 3038 clare
927 2998 1155 3049 loquamur,
1201 3008 1319 3048 quam
1351 2999 1395 3033 ut
1425 2994 1525 3034 haec
1558 2993 1796 3046 supprimas.
1858 2992 1945 3032 Hoc

142 3059 274 3094 tamen
320 3061 383 3094 sat
417 3056 544 3095 clare:
590 3056 630 3096 in
671 3057 851 3096 omnibus
882 3057 1002 3097 rebus
1046 3055 1137 3095 inde
1183 3068 1207 3094 a
1239 3053 1465 3093 divinitatis
1509 3053 1660 3104 origine
1705 3058 1768 3092 est
1811 3051 1946 3104 aliqua
