2028 3242
107 104 192 148 366
667 106 802 138 Literae
825 105 964 147 Kepieri
987 105 1191 148 aliorumque
1215 109 1353 138 mutuae

106 223 250 251 secans
282 209 531 250 horizontem
562 208 602 248 in
636 206 696 258 Gr,
729 208 938 249 zodiacum
968 209 1007 249 in
1039 210 1096 250 M.
1160 209 1238 250 Est
1268 209 1391 262 igitur
1420 210 1547 263 ipsius
1578 210 1722 252 stellae
1754 210 1790 251 L
1821 215 1918 251 s'ex-

106 270 190 310 tilis
222 275 307 309 tam
340 269 380 308 in
413 267 452 308 G
485 280 602 320 quam
633 267 672 307 in
705 268 769 317 M,
813 266 905 320 quia
937 269 1082 308 stellae
1113 269 1276 309 radiant
1314 268 1352 308 in
1388 270 1524 310 orbem
1556 268 1833 316 circumcirca,
1877 274 1920 310 et

109 329 146 369 G
189 328 346 381 quidem
384 328 470 380 jam
515 327 648 378 tangit
693 326 959 375 horizontem,
1006 328 1051 367 M
1095 341 1188 368 vero
1236 333 1300 368 est
1336 328 1454 368 infra.
1518 327 1755 377 Quaeritur,
1802 328 1918 380 quale

106 394 296 442 punctum
329 387 378 426 de
410 386 556 426 circulo
577 384 662 425 MG
695 386 909 426 tenendum
943 387 998 426 sit
1027 399 1099 438 pro
1133 387 1350 427 directione
1381 387 1499 438 hujus
1531 387 1688 428 sextilis
1720 387 1771 427 ad
1796 387 1919 428 horo-

107 446 299 499 scopum?
348 446 454 486 Nam
487 445 521 485 si
555 444 592 484 G
627 450 742 484 extra
760 445 981 495 zodiacum,
1016 446 1182 486 directio
1204 446 1366 486 durabit
1386 445 1632 487 diutissime:
1665 446 1920 494 omniaenim

107 512 256 559 puncta
287 504 424 544 circuli
454 503 570 556 parvi
607 516 657 543 ex
688 504 723 543 L
762 504 954 556 descripti
997 506 1224 545 successive
1269 509 1443 557 tangunt
1489 506 1774 557 horoscopum
1825 517 1920 557 ergo

108 567 235 605 solum
268 569 457 615 punctum
476 564 522 602 M
549 562 713 602 valebit.
777 561 995 608 Quaeritur
1026 563 1148 616 igitur
1181 564 1388 616 longitudo
1420 564 1516 605 ΜΗ.
1580 564 1797 604 Methodus
1829 576 1921 603 cor-

107 623 334 665 rectissima
365 622 438 662 hoc
471 623 557 662 loco
590 626 666 670 est,
699 626 744 661 ut
763 628 965 661 secantem
988 623 1064 662 LM
1100 619 1179 664 60⁰
1210 623 1367 663 dividas
1398 635 1469 674 per
1499 628 1707 663 secantem
1728 623 1804 662 LH
1823 622 1920 662 lati-

110 683 277 729 tudinis,
319 687 363 721 ut
393 682 564 733 prodeat
595 693 738 720 secans
770 681 866 721 MH.
928 681 1022 720 Jam
1053 682 1280 733 Maginus
1326 683 1379 729 (in
1406 687 1641 730 Supplemento
1667 687 1923 730 Ephemeridum

80 759 138 791 ψῃ.
170 745 236 780 158
261 746 295 778 ff.
337 746 491 778 Frankof.
521 741 631 787 1608)
665 740 818 779 mavult
849 746 1038 791 punctum
1069 741 1114 780 M
1144 741 1184 780 in
1217 746 1433 793 aequatore
1466 747 1660 790 statuere,
1695 746 1740 781 ut
1771 741 1826 781 sit
1845 740 1923 781 LH

111 800 337 848 declinatio,
371 800 491 839 HMF
518 804 710 850 aequator
721 811 732 846 3
766 798 844 838 erit
873 798 996 851 igitur
1026 812 1239 852 processus
1270 799 1390 849 idem,
1423 806 1466 840 et
1485 801 1605 850 scias,
1637 800 1712 840 hoc
1728 812 1923 852 processu

108 860 287 900 tabulam
326 871 415 898 esse
454 859 622 905 factam,
674 870 722 896 ex
762 869 840 909 qua
877 858 1066 910 Maginus
1100 859 1220 910 jubet
1264 870 1493 910 excerpere.
1565 858 1633 899 Sic
1673 857 1923 910 Origanus
1956 886 1970 893 κ,

110 917 356 960 (Ephemerides
381 916 695 957 Brandenburgicae
721 916 763 947 ab
781 925 809 947 a.
833 914 1076 948 1595—1655.
1105 917 1258 949 Frankof.
1279 917 1323 949 ad
1340 916 1403 949 od.
1425 915 1527 950 1609.
1554 917 1630 950 Vol.
1647 917 1673 949 Ι.
1699 926 1732 959 p.
1752 914 1820 948 386
1838 913 1923 959 seq.)

110 980 196 1007 cum
229 978 299 1005 suo
331 965 448 1004 modo
481 969 522 1003 et
555 963 694 1002 tabula
729 964 848 1015 plane
886 964 960 1004 hoc
998 970 1203 1016 praestat,
1252 965 1355 1017 quod
1387 977 1463 1016 ego
1495 977 1616 1017 supra
1647 964 1764 1005 docui
1794 965 1923 1018 primo

110 1026 313 1066 schemate
356 1036 427 1076 per
471 1028 658 1062 secantes
709 1023 910 1068 (Vickenius
947 1029 1078 1061 scribit:
1120 1030 1253 1062 modum
1285 1034 1379 1062 tuum
1412 1029 1639 1062 constituendi
1672 1029 1724 1061 vel
1760 1028 1927 1071 aequandi

111 1089 280 1126 aspectus,
315 1081 486 1115 dividendo
512 1085 684 1114 secantem
708 1081 759 1113 vel
785 1080 1005 1114 differentiam
1029 1082 1215 1115 latitudinis
1241 1081 1301 1116 dte.
1327 1093 1391 1115 nec
1416 1092 1479 1126 ego
1515 1092 1577 1116 nec
1605 1082 1771 1125 Origanus
1796 1082 1926 1124 assequi

110 1134 315 1179 possumus).
377 1129 538 1170 Invenit
569 1129 690 1176 enim,
739 1134 929 1180 quantum
961 1130 1150 1181 planetae
1184 1130 1358 1171 debeant
1389 1130 1542 1171 distare
1580 1130 1620 1170 in
1652 1129 1838 1179 zodiaco,
1882 1134 1927 1168 ut

111 1192 166 1231 sit
205 1191 309 1230 inter
345 1189 521 1241 ipsorum
560 1200 728 1240 corpora
763 1188 967 1239 perfectus
1000 1195 1203 1240 aspectuS.
1266 1189 1525 1236 Nesciebam,
1570 1189 1729 1230 tabulas
1773 1189 1854 1234 has„
1885 1188 1925 1228 in

110 1250 275 1302 Magino
306 1249 371 1288 vel
404 1246 583 1300 Origano
616 1246 796 1287 inveniri.
859 1247 1029 1302 Magini⁸
1045 1254 1178 1288 tamen
1212 1249 1456 1288 sententiam
1494 1249 1544 1288 de
1583 1253 1801 1301 aequatore
1846 1259 1925 1286 non

111 1315 207 1362 puto
239 1313 406 1348 naturae
441 1311 764 1346 consentaneam.
826 1306 1085 1347 Planetarum
1118 1313 1160 1347 et
1191 1306 1300 1348 Solis
1332 1308 1409 1348 iter
1440 1315 1505 1348 est
1535 1308 1575 1348 in
1606 1306 1792 1347 zodiaco:
1833 1305 1925 1346 inde

111 1375 176 1408 est
207 1368 268 1408 vis
299 1367 483 1419 partibus
515 1365 670 1405 zodiaci
701 1365 813 1405 radio
846 1365 991 1406 stellae
1012 1366 1134 1406 tactis
1155 1367 1340 1407 movendi
1371 1372 1573 1416 naturam,
1604 1378 1694 1406 cum
1725 1378 1798 1406 eae
1827 1377 1927 1418 par-

112 1434 175 1468 tes
207 1427 258 1467 ad
289 1427 552 1477 horoscopum
583 1424 760 1465 veniunt.
824 1423 979 1465 Sufficit
1009 1425 1153 1478 igitur,
1186 1431 1232 1466 ut
1262 1430 1459 1480 aequator
1486 1430 1670 1478 praestet
1701 1435 1926 1465 mensuram

114 1485 305 1538 temporis
337 1483 585 1525 directionis.

231 1559 278 1610 4)
315 1561 572 1601 Ptolemaeus
612 1560 714 1600 forte
748 1556 975 1618 ὁλοσχεροῦς
1013 1566 1055 1602 et
1093 1561 1291 1614 pinguiori
1321 1561 1506 1601 Minerva
1536 1559 1714 1610 dixerat,
1760 1558 1927 1612 gradum

113 1621 343 1675 aequatoris
375 1620 414 1660 in
447 1619 665 1660 directione
704 1619 931 1671 significare
965 1633 1110 1670 annum
1161 1621 1381 1667 (Vickenius:
1407 1626 1564 1670 Maginus
1588 1626 1764 1670 gloriatur,
1801 1623 1929 1657 Ναίδα·

113 1682 190 1713 dam
215 1696 259 1701 —
284 1681 319 1712 in
345 1679 527 1711 Comment.
556 1678 599 1710 ad
615 1678 842 1710 Ptolemaeum
870 1697 912 1702 —-
939 1680 1047 1711 verius
1073 1688 1172 1721 quam
1197 1683 1325 1712 ceteros
1351 1683 1540 1712 assecutum
1565 1679 1667 1712 fuisse
1685 1682 1831 1711 mentem
1847 1677 1926 1711 Peo-

113 1729 233 1760 lemaei
257 1729 292 1759 in
317 1727 570 1765 directionibus,
605 1729 640 1757 et
662 1725 795 1757 modum
820 1727 922 1767 ipsius
949 1728 1123 1759 convenire
1157 1737 1231 1759 cum
1255 1727 1351 1759 modo
1377 1737 1435 1759 suo
1461 1726 1522 1759 διο.
1571 1726 1662 1760 Num
1686 1726 1741 1759 hic
1766 1735 1860 1758 verus
1886 1726 1930 1758 sit

113 1783 227 1814 modus
251 1781 484 1817 Ptolemaicus,
511 1783 545 1811 et
569 1778 666 1821 quale
690 1783 783 1812 tuum
808 1781 850 1811 sit
864 1780 1034 1820 judicium,
1060 1781 1188 1822 postulo
1207 1784 1242 1813 et
1260 1776 1428 1822 expecto).
1480 1775 1600 1824 Sane,
1635 1774 1729 1828 quia
1761 1777 1927 1814 eventus

115 1836 376 1878 directionum
409 1846 486 1873 non
519 1833 569 1872 ad
603 1832 889 1873 subtilissimas
922 1833 1109 1873 minutias
1141 1834 1399 1886 respondent,
1430 1834 1588 1886 putavit
1612 1833 1830 1873 mittendas
1850 1831 1928 1871 mi·-

115 1895 269 1943 nutias,
313 1900 355 1933 et
385 1898 493 1933 recte
527 1892 699 1944 quidem.
761 1891 1045 1941 Recentiores,
1081 1891 1310 1941 Cardanus,
1344 1893 1550 1944 Maginus,
1584 1892 1791 1940 Naiboda,
1822 1891 1929 1930 Bra-

115 1956 238 2002 heus,
289 1951 470 1992 minutim
511 1951 644 1990 omnia
689 1956 996 1999 consectantes,
1048 1951 1196 1991 rectius
1236 1952 1504 1999 contendunt,
1557 1945 1675 1992 360⁰
1705 1949 1928 2003 significare

116 2009 259 2066 364¹),
296 2023 434 2051 annos.
496 2010 613 2049 Meus
657 2010 797 2050 modus
838 2010 1038 2050 consentit
1077 2010 1248 2050 maxime
1282 2022 1368 2050 cum
1400 2010 1585 2059 Braheo,
1632 2009 1722 2062 qui,
1768 2014 1814 2048 ut
1855 2019 1929 2060 ego

115 2085 187 2126 per
223 2070 376 2110 zodiaci
415 2081 531 2108 arcus
564 2068 692 2121 dirigo
723 2068 879 2117 Solem,
911 2068 972 2108 ita
1003 2069 1090 2120 ipse
1124 2082 1194 2121 per
1226 2069 1454 2122 aequatoris
1485 2081 1601 2110 arcus
1634 2068 1859 2108 coorientes
1889 2066 1929 2106 in

119 2135 231 2172 recta
263 2129 447 2181 sphaera.

236 2198 282 2249 5)
328 2197 445 2244 Quod
482 2198 733 2237 Peucerus
767 2198 820 2244 (in
837 2203 916 2236 libro
942 2204 983 2236 de
1000 2203 1250 2237 Divinationum
1267 2205 1442 2247 generibus
1460 2199 1667 2247 praecipuis)
1697 2202 1816 2252 putat
1846 2207 1934 2236 cum

118 2259 312 2307 Herlicio,
348 2270 418 2297 eas
450 2257 673 2297 censendas
707 2269 797 2297 esse
828 2258 1082 2310 planetarum
1114 2259 1275 2308 domus,
1317 2270 1418 2310 quae
1451 2257 1825 2298 constellationibus
1858 2255 1932 2294 de-

119 2319 365 2364 scribuntur,
410 2328 482 2355 nec
520 2315 765 2367 incipiendas
806 2317 855 2356 ab
898 2317 1169 2369 aequinoctio,
1216 2318 1287 2358 sed
1328 2332 1352 2357 a
1389 2318 1519 2370 prima
1550 2314 1932 2368 arietis:-speciem

118 2379 241 2418 habet
271 2375 368 2423 veri,
402 2375 459 2414 sic
492 2375 594 2414 enim
627 2380 669 2414 et
700 2388 788 2415 cum
820 2376 958 2415 Lunae
990 2377 1263 2416 mansionibus
1294 2377 1351 2417 fit.
1413 2377 1474 2416 At
1504 2376 1596 2416 vide
1628 2375 1729 2416 libro
1761 2386 1849 2415 meo
1874 2368 1930 2412 'de

119 2437 281 2486 „Stella
312 2434 590 2487 Serpentarii“
632 2435 875 2474 sententiam
906 2448 1054 2485 meam,
1100 2436 1222 2476 etiam
1261 2449 1310 2476 ex
1341 2442 1473 2475 mente
1512 2435 1807 2487 astrologorum
1843 2433 1930 2472 for-

119 2501 281 2544 matam,
313 2494 490 2534 Peucero
523 2493 787 2533 contrariam:
829 2494 905 2534 etsi
938 2500 1091 2534 totum
1122 2496 1345 2535 domuum
1376 2494 1628 2547 negotium
1658 2498 1928 2534 contemno.

237 2571 350 2611 Haec
383 2570 433 2609 ad
467 2570 605 2610 literas
638 2570 675 2609 d.
710 2571 748 2609 d.
783 2569 853 2611 25.
887 2571 1040 2611 Martii.
1101 2572 1218 2612 Nunc
1251 2572 1303 2611 ad
1334 2575 1549 2624 sequentes
1585 2567 1652 2610 18.
1684 2568 1808 2620 Maji:

242 2630 283 2677 1)
326 2628 458 2677 Petis,
499 2634 543 2668 ut
575 2628 686 2668 brevi
716 2635 933 2681 praecepto
966 2635 1006 2670 te
1033 2630 1183 2681 juvem,
1217 2636 1262 2670 ut
1294 2631 1419 2680 scias,
1462 2633 1652 2682 quantum
1691 2626 1926 2679 Goperni-

120 2689 260 2731 canis
292 2688 508 2727 motibus
541 2688 856 2739 planetarum
889 2689 943 2729 sit
963 2689 1200 2738 addendum,
1236 2695 1426 2742 quantum
1445 2686 1774 2728 subtrahendum.
1830 2685 1926 2725 Dixi

115 2751 198 2802 jam
243 2759 365 2798 saepe
410 2752 451 2786 et
495 2747 661 2798 scripsi,
706 2760 788 2787 rem
826 2754 1041 2800 praecepto
1075 2748 1357 2801 comprehendi
1395 2760 1472 2787 non
1503 2758 1639 2799 posse.
1701 2744 1926 2785 Braheus

119 2811 205 2861 ipse
239 2807 296 2847 sic
328 2806 431 2857 egit:
477 2806 678 2854 ostendit,
726 2813 917 2858 quantum
949 2807 986 2846 in
1019 2807 1325 2848 excentricitate
1357 2806 1615 2853 mutandum,
1662 2808 1854 2855 quantum
1884 2803 1925 2843 in

121 2878 327 2920 apogaeo,
374 2870 565 2916 quantum
609 2865 647 2904 in
692 2865 947 2917 proportione
994 2866 1171 2915 orbium,
1216 2867 1254 2906 in
1296 2871 1406 2905 motu
1437 2864 1591 2912 medio,
1636 2862 1677 2902 in
1709 2861 1922 2902 latitudine

120 2927 308 2967 maxima.
372 2922 527 2969 Quibus
570 2924 800 2964 constitutis
838 2925 963 2976 jussit
1005 2931 1149 2977 postea
1189 2925 1390 2965 calculare
1442 2927 1573 2962 motus
1611 2920 1922 2960 modo-usitato

120 2986 160 3026 in
190 2982 416 3026 Prutenicis
449 2987 489 3022 et
520 2983 795 3034 Alphonsinis,
828 2988 986 3024 tantum
1018 2983 1208 3024 correctis
1240 2982 1457 3036 principiis.
1519 2979 1715 3031 Exemplo
1742 2978 1920 3031 ingentis

119 3043 346 3090 varietatis,
378 3054 478 3093 quae
511 3042 572 3081 his
606 3054 656 3081 ex
686 3042 890 3094 principiis
923 3042 1070 3092 oritur,
1110 3043 1164 3083 sit
1194 3042 1265 3082 tibi
1298 3042 1447 3082 Mars.
1510 3039 1628 3079 Anno
1648 3035 1773 3079 1606.
1806 3029 1919 3089 prin‘-

121 3103 222 3156 cipio
255 3101 349 3142 anni
381 3106 434 3141 st.
466 3114 503 3140 n.
535 3100 662 3152 incipe
695 3101 842 3141 addere
881 3102 965 3154 ejus
1010 3102 1109 3142 locis
1140 3101 1390 3146 Prutenicis,
1434 3097 1505 3140 22.
1536 3097 1654 3139 Febr.
1694 3096 1798 3137 adde
1828 3096 1921 3148 plu-
