2028 3242
217 0 311 61 -ΐῑέῖῑ
399 0 420 29 ²
444 0 473 30 '¹
502 17 687 66 l
832 0 844 6 ⁷
887 0 889 2 ’
926 0 984 7 ”
1159 0 1183 3 ”
1236 2 1246 17 “
1394 0 1460 65 Ο
1503 0 1684 66 '‘UT''
1802 0 2028 79 infixit>

118 69 205 112 280
723 66 764 98 In
790 66 883 108 Apol.
911 65 1016 106 Tych.
1049 68 1166 97 contra
1189 64 1310 98 Ursum
1407 76 1523 135 §Num
1557 20 1798 126 Τξῃψᾶῶὲ-*Α
1829 94 1838 112 x
1943 67 1965 104 3
2014 82 2018 92 ‚

1749 111 1873 157 ww
1894 100 2028 176 war

196 199 199 200 ν
224 175 339 216 Nunc,
371 185 450 209 cum
477 174 523 208 lis
552 176 589 208 te
618 172 715 208 inter
741 176 782 208 et
799 173 1011 220 Tychonem
1038 185 1111 208 non
1130 183 1310 219 personas
1331 141 1629 215 attineassmdi
1673 157 1933 219 philosophiae
1965 177 2028 231 dvi·-

118 231 195 265 foro
216 232 394 269 versetur,
425 239 491 261 nec
511 227 559 262 ab
579 238 623 261 eo
650 226 770 272 possit
797 226 945 262 excludi
963 227 1074 268 ullus,
1105 226 1166 272 qui
1186 226 1375 261 scientiam
1397 227 1639 263 humanarum
1655 226 1931 272 divinarumque

39 319 49 322 Α,
67 309 74 315 ,
116 294 237 319 rerum
266 286 385 322 amat,
417 280 503 326 quia
533 280 987 332 philqsgpliijQQune
1017 280 1165 328 generis
1186 279 1336 315 humani
1364 280 1500 316 bonum
1518 283 1593 315 est:
1621 291 1690 315 nec
1715 290 1830 328 aegre
1850 279 1930 328 tibi,
1967 279 1971 283 ’

115 334 252 372 homini
280 334 512 380 philosophe,
542 345 613 379 ego
643 334 779 375 facere,
811 346 878 368 nec
906 338 947 368 tu
974 333 1062 368 mihi
1091 345 1163 368 non
1192 343 1386 380 ignoscere
1415 337 1575 379 poteris,
1604 331 1636 368 si
1661 333 1831 378 partibus
1860 333 1932 379 Ty-

116 389 240 424 chonis
270 387 450 432 susceptis
486 391 525 421 te
560 387 707 432 publice
735 388 946 433 loquentem
988 386 1136 432 publice
1165 398 1310 433 quoque
1339 386 1440 421 intra
1467 385 1727 432 philosophiae
1755 386 1930 421 terminos

118 444 301 488 alloquar.
357 441 452 475 Nam
483 451 563 474 cum
591 450 638 474 ea
675 444 803 475 aetate
832 440 917 481 sim,
955 445 998 475 ut
1035 442 1079 474 de
1107 440 1267 475 veritate
1301 450 1422 475 rerum
1456 438 1683 475 naturalium
1710 438 1931 500 certissimus

112 496 194 542 jam
221 506 316 530 nunc
344 505 425 528 esse
454 503 643 539 nequeam,
674 504 721 543 ea
748 505 835 528 vero
861 493 1127 540 praeeminue-
1453 494 1540 528 inda
1619 493 1640 527 d
1862 504 1883 527 e
1917 512 1932 527 -.

665 536 704 545 ...,
717 532 846 541 ›usu-vnn·

0 533 34 597 ἓν
85 562 89 570 ³
118 554 234 585 tatem
269 548 361 583 nihil
394 547 481 581 mihi
518 558 591 581 non
626 549 842 582 tentandum
876 558 961 593 esse
1021 550 1139 587 utem;
1180 558 1297 592 neque
1326 547 1511 592 TychOHiS
1549 547 1697 581 lah⁰fe⁸
1725 549 1766 581 0¹²1
1790 545 1934 592 Plfflita'

109 587 953 647 ‘diiiiteffffiere“”p3t'iii,*qii'a‘e‘fflfgss'ff's‘iiimt‘ffia
979 612 1003 646 p
1033 600 1217 645 iosophia
1243 599 1416 635 momenti
1443 612 1527 635 esse
1555 600 1787 641 videbantur,
1814 611 1932 645 neque

117 667 211 703 quae
240 659 281 690 tu
310 658 439 689 contra
466 665 531 699 pro
560 653 823 689 Aristotelicae
853 658 977 698 sectae
1010 654 1233 688 auctoritate
1259 651 1486 699 proferebas,
1515 652 1724 700 negligere.
1783 653 1845 688 Ex
1863 652 1931 688 boc

124 763 192 797 illa
220 761 391 796 veritatis
433 759 611 794 incendia.
669 761 772 800 Quae
803 771 887 795 vero
916 759 1003 795 mihi
1039 759 1282 805 pensiculatis
1315 759 1507 806 utriusque
1545 759 1663 806 partis
1705 758 1932 806 argumentis

0 748 18 763 N
84 710 212 850 neuim
241 707 506 743 contrariorum
533 705 631 742 inter
659 718 697 741 se
727 707 893 742 conflictu
932 706 1115 741 scintillae
1151 707 1274 741 solent
1314 706 1397 741 elici
1426 708 1472 742 ad
1501 707 1702 742 excitanda
1729 705 1933 745 clarissima

27 2732 50 2762 f
114 2730 381 2767 conciliare
424 2737 676 2767 conentur?
735 2733 826 2773 Quid
870 2733 952 2767 ais?
1008 2735 1088 2785 An-
1105 2733 1304 2768 etiamnum
1332 2733 1484 2778 mgndus
1526 2731 1593 2766 tibi
1632 2727 1811 2776 'aeternus
1847 2733 1927 2766 est?

141 816 340 855 iderentur,
371 814 415 848 ad
445 818 484 848 te
512 812 631 858 ipsum
659 814 888 858 perscribere
917 813 1034 854 volui,
1075 812 1177 859 quia,
1214 812 1285 847 etsi
1314 813 1398 859 quid
1437 813 1563 860 inique
1593 813 1631 848 in
1658 816 1727 848 tua
1754 813 1932 859 dogmata

117 868 244 909 statui,
275 868 311 902 id
339 871 376 901 te
406 866 485 911 ipso
514 877 619 900 nemo
647 867 783 902 rectius
813 867 940 906 diluet,
969 870 1008 901 et
1036 866 1265 901 indicandum
1294 865 1362 900 tibi
1390 870 1484 908 erat,
1502 867 1588 902 'non
1614 865 1696 901 ideo
1723 865 1840 907 nobis,
1871 865 1931 912 qui

115 921 298 968 Tychonis
334 919 662 965 philosophemata
689 931 967 965 receperamus,
1007 920 1066 954 vel
1096 931 1291 954 excussam
1318 920 1379 954 vel
1407 920 1503 955 omni
1535 918 1680 955 ratione
1717 918 1932 954 destitutam

114 987 220 1016 esse,
252 974 346 1020 quod
386 973 548 1007 futurum
576 973 743 1015 dixeras,
782 973 975 1019 pristinam
1010 973 1110 1008 illam
1139 972 1363 1018 opinionem,
1400 973 1487 1019 quia
1520 984 1545 1008 a
1577 972 1748 1008 teillam
1781 971 1933 1010 arietari

116 1029 280 1063 vidimus.
338 1027 387 1061 Ut
420 1030 542 1060 autem
571 1026 727 1071 publicis
757 1027 857 1073 typis
892 1026 927 1061 id
962 1027 1084 1067 fieret,
1127 1026 1310 1071 Tychonis
1340 1026 1492 1062 arbitrio
1530 1026 1757 1061 commissum
1784 1025 1871 1068 fuit,
1909 1035 1934 1060 a

117 1094 187 1129 quo
216 1080 305 1116 facti
333 1079 513 1120 rationes,
552 1081 607 1114 uti
637 1092 743 1126 spero
773 1093 845 1115 non
873 1081 1073 1122 absurdas,
1116 1079 1256 1115 audies,
1313 1082 1368 1114 Ac
1396 1091 1486 1115 sane
1515 1079 1601 1127 quia
1631 1083 1673 1115 tu
1699 1079 1839 1127 librum,
1859 1079 1933 1125 Ty·

118 1135 254 1175 chonis,
287 1144 391 1179 quem
422 1130 630 1168 accuratius
661 1138 699 1168 te
727 1134 866 1180 legisse
895 1145 1030 1179 negas,
1069 1133 1301 1168 nihilominus
1342 1133 1506 1169 omnibus
1535 1132 1674 1182 ingenii
1701 1132 1840 1168 viribus
1868 1143 1932 1178 op-

116 1199 283 1234 pugnas,
326 1190 364 1221 et
393 1197 486 1231 quae
525 1191 654 1222 contra
688 1187 808 1222 dicere
846 1187 1019 1232 potuisti,
1061 1186 1253 1221 Germanis
1282 1187 1437 1228 nostris,
1472 1191 1515 1222 ut
1541 1185 1731 1233 intelligo,
1770 1187 1934 1233 legenda

118 1240 383 1276 communicas:
415 1250 550 1284 operae
579 1240 739 1286 pretium
767 1240 855 1281 erit,
887 1240 917 1275 si
945 1252 994 1275 ex
1021 1239 1273 1286 publicatione
1302 1251 1465 1275 mearum
1491 1240 1747 1287 pagellarum,
1777 1239 1838 1286 qui
1866 1245 1934 1274 tua

117 1294 299 1329 incautius
329 1294 520 1339 legerunt,
563 1293 796 1340 intelligant,
839 1294 991 1328 multum
1021 1294 1089 1328 tibi
1130 1294 1175 1328 ad
1203 1293 1398 1328 veritatem
1435 1293 1728 1340 perspiciendam
1765 1292 1933 1329 nocuisse

118 1358 284 1382 securam
312 1346 412 1381 illam
442 1346 478 1381 in
507 1347 691 1392 Tychonis
719 1347 847 1382 libello
876 1347 1035 1394 legendo
1063 1346 1346 1393 negligentiam.

224 1402 300 1436 Nec
329 1404 366 1433 te
396 1400 578 1445 Tychonis
607 1402 897 1450 πολυρῥητορια,
924 1402 1068 1446 qua¹de
1097 1400 1284 1446 querelam
1313 1399 1488 1446 instituis,
1518 1403 1685 1435 excusat.
1740 1399 1824 1435 Non
1850 1410 1934 1434 oon·

118 1454 278 1490 sistimus
309 1454 355 1487 ad
384 1452 548 1488 tribunal
574 1454 708 1489 morosi
731 1453 887 1499 judicis,
927 1454 988 1500 qui
1017 1454 1139 1489 taedio
1178 1466 1227 1488 ex
1267 1452 1531 1498 multiplicibus
1561 1452 1719 1499 querelis
1757 1455 1933 1498 concepto

113 1513 179 1543 aut
208 1518 384 1551 respuere
414 1517 478 1540 nos
508 1507 627 1552 possit
669 1512 735 1542 aut
763 1507 862 1542 intra
888 1508 1082 1542 verborum
1109 1518 1297 1542 numerum
1326 1517 1473 1552 cogere.
1528 1507 1694 1553 Magnae
1722 1510 1810 1541 sunt
1835 1516 1933 1541 men-

113 1561 160 1597 tis
190 1566 340 1595 nostrae
369 1560 559 1601 tenebrae,
590 1564 792 1595 contumax
820 1560 1016 1596 memoriae
1045 1560 1209 1600 durities,
1243 1571 1338 1606 quae
1352 1563 1395 1594 ut
1423 1560 1634 1605 exemplum
1666 1559 1792 1605 capiat
1810 1570 1935 1595 eorum

114 1624 210 1661 quae
240 1615 436 1654 docentur,
478 1614 602 1648 multis
632 1614 764 1648 ictibus
795 1625 886 1659 opus
923 1619 994 1649 est.
1051 1615 1126 1649 Res
1161 1613 1246 1667 ipsa
1274 1623 1427 1659 magna,
1466 1613 1651 1664 pretiosa¹
1691 1611 1933 1658 honorabilis,

1182 1663 1380 1674 *mmm*
1399 1661 1596 1717 ”facturam
1622 1665 1754 1717 facile²
1793 1665 1825 1700 si
1851 1677 1933 1717 per-

113 1667 268 1716 nobilis,
297 1666 619 1716 dejp-ainyffiiffl
649 1679 779 1716 nempe
808 1671 847 1702 et
875 1667 1050 1714 scientim
1087 1678 1180 1714 quae
1211 1666 1395 1712 temporis*

110 1717 302 1767 'vestigata
330 1710 707 1772 suefitz.„,q⁰ssppeffl·
763 1710 844 1755 NE?
869 1721 1011 1762 dubito,
1044 1678 1631 1766 qua—Effiaestantia,
1667 1731 1698 1754 si
1726 1722 1870 1754 tantam
1897 1731 1934 1754 in

117 1772 354 1818 Tyohoniano
375 1772 469 1807 libro
490 1767 746 1819 prolixitatem
775 1785 953 1818 superare
982 1775 1186 1819 potuisses,
1218 1777 1359 1819 quanta
1387 1774 1447 1807 vel
1475 1772 1683 1808 felicissimo
1711 1772 1860 1818 ingenio
1888 1773 1933 1807 ad

113 1838 159 1861 ea
188 1837 281 1872 quae
311 1826 481 1861 dicuntur
509 1827 755 1872 intelligenda
783 1838 873 1871 opus
904 1831 977 1868 est,
1022 1827 1106 1873 quin
1135 1829 1283 1862 tandem
1310 1826 1478 1862 veritatis
1519 1826 1681 1872 aliquam
1709 1825 1933 1871 suscepisses

113 1879 274 1925 effigiem
304 1879 507 1924 mentisque
540 1881 715 1914 tenebras
745 1880 971 1924 dispulisses.
1028 1883 1082 1915 Ac
1123 1880 1209 1915 mihi
1250 1891 1357 1922 sane,
1398 1884 1442 1914 ut
1468 1891 1594 1924 verum
1622 1879 1755 1921 dicam,
1795 1879 1934 1914 minore

113 1932 245 1967 mentis
275 1931 479 1967 intentione
518 1937 754 1979 temporeque
795 1933 962 1968 constitit
989 1934 1103 1968 totius
1134 1933 1316 1979 Tychonis
1357 1932 1442 1967 libri
1480 1937 1519 1967 et
1547 1933 1747 1979 apologiae
1785 1932 1935 1978 prolixa

113 1985 235 2025 lect-io,
271 1996 379 2030 quam
409 1986 666 2031 Capnurasniae
696 1991 806 2027 tuae,
850 1987 973 2021 nescio
1003 1999 1051 2021 ex
1081 1998 1151 2032 quo
1181 1991 1317 2032 arguto
1353 1986 1496 2031 pulpito
1525 1986 1561 2021 in
1590 1986 1686 2021 hanc
1714 1985 1932 2031 disputatio-

114 2050 197 2073 nem
225 2050 296 2072 non
325 2039 418 2072 bene
448 2039 627 2074 arcessita
655 2040 824 2074 concisio.
878 2039 1179 2088 RE,{,‹{P§ass-Vix
1207 2040 1389 2090 capimus,
1416 2043 1527 2090 μ(Ξίὲὴριι
1554 2031 1954 2095 QQQ

114 2092 264 2137 insuper
293 2091 444 2137 ingenia
474 2093 636 2128 cruciare
660 2092 799 2139 jubes?
1352 2088 1384 2093 ,-.
1503 2084 1564 2092 ω’

220 2144 291 2179 Sed
321 2146 366 2178 ad
394 2156 470 2180 rem
498 2146 697 2180 veniamus.
754 2139 936 2191 Principio
973 2146 1139 2180 candoris
1182 2146 1249 2180 tibi
1284 2147 1430 2180 laudem
1471 2144 1613 2188 tribuo,
1653 2144 1714 2191 qui
1757 2155 1931 2180 summam

114 2197 262 2232 intimae
292 2203 378 2232 tuae
408 2199 620 2233 intentionis
663 2199 698 2233 in
727 2199 846 2234 fronte
888 2199 1002 2243 ponis.
1061 2201 1274 2234 Auctoritas
1302 2210 1378 2234 una
1405 2203 1464 2234 tot
1491 2203 1657 2234 aetatum
1694 2197 1762 2234 tibi
1790 2199 1930 2240 obstat,

115 2251 198 2286 huic
227 2263 350 2285 omnes
380 2252 518 2298 ingenii
546 2253 653 2294 vires,
684 2252 768 2286 huic
796 2256 913 2287 totum
941 2253 1037 2287 hunc
1065 2253 1231 2287 laborem
1250 2253 1439 2288 devovisti.
1495 2253 1546 2287 Et
1565 2252 1755 2298 quisquam
1774 2251 1929 2292 dubitet,

116 2316 162 2339 an
191 2305 472 2340 mathematicas
501 2306 842 2346 demonstrationes,
873 2317 963 2352 quas
992 2306 1178 2351 proponis,
1209 2306 1288 2351 ipse
1308 2305 1521 2352 perspicias,
1553 2305 1656 2350 cujus
1684 2317 1788 2348 omne
1807 2305 1930 2339 lumen

114 2357 223 2392 animi
253 2358 321 2391 hoc
350 2359 581 2404 antiquitatis
612 2360 756 2404 pallore
786 2359 962 2394 imbutum
992 2363 1075 2394 est?
1131 2361 1190 2394 An
1221 2359 1335 2406 igitur
1374 2359 1461 2394 mihi
1490 2358 1739 2399 succensebis,
1783 2357 1814 2392 si
1843 2369 1930 2403 quo-

113 2411 182 2445 ties
214 2412 401 2455 pulverem
430 2413 692 2458 geometricum
722 2413 899 2458 attinges,
930 2412 1019 2447 illud
1048 2413 1101 2447 tui
1130 2410 1262 2454 divini,
1293 2424 1372 2447 cum
1401 2413 1526 2447 oculos
1555 2411 1686 2457 aperit,
1715 2410 1929 2446 Aristotelis

113 2464 180 2498 tibi
214 2475 409 2509 reponam,
454 2470 492 2500 et
521 2466 616 2500 inter
645 2478 706 2500 eos
736 2470 773 2500 te
802 2466 981 2507 referam,
1013 2468 1055 2501 de
1085 2466 1214 2512 quibus
1245 2466 1430 2512 queritur,
1461 2467 1555 2512 quod
1584 2477 1670 2500 non
1700 2467 1931 2510 quaerant

111 2516 323 2552 rationes
363 2522 407 2553 et
448 2530 621 2554 causas
663 2521 716 2554 ad
746 2531 801 2554 ea
849 2531 965 2565 quae
1007 2524 1248 2565 apparent
1285 2520 1528 2554 reddenda
1566 2522 1612 2553 et
1648 2517 1931 2553 efficienda:

114 2571 190 2604 sed
219 2572 270 2604 ad
307 2570 689 2618 praecon'ceptas
733 2584 839 2608 suas
883 2575 1106 2619 quasdam
1148 2573 1394 2618 opiniones
1431 2576 1478 2607 et
1516 2570 1928 2612 ratiocinationes,

113 2623 232 2668 qualis
262 2628 320 2658 est
356 2629 423 2660 tua
463 2627 506 2660 de
537 2627 759 2672 antiquitate
798 2626 1009 2672 persuasio,
1052 2627 1161 2671 ipsa
1197 2627 1533 2672 phaenomena,
1575 2629 1618 2660 ut
1654 2629 1695 2659 tu
1724 2635 1792 2664 ea,
1835 2635 1928 2670 quae

113 2677 361 2713 mathematici
407 2679 442 2713 in
484 2684 647 2714 cometae
689 2683 789 2715 motu
830 2681 1168 2725 deprehenderunt,
1211 2680 1464 2714 violenter
1504 2679 1846 2712 accommodent
1885 2680 1930 2712 et

1493 2769 1611 2777 -..n-*uun
1619 2771 1710 2778 m·-
1717 2773 1735 2777 -.

2019 2664 2028 2792 ..a-nm*
2023 2607 2028 2649 -.-.
2024 2565 2028 2586 .,
2026 2550 2028 2555 .

114 2782 176 2817 Sol
205 2783 301 2817 infra
331 2779 362 2823 Q
392 2790 432 2819 et
465 2780 491 2821 Q
522 2790 602 2820 est?
658 2774 1100 2833 Prin‘cip'i'ffirvofflm
1128 2786 1302 2831 illspgldk
1328 2788 1408 2819 est?
1465 2784 1558 2824 Quia
1590 2783 1623 2818 id
1653 2783 1928 2834 scingAristo-

114 2835 219 2876 teles,
250 2834 384 2882 vulgus
416 2830 656 2884 approbarit,
695 2831 769 2874 'nox
800 2840 881 2887 ista
901 2844 1104 2884 temporum
1133 2844 1189 2874 tot
1217 2824 1778 2890 Sefpffifiongaafflassbffiavit?
1835 2833 1928 2877 Quid

114 2887 229 2932 igitur
256 2889 335 2923 Deo
366 2891 508 2937 gratias
541 2893 684 2937 agimus
715 2887 907 2938 quotidie,
934 2884 1510 2937 qu’s‘ilispiilsis“'lllis“{Eisebrls
1550 2883 1928 2936 cum'irff‘feligione

116 2945 191 2974 tum
220 2942 255 2975 in
285 2943 425 2977 artibus
457 2949 495 2978 et
524 2946 639 2979 literis
670 2945 907 2980 clarissimam
937 2945 1155 2991 cognitionis
1185 2955 1358 2992 amoram
1373 2943 1587 2978 reduxerit?
1642 2946 1701 2977 An
1730 2942 1926 2978 etiamnum

115 2997 321 3035 stertemus,
353 3007 430 3031 cum
456 2997 535 3042 jam
565 2999 703 3040 clarum
733 3010 837 3047 mane
867 2996 1219 3046 fenestra-smintrat?
1258 2997 1569 3046 Anssheriqo‘mnes
1589 2990 1926 3043 natQ}a‘e‘”tEesa2-

111 3057 174 3095 ros
204 3048 381 3083 exhausit
408 3050 649 3097 Arist0t⁰le.s.÷
680 3042 857 3100 ut‡-h‘3d3„‘{
886 3044 976 3100 nihil
1006 3051 1189 3101 supersit?
1246 3044 1305 3084 An
1333 3040 1399 3084 tsibi
1428 3051 1555 3084 durum
1584 3044 1744 3089 videtur,
1774 3053 1817 3083 ut
1845 3059 1927 3082 cae-

116 3098 287 3133 cutivisse
319 3099 352 3134 in
384 3103 506 3136 multis
536 3108 680 3138 veteres
711 3097 894 3138 dicamus?
953 3096 1087 3148 Cujus
1108 3094 1198 3150 ergo
1228 3108 1312 3137 sunt
1341 3103 1414 3138 ista
1442 3103 1572 3137 verba:
1616 3112 1762 3151 „pauca
1795 3099 1926 3136 mentis

108 3220 143 3242 ,r
307 3212 322 3242 l
543 3224 549 3228 ·
710 3214 712 3217 ’
876 3201 890 3225 '
