2028 3242
765 43 809 76 ‹1-
830 43 928 77 rehu
953 43 1167 87 meets
1783 46 1868 90 339

67 143 284 194 geminen?
342 144 431 192 An,
477 158 555 185 non
585 151 652 186 est
681 147 720 186 in
761 147 935 199 ipsorum
971 153 1196 200 potestate,
1242 150 1515 203 qualecunque
1546 162 1761 204 φαηασμα
1791 153 1866 194 ob-

61 202 223 253 jicere?
282 201 366 243 Sed
409 210 605 256 coguntur
635 206 869 246 occasiones
900 213 1084 259 captare,
1130 219 1252 260 seque
1290 212 1621 261 temperamentis
1658 217 1702 251 et
1735 212 1868 252 *statui

65 254 211 301 meritis
248 274 404 302 suarum
448 263 663 304 tutelarum
707 265 1035 306 accommodare?
1063 262 1069 268 '
1095 263 1306 311 Quomodo
1349 268 1470 320 igitur
1509 276 1673 310 movent
1715 270 1868 312 animos

67 325 236 378 nostros,
269 333 341 375 per
371 333 526 374 corpus,
556 335 607 362 an
634 335 677 362 se
708 322 838 375 ipsis?

90 385 94 389 ’
157 385 404 429 Fabricius:
437 390 502 431 Qui
526 392 582 430 fit,
615 393 702 434 quod
725 402 813 434 aqua
836 393 983 434 impense
1014 392 1115 425 salita
1143 392 1253 426 hiemo
1285 405 1349 426 non
1377 402 1588 435 concrescat,
1624 399 1711 431 sicut
1735 404 1867 433 ceterae

63 435 198 516 anun}
220 437 328 517 &gine
357 443 438 481 puto
471 439 594 482 aliquid
627 449 751 472 causae
781 440 932 479 subesse,
970 440 1057 482 quod
1088 441 1122 472 in
1152 440 1233 472 locis
1258 443 1339 474 mari
1365 444 1479 475 vicinis
1502 448 1634 477 tantum
1658 446 1735 488 gelu
1758 446 1866 479 hieme

179 531 452 584 Keplerus:
499 531 620 573 Salsa
649 540 747 587 puto
777 533 920 574 iisdem
951 533 1001 573 de
1033 533 1168 575 causis
1193 547 1270 575 non
1290 548 1564 587 concrescere,
1597 539 1740 592 quibus
1761 539 1862 580 olea.

62 589 167 631 Nam
198 591 232 632 si
263 591 388 632 salita
417 592 613 644 quaedam
645 593 775 641 fuere,
813 592 1012 646 pinguedo
1044 592 1102 632 eis
1133 593 1261 643 inest,
1301 600 1342 635 et
1374 595 1506 637 lentus
1537 603 1659 651 atque
1689 598 1864 639 viscidus

64 649 247 698 idimon·
273 653 320 691 {rt
360 650 546 691 carnibus
590 651 835 692 animalium.
897 651 987 692 Nou
1029 658 1219 704 penetrat
1261 652 1384 706 igitur
1421 654 1548 707 frigus
1585 662 1671 698 tam
1711 669 1864 698 crassa.

63 706 202 749 Hiems
230 721 326 750 vero
355 721 434 749 non
466 709 555 750 ideo
588 710 721 751 mitior
751 709 867 751 vobis
899 710 1069 758 videtur,
1107 711 1193 760 sed,
1225 713 1328 765 quod
1359 713 1554 755 Francius
1586 721 1679 756 tuus
1709 715 1864 768 ajebat,

63 765 116 807 ob
145 773 328 810 aestuum
359 768 562 821 appulsus,
597 782 733 810 auram
763 770 951 822 vapidam
983 770 1196 820 spirantes.

154 833 401 881 Publicius:
439 837 475 870 Si
499 839 638 871 fuhnina
660 844 739 871 sunt
761 839 966 875 materialia.
996 843 1035 871 ut
1056 839 1183 882 physici
1206 840 1337 878 volunt,
1368 850 1427 873 cur
1449 841 1546 875 homo
1570 843 1610 874 iis
1634 853 1701 875 non
1723 843 1866 876 laeditur

62 883 107 916 ad
129 883 286 922 annm!
333 885 452 918 Audivi
476 885 529 918 hic
554 886 719 928 quendam
743 886 879 919 fulmine
904 886 1129 919 exanimatum
1153 888 1266 924 fuisse,
1289 889 1324 920 in
1350 890 1443 929 cujus
1467 890 1553 931 pileo
1577 890 1752 923 rotundum
1777 891 1863 923 fora·

62 940 139 964 men
161 932 306 964 inustum
329 931 449 971 iuerat,
476 937 511 965 et
533 937 646 965 tamen
671 938 772 975 caput
794 933 955 966 illaesum.

179 989 448 1044 Keplerus:
492 991 555 1032 De
586 991 806 1032 fulminatis
837 1005 1087 1044 nunquamne
1124 992 1300 1034 audisti?
1359 994 1424 1033 An
1462 1006 1599 1034 omnes
1638 994 1698 1035 ita
1728 995 1863 1036 fulmi-

63 1049 233 1090 nantur?
291 1049 430 1090 Nobili
449 1048 572 1103 Styro
608 1048 661 1091 12
693 1063 884 1091 annorum
914 1063 1050 1104 puero,
1076 1052 1162 1104 jam
1195 1050 1370 1092 exanimi
1399 1064 1515 1104 pene,
1549 1066 1686 1093 arsere
1712 1060 1860 1104 vestes,

63 1108 241 1149 foramen
272 1114 362 1149 erat
390 1107 432 1149 iu
461 1109 586 1149 calcei
619 1108 732 1151 solea
763 1109 880 1162 inque
912 1123 1096 1155 scamno,
1129 1111 1168 1150 in
1200 1123 1277 1163 quo
1310 1110 1468 1159 stabat;
1513 1112 1598 1163 ipse
1631 1118 1765 1153 tamen
1797 1113 1860 1153 in-

63 1172 186 1218 teger.
225 1166 350 1207 ,Puto
381 1167 616 1220 oleaginosa
645 1168 730 1220 peti
762 1174 800 1208 et
834 1168 1043 1221 insigniter
1074 1169 1226 1221 ignita,
1259 1169 1348 1210 hinc
1381 1182 1456 1209 non
1490 1183 1632 1211 carnes
1663 1171 1861 1221 humidae,

61 1224 133 1264 sed
163 1238 233 1265 cor
263 1232 305 1265 et
334 1226 373 1265 in
406 1238 454 1266 eo
486 1227 687 1267 flammula
717 1227 846 1279 vitae;
879 1227 969 1267 hinc
1001 1241 1135 1277 canes,
1168 1229 1327 1280 igneum
1359 1228 1516 1269 animal.

149 1294 396 1328 fabricius:
437 1295 632 1336 Quaeritur.
669 1306 756 1339 quae
787 1298 831 1329 sit
861 1306 964 1330 causa
997 1299 1240 1331 anniversariae
1269 1299 1462 1330 mutationis
1492 1300 1577 1331 aeris
1611 1301 1647 1331 in
1671 1299 1751 1331 locis
1775 1300 1862 1333 ultra

62 1347 274 1383 aequatorem
299 1348 334 1375 et
357 1343 456 1380 circa,
483 1349 517 1376 et
541 1345 636 1376 simul
660 1345 744 1376 ratio
770 1345 944 1377 diuturnae
967 1346 1156 1378 serenitatis
1179 1355 1239 1387 per
1262 1355 1364 1377 unum
1388 1351 1565 1383 semestre,
1590 1351 1626 1380 et
1649 1351 1767 1379 contra
1788 1347 1862 1389 plu-

62 1389 136 1423 vin
156 1399 218 1432 pet
239 1389 402 1429 altorum?
450 1390 605 1432 Perpetui
629 1392 698 1424 fere
722 1393 811 1424 venti
835 1391 918 1424 flant
942 1393 1060 1429 sereni,
1086 1393 1210 1435 absque
1234 1394 1375 1425 materia
1398 1393 1543 1425 nubium.
1591 1393 1723 1434 Physici
1746 1399 1862 1426 vento-

62 1445 134 1469 rum
157 1437 332 1472 mat-’iam
355 1437 400 1470 ad
423 1437 650 1470 exhalationes
675 1443 844 1470 terrestres
870 1439 1032 1476 referunt;
1058 1445 1095 1472 at
1118 1440 1183 1472 illic
1208 1450 1337 1481 semper
1352 1449 1514 1472 serenum.
1554 1439 1651 1473 Unde
1668 1441 1770 1483 frigus
1784 1440 1860 1474 hor-

62 1481 199 1516 rendum
223 1483 259 1516 in
282 1480 351 1515 41⁰
374 1483 439 1526 poli
466 1491 568 1517 austr.
593 1486 627 1517 in
651 1486 768 1518 itinere
791 1482 941 1518 Draci?
968 1487 1035 1518 Cur
1058 1488 1091 1518 in
1116 1486 1196 1519 locis
1221 1487 1465 1519 australioribus
1489 1487 1596 1519 hieme
1618 1489 1725 1529 majus
1749 1488 1863 1531 frigus,

59 1539 158 1574 quam
181 1532 216 1563 in
238 1530 291 1564 hia
314 1532 509 1564 maritimis?
551 1532 674 1564 Contra
700 1539 830 1565 aestate
854 1533 920 1565 illic
945 1536 1051 1574 major
1075 1539 1187 1565 aestus
1213 1539 1274 1570 est,
1300 1543 1398 1576 quam
1422 1534 1486 1574 hic,
1513 1535 1590 1566 licet
1607 1535 1676 1567 dies
1701 1537 1769 1567 sint
1790 1535 1860 1567 lon·

63 1577 190 1619 ginon,
224 1581 260 1610 ct
281 1582 413 1620 propter
435 1589 560 1612 moram
584 1580 764 1622 longiorem
790 1579 875 1613 Solis
907 1590 1005 1622 supra
1029 1580 1231 1613 horizontem
1253 1583 1349 1622 ¹juxta
1372 1586 1465 1613 tuam
1489 1583 1690 1626 sententiam
1715 1586 1750 1614 ot
1774 1583 1863 1614 calor

60 1625 165 1665 maior
188 1634 261 1657 esse
285 1625 429 1658 deberet.
482 1626 610 1658 Suntne
634 1627 791 1668 planetae
823 1633 983 1659 certorum
1017 1634 1185 1660 ventorum
1210 1625 1378 1661 meteres?
1426 1628 1605 1660 Habentne
1629 1629 1748 1671 singuli
1772 1631 1862 1661 venti

63 1674 188 1704 cerm
214 1680 236 1704 a
258 1676 380 1704 natura
403 1673 542 1705 inditam
567 1673 827 1716 proprietatem?
876 1674 939 1707 Vel
963 1676 1071 1717 potius
1096 1684 1117 1707 a
1141 1680 1262 1708 natura
1285 1675 1348 1708 loci
1374 1680 1407 1707 et
1431 1675 1595 1718 regionis?

101 1740 110 1747 ‘
177 1730 449 1783 Keplerus:
499 1733 587 1772 Hoc
619 1746 709 1773 esse
727 1741 824 1786 puto
847 1734 1204 1786 transaequatoriis
1229 1741 1444 1785 perpetuas
1470 1733 1723 1784 serenitates,
1756 1735 1860 1788 quod

61 1789 175 1829 nobis
207 1795 417 1830 aestatem.
474 1792 528 1832 Et
559 1797 605 1831 ut
634 1791 748 1832 nobis
779 1793 846 1832 nix
878 1798 1036 1832 aestate
1069 1805 1147 1832 non
1178 1794 1299 1840 cadit,
1332 1794 1546 1833 turbantur
1577 1800 1711 1833 tamen
1739 1794 1858 1834 calidi

63 1848 149 1888 dies
181 1849 358 1900 frigidis,
404 1850 463 1890 ita
495 1851 573 1890 illis
606 1851 679 1891 sub
717 1857 923 1903 aspectus,
956 1852 991 1891 si
1021 1864 1101 1891 non
1129 1851 1308 1904 pluviae,
1342 1858 1450 1892 certe
1483 1852 1701 1892 nubeculae
1733 1858 1860 1893 erunt.

64 1906 186 1954 Venti
217 1908 375 1962 quidem
393 1922 443 1949 ex
462 1910 676 1959 montibus,
710 1910 781 1951 sed
801 1923 851 1951 ex
870 1910 952 1951 alia
971 1911 1072 1952 forte
1094 1910 1335 1959 continente,
1369 1916 1411 1950 et
1429 1910 1619 1960 continui,
1651 1911 1745 1964 quia
1763 1924 1858 1952 con-

61 1964 172 2006 tinua
191 1967 383 2008 montium
403 1969 619 2017 exhalatio,
654 1969 719 2021 qui
739 1969 789 2009 iis
810 1969 907 2010 locis
928 1969 1064 2010 Solem
1084 1971 1341 2010 accedentem
1361 1970 1501 2010 fortius
1522 1970 1713 2019 sentiunt,
1745 1983 1860 2023 quam

61 2037 144 2068 noo.
205 2025 316 2067 Pluit
346 2027 520 2068 fortasse
551 2029 655 2079 apud
688 2029 983 2076 illosmontes,
1017 2035 1061 2068 at
1091 2030 1227 2081 pluvia
1258 2029 1339 2069 cito
1371 2029 1566 2069 considet.
1628 2029 1752 2069 Venti
1786 2043 1856 2069 va-

59 2089 169 2140 stum
196 2096 388 2131 oceanum
418 2091 594 2135 tranant,
620 2087 846 2139 pluviarum
878 2087 1052 2127 soboles.
1116 2087 1161 2128 Si
1194 2088 1280 2140 quis
1312 2088 1410 2128 mihi
1441 2088 1699 2140 consignaret
1729 2090 1860 2128 omnia

62 2141 341 2191 observabilia,
376 2151 581 2184 ventorum
613 2146 778 2197 plagas,
813 2147 931 2186 facile
965 2147 1227 2198 confingerem
1259 2147 1526 2199 hypotheses,
1552 2147 1695 2199 juncta
1726 2154 1861 2187 astro-

62 2200 216 2241 nomiae
246 2203 565 2254 cosmographia.
625 2203 734 2243 Nihil
768 2205 868 2243 adeo
900 2205 1091 2245 insolens.
1147 2205 1284 2244 Habet
1315 2210 1358 2245 et
1384 2204 1560 2246 Graecia
1590 2211 1722 2245 statas
1754 2212 1859 2246 tem-

59 2265 264 2311 pestates3
298 2258 516 2300 Germania
546 2261 596 2300 ob
627 2262 860 2302 vastitatem
894 2269 936 2303 et
967 2263 1129 2302 crebros
1149 2269 1305 2303 montes
1337 2264 1466 2303 minus
1498 2264 1561 2303 his
1593 2270 1758 2304 assueta
1783 2271 1858 2311 est⁷

61 2319 298 2371 praesertim
331 2319 480 2359 boreali
514 2319 640 2359 litore.
1104 2358 1109 2361 ,

57 2419 59 2421 ,
178 2377 226 2418 In
258 2378 564 2429 septentrionali
595 2378 783 2418 America
816 2384 997 2429 apparet,
1032 2379 1330 2418 exhalationum
1362 2392 1462 2431 opus
1494 2393 1583 2419 esse
1610 2386 1765 2419 tantum
1792 2379 1864 2420 fri-

63 2448 161 2487 guS‚
200 2442 246 2476 ut
277 2437 382 2488 apud
415 2450 486 2475 nos
518 2437 646 2477 simile
678 2437 769 2488 quid
804 2436 1000 2476 interdum
1034 2443 1205 2478 aestate.
1266 2438 1378 2477 Haec
1410 2438 1481 2477 illa
1510 2438 1638 2489 regin,
1679 2439 1783 2477 unde
1813 2439 1866 2478 ad

62 2506 134 2534 nos
178 2494 359 2535 Nordost
408 2496 474 2535 ille
526 2496 707 2547 frigidus.
773 2493 878 2540 Quid
896 2485 951 2535 ‘si
983 2496 1036 2535 ibi
1069 2496 1180 2535 culus
1218 2496 1386 2536 mundi?
1445 2496 1605 2536 Natura
1642 2495 1772 2536 ventis
1813 2497 1864 2536 ab

63 2553 227 2604 originis
259 2561 303 2593 et
326 2568 351 2593 a
370 2554 565 2594 transitus
587 2554 695 2593 locis.
749 2554 966 2605 Impetuosi
993 2554 1176 2594 videntur
1207 2567 1227 2593 e
1253 2554 1471 2606 propinquo
1492 2555 1639 2594 venire.
1687 2555 1864 2594 Austra-

66 2610 168 2651 libus
198 2617 243 2651 ut
284 2612 466 2652 omnibus
509 2613 606 2652 locis
646 2613 770 2663 frigus
805 2618 846 2651 et
879 2619 1015 2652 aestus
1056 2626 1080 2651 a
1115 2613 1310 2652 tenuitate
1349 2613 1455 2652 aeris
1492 2613 1704 2664 adjuvatur
1742 2620 1812 2653 aut
1842 2628 1866 2653 a

65 2670 211 2710 ventis.
283 2671 388 2710 Hinc
432 2672 607 2723 Angliae
652 2672 747 2710 mite
789 2671 913 2722 frigus
955 2684 1095 2711 crasso
1134 2675 1241 2711 aere.
1312 2671 1520 2726 Lirnpidus
1558 2671 1682 2722 igitur
1718 2677 1789 2712 aer
1826 2673 1863 2712 in

63 2726 275 2779 Peruana‚
315 2736 452 2770 aestus
483 2743 579 2770 vero
611 2730 763 2781 major,
807 2730 899 2781 quia
931 2729 1000 2770 Sol
1035 2730 1181 2778 altior,
1233 2735 1274 2770 et
1303 2730 1394 2781 plus
1425 2730 1548 2770 vincit
1580 2730 1751 2770 altitudo
1781 2731 1863 2779 illa,

65 2798 184 2839 quam
214 2794 355 2828 nostra
386 2789 465 2828 diei
498 2789 719 2840 longitudo.
781 2789 874 2828 Mea
906 2788 1099 2840 principia
1137 2801 1213 2828 non
1247 2795 1480 2840 comparant
1517 2789 1698 2829 diversas
1730 2790 1864 2842 regio-

0 2875 2 2896 ,
64 2857 151 2895 m,
183 2847 253 2886 sed
285 2849 493 2888 cumulant
523 2848 741 2900 qualitates
774 2847 812 2886 in
845 2859 923 2886 uno
955 2847 1089 2899 aliquo
1109 2852 1216 2886 aere.
1278 2847 1436 2894 Pluvia,
1468 2853 1624 2895 ventus,
1658 2861 1708 2888 an
1735 2849 1864 2888 fumus

0 2899 28 2951 ζ.
67 2903 123 2944 sit
154 2904 322 2954 futurus,
358 2907 462 2958 quod
495 2907 682 2954 exhalat,
716 2906 754 2944 in
788 2906 938 2945 Terrae
970 2905 1182 2945 habilitate
1215 2906 1335 2945 situm
1368 2906 1561 2955 arbitror,
1592 2918 1669 2946 non
1701 2907 1739 2947 in
1770 2908 1862 2960 pla-

0 2983 1 2994 *
65 2967 244 3004 netarum
274 2965 452 3018 arbitrio.
513 2965 569 3005 Et
606 2971 741 3004 tamen
786 2965 918 3016 aptior
956 2964 1059 3003 alius
1103 2964 1152 3003 ad
1196 2964 1315 3005 aliam
1356 2965 1625 3005 conditionem
1656 2967 1862 3015 materiae,

63 3033 151 3061 cum
180 3024 263 3063 sint
294 3024 472 3072 distincti
503 3024 715 3064 coloribus.

1495 3093 1575 3126 22*
