2028 3242
178 87 264 133 ⁰266
914 88 1077 133 Apologia
1101 89 1266 132 Tychonis

179 197 328 237 habeat
371 196 421 235 ad
467 196 534 236 FT
576 202 734 249 partem
777 196 987 245 minorem,
1035 209 1151 249 quam
1201 197 1326 237 habet
1367 196 1564 237 velocitas
1608 196 1818 237 eccentrici
1865 207 1916 236 ex
1958 195 1992 235 E

176 268 247 307 per
273 255 312 301 Q
353 256 391 295 in
431 255 471 296 N
511 256 561 295 ad
606 256 861 296 velocitatem
907 257 1050 296 stellae
1096 269 1145 295 ex
1184 257 1217 295 B
1263 262 1304 296 et
1347 257 1616 304 demonstrat,
1669 256 1827 309 quando
1871 254 1993 295 stella

175 316 213 355 in
248 315 281 354 T
317 320 507 366 punctum
538 315 701 368 propius
728 316 876 356 Terrae
909 317 943 356 F
973 315 1130 363 incidit,
1178 321 1287 356 stare
1325 315 1464 355 videri.
1528 315 1664 367 Atque
1701 316 1800 355 haec
1839 327 1994 354 summa

177 380 241 414 est
272 379 313 414 et
344 374 575 414 intentionis
609 379 650 414 et
682 374 831 415 laboris
857 375 1059 427 Apollonii
1092 374 1225 423 illius;
1271 379 1431 426 praeter
1462 384 1561 426 quae
1594 373 1689 413 nihil
1721 374 1853 426 plane,
1889 374 1991 426 quod

176 434 214 473 in
261 433 506 473 astronomia
546 434 773 486 scripserit,
818 447 984 487 usquam
1030 435 1216 487 comperi.
1281 433 1395 480 Quae
1441 434 1526 486 ejus
1570 433 1848 473 demonstrata
1891 445 1992 484 quo-

177 493 292 533 modo
339 492 585 545 Copernicus
638 494 688 533 ad
736 507 829 533 suas
876 494 1129 534 transtulerit
1167 494 1431 547 hypotheseS,
1484 492 1522 531 in
1568 491 1654 544 ipso
1699 491 1790 532 vide
1835 491 1992 544 Ooper-

176 553 276 600 nico,
318 552 416 592 locis
456 552 505 591 ab
538 553 642 592 Urso
676 553 812 593 citatis
846 554 919 600 (V.
955 551 1044 600 35).
1112 553 1222 593 Nihil
1265 553 1369 592 enim
1403 552 1508 592 aliud
1553 551 1654 591 dixit
1691 552 1739 591 de
1778 551 1992 603 Apollonio

177 611 420 663 Copernicus
461 625 576 664 quam
614 612 888 659 Ptolemaeus,
937 625 985 651 ex
1019 625 1094 664 quo
1138 613 1204 652 ille
1249 613 1348 652 haec
1393 611 1430 651 in
1477 623 1590 650 suum
1628 623 1726 662 opus
1770 610 1991 650 transtulit.

176 670 370 716 Quamvis
409 683 457 710 ne
489 671 588 711 haec
628 671 784 723 quidem
822 684 894 723 pro
934 684 1022 711 sese
1054 671 1378 723 ingeniosissima
1415 670 1592 711 inventio
1631 670 1845 710 admodum
1881 669 1993 710 utilis

177 730 297 770 fuerit
335 730 570 779 artificibus,
616 736 829 782 propterea
874 731 975 783 quod
1015 730 1272 782 Apollonius,
1317 735 1364 770 ut
1401 729 1550 770 exitum
1593 729 1632 768 in
1678 729 1992 769 demonstrando

174 789 379 840 reperiret,
415 789 746 841 inaequalitatem
778 791 948 830 alteram
980 790 1017 829 in
1053 790 1260 830 stellarum
1292 789 1484 838 motibus,
1532 801 1633 840 quae
1665 789 1716 828 ad
1747 793 1887 840 partes
1920 799 1991 827 zo-

175 849 278 888 diaci
311 848 548 896 restituitur,
583 849 763 888 exclusit.
832 850 972 901 Itaque
1006 863 1054 888 ea
1086 848 1426 888 demonstratione
1469 843 1546 888 nisi
1585 847 1635 886 ad
1668 847 1847 899 singulos
1873 859 1991 886 casus

175 907 477 958 inaequalitatis
523 908 690 947 alterius
730 908 889 948 variata
933 908 990 948 uti
1029 909 1285 948 Ptolemaeus
1318 912 1360 947 et
1401 905 1646 958 copernicus
1688 918 1766 947 non
1810 911 2013 958 potuere„

174 966 319 1006 Adhuc
353 979 448 1017 ergo
481 967 611 1006 nullas
644 967 835 1008 habemus
856 967 1061 1018 Apollonii
1095 968 1342 1020 hypotheses
1374 965 1677 1012 astronomicae,
1710 977 1811 1018 quae
1832 965 1990 1017 quidem

174 1026 231 1065 sic
265 1025 342 1065 dici
381 1032 421 1064 et
466 1025 571 1065 inter
602 1032 760 1066 ceteras
806 1028 955 1066 formas
988 1026 1189 1066 recenseri
1215 1030 1431 1066 merentur.
1495 1023 1610 1070 Quae
1644 1025 1748 1064 enim
1789 1024 1859 1065 ille
1892 1037 1990 1076 sup-

173 1084 286 1137 ponit
331 1085 368 1124 in
405 1085 745 1125 demonstratione
779 1099 869 1133 sua,
914 1099 990 1125 non
1036 1087 1095 1125 ita
1139 1086 1347 1139 supponit,
1395 1089 1586 1136 tanquam
1626 1097 1768 1124 revera
1809 1083 1869 1124 ita
1900 1096 1990 1123 sese

173 1144 320 1183 habere
355 1149 513 1183 statuat
545 1145 669 1196 (quod
702 1146 835 1185 solent
866 1145 1080 1193 artifices),
1117 1145 1191 1184 sed
1220 1145 1290 1192 ita,
1325 1149 1370 1184 ut
1399 1148 1601 1196 patescat,
1635 1143 1728 1196 quid
1761 1143 1868 1183 circa
1899 1147 1989 1182 sta-

174 1203 303 1242 tiones
337 1204 510 1243 futuinm
545 1210 675 1253 esset,
716 1204 749 1243 si
782 1205 853 1244 illa
893 1205 953 1244 ita
984 1205 1193 1245 haberent.
1255 1204 1477 1255 Propterea
1514 1202 1674 1255 gemina
1706 1201 1832 1242 utitur
1863 1202 1992 1242 forma

172 1261 452 1314 principiorum
492 1263 848 1304 demonstrationis
889 1276 1007 1309 suae,
1055 1264 1148 1315 quia
1192 1275 1248 1303 sc.
1290 1263 1387 1302 nihil
1431 1262 1612 1302 decernit
1656 1267 1700 1302 ut
1737 1266 1990 1302 astronomus

175 1321 335 1369 artifex,
370 1322 439 1361 sed
474 1335 623 1362 merum
658 1323 743 1373 agit
774 1328 1019 1375 geometram
1051 1323 1090 1362 in
1124 1327 1302 1363 motuum
1334 1334 1492 1373 genere.

290 1380 384 1420 Jam
423 1380 532 1429 vide,
585 1394 703 1433 quam
753 1382 932 1422 suaviter
971 1382 1098 1422 Ursus
1144 1383 1192 1421 de
1236 1382 1311 1422 hoc
1350 1380 1557 1433 Apollonii
1602 1379 1762 1420 invento
1807 1382 1990 1431 nugetur.

174 1439 307 1479 Primo
341 1439 411 1486 ait,
446 1440 496 1480 ab
528 1440 616 1492 ipso
649 1446 847 1481 mutatam
880 1454 969 1481 esse
1002 1442 1231 1481 universam
1263 1441 1432 1480 formam
1451 1439 1862 1484 Aristan-obimatum,
1892 1449 1987 1490 per·-

177 1498 267 1538 inde
301 1512 347 1538 ac
374 1499 407 1537 si
438 1500 688 1551 professione
723 1500 866 1540 fuisset
899 1506 1162 1546 astronomus,
1198 1505 1242 1540 ut
1260 1499 1524 1540 Aristarchus
1551 1504 1593 1538 et
1613 1498 1693 1538 alii.
1754 1497 1988 1538 Mathema-

173 1558 293 1598 ticum
321 1558 578 1598 Ptolemaeus
612 1559 803 1611 appellat,
837 1566 881 1599 at
913 1566 1019 1599 certe
1053 1560 1237 1611 nuspiam
1264 1558 1299 1598 ei
1320 1557 1539 1598 astronomi
1565 1557 1708 1597 titulus
1727 1556 1981 1596 adscribitur.

173 1617 328 1656 Deinde
360 1629 447 1657 cum
482 1618 764 1658 obversaretur
796 1619 832 1658 ei
864 1619 1055 1659 memoria
1087 1618 1256 1670 duplicis
1290 1618 1440 1658 formae
1472 1615 1824 1656 demonstrationis
1853 1614 1987 1668 Apol-

173 1676 370 1723 lonianae,
405 1677 475 1716 sed
509 1678 698 1717 memoria
731 1678 885 1726 tenuis,
934 1683 1125 1730 tanquam
1158 1678 1215 1717 rei
1252 1690 1324 1729 per
1368 1689 1546 1716 somnum
1579 1675 1691 1716 visae
1724 1677 1836 1722 (nam
1868 1685 1990 1725 supra

173 1735 421 1787 conjectatus
456 1750 554 1784 sum,
590 1749 665 1775 non
699 1737 828 1788 ipsum
862 1737 1010 1777 Ursum
1045 1737 1191 1789 legisse
1224 1737 1322 1776 haec
1355 1736 1393 1775 in
1429 1735 1674 1784 Ptolemaeo,
1708 1735 1778 1774 sed
1812 1733 1864 1774 ab
1895 1732 1987 1779 alio,

173 1793 238 1846 qui
270 1794 369 1833 haec
404 1796 578 1834 fortasse
613 1796 766 1847 legerit,
802 1796 1086 1843 admonitum),
1118 1796 1204 1848 ipse
1239 1808 1392 1847 quoque
1425 1794 1623 1846 geminam
1653 1793 1986 1834 Aristarchiana·

172 1866 257 1892 rum
301 1852 620 1893 immutationem
667 1855 885 1906 Apollonio
931 1856 1100 1906 affingit.
1176 1854 1352 1895 Primum
1392 1854 1470 1900 ait,
1514 1853 1743 1893 institutam
1785 1852 1895 1900 ideo,
1946 1856 1990 1891 ut

174 1912 316 1963 ingens
349 1912 419 1951 illa
451 1914 625 1953 vastitas
657 1914 835 1961 fixarum,
872 1927 988 1966 quam
1021 1914 1283 1954 Aristarchus
1316 1913 1420 1964 apud
1441 1912 1721 1952 Archimedem
1754 1909 1988 1955 introduxit,

175 1970 399 2010 tolleretur.
464 1972 639 2024 Ideoque
685 1972 740 2012 sic
787 1985 875 2012 esse
913 1973 1139 2013 institutam
1182 1973 1292 2012 illam
1336 1971 1672 2017 immutationem,
1719 1976 1764 2010 ut
1808 1973 1988 2010 centrum

178 2030 342 2069 fixarum
374 2029 453 2070 una
484 2044 571 2070 cum
592 2032 717 2071 Terra
748 2032 1124 2072 circumvolveretur
1150 2044 1279 2071 annuo
1310 2035 1433 2070 motu.
1496 2031 1556 2070 At
1583 2030 1657 2070 hoc
1691 2035 1818 2069 totum
1837 2041 1988 2068 merum

173 2101 262 2127 esse
295 2089 527 2140 figmentum
562 2096 602 2129 et
635 2091 854 2143 sphyngem
887 2104 937 2130 ex
968 2091 1061 2132 Ursi
1094 2091 1256 2130 cerebro
1292 2095 1447 2138 natam,
1491 2089 1607 2129 facile
1640 2089 1769 2136 videt,
1803 2087 1869 2140 qui
1900 2100 1988 2128 cum

171 2148 246 2186 hac
280 2147 373 2187 Ursi
414 2148 744 2199 interpretatione
778 2150 1001 2190 Ptolemaei
1040 2150 1164 2190 verba
1207 2162 1328 2201 supra
1360 2149 1540 2200 allegata
1578 2149 1626 2188 de
1665 2147 1787 2199 priori
1819 2148 1986 2187 demon-

173 2206 380 2246 strationis
401 2207 694 2259 Apollonianae
735 2209 863 2248 forma
895 2210 1072 2248 conferre
1105 2209 1290 2249 voluerit.
1353 2208 1485 2260 Major
1517 2207 1699 2260 equidem
1732 2213 1796 2247 est
1828 2204 1987 2246 candidi

173 2271 214 2305 et
246 2265 323 2304 atri
355 2267 499 2306 coloris
534 2268 741 2319 cognatio,
790 2281 908 2320 quam
939 2269 1032 2309 Ursi
1067 2274 1108 2308 et
1143 2267 1361 2321 Apollonii.
1423 2268 1486 2307 Ac
1533 2267 1566 2307 si
1598 2267 1684 2319 quis
1724 2266 1775 2306 ad
1807 2279 1854 2305 το
1883 2263 1988 2316 ἦθος

173 2325 489 2376 suppositionum
521 2327 726 2378 Apollonii
759 2327 968 2379 respiciat,
1010 2327 1067 2367 illi
1099 2340 1175 2366 non
1209 2331 1346 2378 potest
1377 2326 1604 2372 ullomodo
1636 2325 1849 2365 verisimile
1881 2336 1985 2371 esse,
2021 2367 2024 2370 Δ

173 2389 330 2424 tantam
360 2386 575 2436 Apollonio
609 2399 742 2425 curam
776 2387 898 2426 fuisse
927 2388 974 2426 de
1007 2387 1075 2426 illo
1117 2387 1229 2426 hiatu
1267 2386 1413 2437 illaque
1446 2385 1642 2425 vastitate
1675 2385 1853 2424 fixarum.
1905 2382 1985 2422 Al-

172 2448 302 2483 teram
342 2443 658 2485 immutationem
697 2446 823 2485 Ursus
866 2447 990 2486 talem
1032 2446 1081 2485 ab
1114 2445 1330 2497 Apollonio
1375 2445 1489 2496 fingit
1527 2444 1772 2491 institutam,
1820 2447 1864 2482 ut
1898 2453 1986 2480 cum
2022 2482 2028 2488 ,

173 2507 294 2542 antea
326 2503 450 2542 Terra
483 2505 680 2551 (centrum
713 2502 900 2557 fixarum)
933 2506 1161 2545 volveretur
1194 2517 1322 2544 annuo
1355 2509 1464 2543 motu
1497 2503 1602 2542 circa
1624 2501 1772 2550 Solem,
1805 2506 1986 2541 centrum
2021 2531 2028 2550 ,-

172 2561 436 2612 planetarum,
471 2564 764 2615 quiescentem:
794 2565 879 2616 jam
913 2565 1022 2605 circa
1041 2565 1207 2603 Terram
1239 2568 1280 2602 et
1310 2569 1489 2602 centrum
1521 2562 1698 2606 fixarum,
1721 2559 1981 2612 quiescentia,

174 2620 244 2659 Sol
278 2626 318 2660 et
349 2627 526 2662 centrum
560 2623 811 2674 planetarum
845 2624 983 2663 eodem
1016 2636 1146 2673 annuo
1184 2628 1361 2674 tempore
1394 2620 1652 2668 circumierit,
1693 2631 1794 2671 quae
1827 2618 1986 2670 quidem
2018 2636 2022 2644 ⁴

175 2679 453 2731 hypothesium
495 2683 621 2722 forma
658 2697 682 2722 a
714 2683 902 2735 Tychone
934 2682 1067 2722 Brahe
1108 2682 1237 2733 (cujus
1279 2679 1511 2731 exagitandi
1549 2679 1682 2731 gratia
1720 2679 1847 2719 Ursus
1885 2677 1984 2717 haec

175 2738 382 2786 confinxit)
418 2746 580 2794 propter
612 2754 756 2781 causas
789 2742 840 2781 ab
872 2742 959 2792 ipso
992 2746 1154 2781 auctore.
1187 2740 1338 2792 passim
1381 2739 1604 2778 inculcatas
1646 2744 1686 2778 et
1719 2750 1768 2776 ex
1800 2736 1982 2776 occasio—

175 2797 289 2836 nibus
329 2811 405 2837 non
450 2800 750 2840 contemnendis
783 2806 990 2851 suscepta,
1035 2800 1199 2839 inventa
1242 2803 1283 2837 et
1320 2798 1541 2837 constituta
1579 2803 1655 2836 est.
1718 2796 1853 2835 Habet
1882 2795 1983 2834 haec

178 2856 336 2906 quidem
369 2859 540 2898 assertio
573 2859 957 2899 verisimilitudinem
991 2858 1186 2910 aliquam,
1222 2857 1254 2897 si
1289 2857 1375 2908 quis
1408 2869 1495 2896 eam
1527 2869 1616 2895 cum
1649 2852 1852 2906 Apollonii
1884 2865 1982 2905 sup-
2003 2883 2010 2912 3

178 2914 373 2963 positione
408 2918 601 2957 conferat.
666 2918 731 2958 Sit
763 2918 866 2958 enim
901 2918 1022 2970 juxta
1059 2922 1229 2956 mentem
1263 2915 1466 2968 Apollonii
1502 2919 1544 2954 et
1573 2914 1612 2954 in
1641 2913 1681 2955 5.
1715 2913 1918 2966 schemate
1949 2913 2009 2952 F.-

179 2972 314 3019 Terra,
358 2974 465 3013 circa
507 2989 595 3016 eam
627 2977 702 3017 NE
742 2977 930 3023 circulus,
971 2990 1085 3028 quem
1125 2981 1303 3015 centrum
1340 2973 1553 3013 eccentrici
1594 2985 1722 3013 annuo
1760 2962 1869 3012 motu
1907 2971 2002 3014 de-

178 3030 336 3079 scribit,
371 3032 429 3071 ita
455 3038 498 3073 ut
531 3035 636 3074 linea
668 3048 716 3074 ex
737 3036 770 3075 F
791 3036 916 3075 Terra
946 3036 1087 3088 perN,
1120 3034 1155 3073 E
1188 3039 1366 3074 centium
1399 3031 1609 3072 eccentrici
1630 3032 1785 3083 ejecta,
1824 3042 1981 3081 semper

179 3089 315 3129 eadem
349 3090 402 3130 sit
433 3104 521 3132 cum
554 3106 623 3141 ea,
672 3095 772 3145 quae
813 3106 863 3133 ex
895 3095 928 3134 F
960 3094 1085 3133 Terra
1121 3105 1192 3146 per
1225 3092 1379 3141 Solem,
1425 3091 1510 3130 sive
1543 3091 1577 3130 is
1611 3091 1697 3143 jam
1729 3090 1766 3129 in
1800 3087 1980 3141 ampliori
2025 3102 2028 3112 ¹
