2028 3242
203 126 216 165 Ἰ
228 123 284 166 30
878 119 1026 160 Mysterii
1053 119 1331 162 Cosmographici.

819 250 877 291 IN
911 248 1097 290 CAPUT
1128 248 1388 295 QUINTUM

911 331 1035 363 NOTA
1060 330 1296 364 Auoroms.

302 402 341 447 a)
379 405 438 439 Ex
471 403 601 450 anguli
632 414 681 438 sc.
714 403 806 437 recti
846 401 1076 448 aptitudine,
1120 406 1159 436 et
1191 403 1285 447 quod
1317 402 1430 436 omnis
1472 401 1508 435 in
1544 399 1769 436 semicirculo
1802 405 1923 434 rectus
1955 404 2013 434 est

197 459 370 504 angulus

967 630 1128 695 Caput
1164 629 1247 677 VI.

621 736 748 786 Quod
778 736 888 776 inter
919 735 1064 776 Jovem
1096 740 1136 775 et
1164 735 1351 775 Mamm
1373 733 1584 788 pyramis.

314 828 407 868 Jam
441 841 509 868 cur
541 829 681 869 cubum
710 829 887 881 excipiat
917 828 1106 883 pyramis,
1141 841 1256 868 nemo
1277 828 1490 867 admodum
1510 827 1732 875 mirabitur,
1767 839 1853 866 cum
1878 825 1922 874 1)
1942 826 2014 867 illa

198 888 280 927 fere
314 888 362 926 de
393 887 620 940 principatu
654 889 760 928 ausit
791 901 878 928 cum
912 888 1011 928 cubo
1042 888 1302 932 contendere,
1338 885 1384 934 2)
1417 886 1579 938 insuper
1609 886 1673 925 vel
1705 885 1795 938 ipsa
1825 885 1889 925 vel
1922 882 2013 935 ὁμο·

197 948 291 998 λογα
322 946 556 997 irregularia
589 947 740 987 faciunt
771 948 820 987 ad
855 953 1077 987 ceterorum
1104 946 1444 999 compositionem.
1493 945 1600 986 Nam
1630 944 1866 984 icosaedron
1899 957 2012 985 com-

197 1009 349 1057 ponunt
382 1003 438 1045 20
469 1006 723 1058 pyramides,
763 1006 882 1057 paulo
914 1006 1121 1046 breviores
1161 1005 1440 1045 tetraedricis:
1485 1004 1718 1044 octaedrum
1760 1006 1850 1044 octo
1884 1003 2012 1044 adhuc

199 1064 416 1104 breviores
479 1062 770 1104 Dodecaedron
804 1065 882 1104 etsi
916 1065 1111 1118 quadrato
1145 1064 1300 1104 occulto
1334 1068 1513 1109 constat,
1546 1068 1679 1102 tamen
1712 1062 1751 1102 in
1783 1063 2013 1116 pyramidas

198 1123 344 1162 resolvi
378 1135 545 1162 necesse
579 1129 654 1163 est.
714 1121 760 1171 3)
790 1124 930 1175 Neque
952 1123 1283 1164 contemnendum
1303 1122 1389 1170 hoc,
1424 1121 1528 1174 quod
1558 1121 1807 1161 tetraedrum
1838 1120 1876 1161 in
1911 1134 2012 1174 qua-

197 1186 287 1221 tuor
319 1182 523 1233 perfectas
562 1183 793 1234 pyramidas
833 1188 875 1222 et
905 1195 1023 1222 unum
1065 1182 1282 1222 octaedron
1327 1181 1496 1220 laterum
1529 1179 1691 1220 dimidio
1721 1179 1913 1220 minorum
1944 1193 2011 1220 re-

197 1240 299 1280 solvi
329 1245 478 1292 potest.
531 1238 579 1288 4)
612 1241 727 1281 Sicut
760 1242 797 1281 in
830 1241 963 1293 planis
997 1241 1130 1281 omnia
1162 1241 1413 1292 multangula
1444 1239 1482 1279 in
1515 1239 1718 1290 triangula
1747 1239 2012 1289 resolvuntur,

196 1299 254 1339 ita
286 1299 440 1351 reliqua
474 1300 606 1339 solida
637 1300 891 1340 mensurandi
924 1313 1049 1340 causa
1086 1300 1124 1340 in
1166 1300 1422 1353 pyramidas,
1469 1311 1567 1350 quas
1608 1298 1750 1338 deinde
1790 1297 1927 1345 cubis,
1970 1304 2016 1338 ut

195 1358 398 1410 triangula
442 1359 674 1410 quadratis,
721 1360 918 1398 metimur.
981 1359 1058 1398 Est
1096 1358 1218 1411 igitur
1258 1359 1497 1410 reliquorum
1534 1370 1723 1397 mensura
1763 1361 1806 1397 et
1842 1357 2014 1397 omnium

197 1417 383 1456 facillime
411 1431 435 1456 a
461 1417 560 1457 cubo
587 1417 779 1458 mensilis.
831 1417 878 1466 5)
910 1418 1015 1457 Hinc
1045 1419 1259 1470 pleraeque
1293 1417 1378 1468 ejus
1412 1416 1553 1464 lineae,
1586 1422 1632 1455 ut
1663 1421 1708 1456 et
1737 1414 1899 1456 cubicae
1931 1421 2015 1456 tam

197 1476 314 1515 facile
348 1477 613 1527 quantitatem
656 1490 705 1515 ex
744 1477 900 1517 ratione
939 1477 1116 1528 diagonii
1162 1477 1386 1527 accipiunt,
1434 1488 1510 1515 non
1554 1481 1689 1514 tamen
1735 1474 1854 1514 aliter
1897 1487 2015 1527 quam

197 1535 403 1587 quadratis
424 1535 612 1574 numeris.
661 1533 707 1582 6)
740 1535 966 1589 Pyramidis
993 1536 1114 1575 etiam
1141 1535 1381 1586 regularitas
1413 1547 1464 1573 ex
1496 1533 1593 1574 solis
1625 1534 1818 1574 lateribus
1849 1534 2012 1586 pendet,

197 1593 285 1633 cubi
318 1593 439 1633 etiam
472 1606 521 1632 ex
554 1594 724 1646 angulis.
771 1595 906 1647 Atque
939 1594 997 1634 sic
1030 1594 1277 1648 pyramidum
1306 1594 1411 1633 inter
1437 1593 1686 1645 aequilatera
1711 1605 1787 1632 non
1813 1593 1904 1644 plus
1935 1605 2015 1632 una

197 1657 272 1701 est,
307 1657 350 1692 at
380 1652 418 1691 in
451 1650 639 1704 ἑξαεδρῳ,
672 1653 853 1704 quamvis
887 1654 1122 1705 aequalibus
1149 1653 1354 1700 lateribus,
1387 1657 1522 1692 tamen
1555 1651 1709 1692 infinita
1739 1651 1917 1691 varietas
1949 1656 2014 1691 est

196 1712 442 1763 angulorum.
507 1709 596 1757 Quo
630 1712 812 1762 nomine,
854 1713 888 1752 si
920 1713 1052 1752 nullae
1086 1712 1190 1752 aliae
1223 1718 1361 1751 essent
1387 1711 1578 1756 rationes,
1613 1711 1717 1750 sitne
1748 1711 2014 1762 praeferenda

196 1770 316 1818 cubo,
352 1783 402 1808 an
435 1771 734 1822 postponenda,
776 1772 814 1811 in
848 1771 966 1811 dubio
998 1771 1192 1823 relinquo.
1256 1770 1302 1819 7)
1334 1770 1450 1809 Hanc
1482 1775 1650 1810 naturae
1683 1769 1889 1810 solertiam
1919 1769 2012 1809 imi-

199 1829 276 1868 tati
309 1829 487 1868 homines
525 1829 693 1880 primum
733 1830 942 1870 materiam
975 1831 1024 1869 ad
1056 1830 1378 1882 perpendiculum
1419 1829 1579 1881 erigunt
1618 1829 1818 1882 rectisque
1857 1827 2013 1881 angulis

107 1878 173 1924 ’ν
197 1887 457 1940 contiguam,
509 1889 651 1928 deinde
697 1889 908 1941 triangulis
958 1889 1117 1928 firmant
1153 1894 1193 1927 et
1233 1888 1456 1928 stabiliunt.
1536 1886 1584 1936 8)
1635 1888 1802 1940 Insuper
1851 1892 2012 1927 acutum

146 1990 175 2004 μ’,
197 1947 385 1997 angulum
430 1959 516 1985 cum
560 1948 713 1987 habeat
754 1948 959 2000 pyramis,
1004 1948 1112 1999 prior
1155 1951 1219 1987 est
1261 1947 1552 1998 obtusangulis.
1621 1947 1727 1987 Nam
1771 1946 1810 1986 id
1855 1958 2013 1998 semper

195 2005 364 2056 primum
397 2010 459 2044 est
491 2004 530 2044 in
570 2006 729 2055 ordine,
773 2007 876 2058 quod
912 2006 1067 2056 justam
1105 2006 1228 2045 habet
1267 2005 1560 2057 quantitatem:
1605 2005 1680 2045 hoc
1712 2005 1824 2057 sequi
1854 2005 2013 2045 videtur

197 2063 327 2102 minus
354 2063 488 2114 justo,
532 2065 624 2116 quia
656 2071 697 2104 et
729 2065 886 2117 longius
919 2065 1062 2104 abesse
1094 2065 1252 2104 videtur
1285 2065 1335 2103 ab
1373 2064 1590 2113 infinitate,
1634 2076 1750 2116 quam
1781 2063 1872 2116 plus
1899 2065 2011 2116 justo

197 2128 238 2161 et
271 2122 488 2174 simplicius
521 2123 642 2162 etiam
676 2129 751 2162 est.
810 2125 916 2163 Nam
948 2124 1256 2175 obtusangulum
1288 2123 1446 2162 videtur
1479 2123 1770 2175 quodammodo
1802 2123 2014 2176 multiplex

199 2194 247 2219 ex
279 2187 389 2220 recto
424 2186 463 2220 et
496 2188 626 2221 acuto,
690 2181 778 2228 Quo
812 2183 940 2222 minus
973 2183 1214 2227 mirandum,
1258 2182 1542 2236 cur-paucitas
1576 2181 1807 2234 angulorum
1839 2182 1878 2222 in
1909 2181 2012 2235 basi,

198 2245 239 2278 et
271 2239 446 2290 ipsarum
486 2241 609 2280 etiam
649 2241 800 2281 basium
843 2241 1039 2281 tetraedri
1080 2254 1157 2280 non
1190 2242 1359 2292 deroget
1390 2241 1503 2281 cubo.
1567 2241 1673 2282 Nam
1706 2241 1941 2293 angulorum
1972 2245 2015 2280 et

198 2298 354 2338 basium
385 2311 568 2338 numerus
603 2301 654 2339 ad
687 2306 915 2352 susceptam
949 2300 1084 2352 anguli
1117 2300 1289 2352 speciem
1321 2300 1549 2340 necessario
1582 2299 1774 2352 sequitur.
1830 2299 1946 2341 Unde
1979 2300 2013 2339 si

198 2363 330 2396 rectus
350 2358 459 2408 prior
479 2363 543 2397 est
564 2365 695 2404 acuto,
729 2360 837 2410 prius
859 2360 980 2399 etiam
1013 2356 1212 2410 ἑξαεδρον,
1246 2372 1361 2411 quam
1384 2359 1628 2407 tetraedron‚
1661 2359 2012 2411 teti-agonoedrum

197 2429 312 2467 quam
347 2417 656 2467 trigonoedrum.
711 2417 757 2466 9)
793 2420 928 2470 Atque
962 2419 1000 2458 id
1035 2418 1155 2457 etiam
1188 2419 1278 2457 inde
1310 2418 1444 2470 colligi
1475 2423 1626 2470 potest,
1658 2418 1762 2470 quod
1793 2417 2011 2469 perfectum

197 2475 339 2526 ubique
374 2475 559 2526 primum,
602 2482 695 2528 post
734 2478 795 2525 id,
839 2478 941 2529 quod
975 2478 1125 2525 deficit,
1162 2478 1341 2526 demum,
1385 2477 1488 2530 quod
1521 2477 1692 2517 excedit.
1757 2474 1860 2516 Cum
1889 2475 2014 2528 igitur

196 2534 376 2573 senarius
410 2534 598 2574 facierum
632 2549 817 2576 numerus
850 2537 1052 2587 perfectus
1089 2536 1162 2584 sit,
1204 2536 1384 2588 sequitur
1419 2535 1682 2589 pyramidem,
1724 2548 1824 2587 qnae
1864 2534 2011 2584 deficit,

195 2604 269 2630 non
304 2592 460 2644 quidem
494 2596 735 2645 praecedere
769 2595 914 2635 debere
949 2595 1108 2643 cubum,
1145 2600 1189 2634 at
1219 2595 1448 2634 immediate
1482 2595 1606 2646 sequi.

311 2651 518 2691 Habemus
552 2665 620 2692 cur
653 2654 757 2692 inter
777 2654 921 2693 Jovem
954 2660 993 2693 et
1022 2654 1198 2693 Martem
1231 2654 1404 2693 secundo
1437 2654 1524 2693 loco
1557 2653 1612 2692 sit
1641 2652 1833 2706 pyramis.
1879 2649 2012 2703 Supra

197 2709 232 2747 in
268 2723 460 2760 suspenso
494 2711 581 2757 fuit,
616 2713 718 2763 quod
754 2725 895 2764 corpus
929 2713 1049 2752 tertio
1084 2714 1170 2752 loco
1205 2713 1259 2752 sit
1290 2713 1394 2751 inter
1412 2712 1588 2751 Martem
1620 2717 1662 2751 et
1682 2711 1861 2751 Terram.
1905 2709 2011 2750 Illud

195 2778 288 2806 vero
322 2769 383 2807 hic
418 2770 534 2808 facile
571 2771 779 2811 deciditur.
834 2770 935 2811 Cum
965 2772 1069 2810 enim
1102 2785 1123 2811 e
1155 2771 1354 2823 primariis
1384 2771 1587 2810 residuum
1620 2769 1673 2809 sit
1703 2769 2008 2815 dodecafflmm,

197 2825 273 2863 erit
307 2827 400 2866 illud
434 2829 570 2867 ordine
602 2830 786 2876 tertium,
820 2830 923 2869 inter
955 2830 1131 2870 Martem
1163 2836 1206 2869 et
1236 2830 1431 2869 Terram:
1473 2829 1522 2868 de
1555 2828 1668 2880 cujus
1698 2827 2011 2880 proprietatibus

196 2884 287 2934 quid
321 2886 571 2926 sentiendum
605 2888 675 2936 sit,
712 2889 926 2928 collatione
961 2902 1049 2928 cum
1080 2889 1279 2941 prioribus
1311 2889 1421 2928 facta
1453 2888 1571 2928 facile
1602 2886 1772 2939 patebit.
