2028 3242
194 99 275 142 180
872 94 1022 135 Mysterii
1047 93 1311 137 Cosmographici

190 217 348 246 sensum
380 208 523 243 neutra
555 201 736 254 operatio
769 205 959 240 assecuta
990 205 1069 240 est.
1090 199 1122 248 f)
1186 198 1303 245 Quod
1337 199 1518 251 quamvis
1550 200 1664 240 initio
1696 200 1837 241 statim
1869 199 2003 252 suspi-

189 265 271 305 cari
302 262 426 316 potui,
460 261 568 301 nolui
600 265 737 300 tamen
769 260 962 300 lectorem
994 259 1069 299 hac
1102 259 1313 299 occasione
1344 264 1385 298 et
1418 258 1541 298 veluti
1574 259 1735 300 stimulo
1766 260 1880 312 plura
1910 264 2003 299 ten-

188 323 301 364 tandi
339 334 488 362 carere.
552 319 659 366 Quid
699 319 732 359 si
771 331 941 372 namque
976 318 1189 371 aliquando
1224 318 1329 373 diem
1362 317 1473 369 illum
1502 317 1736 373 videamus,
1776 330 1852 373 quo
1886 317 2003 358 ambo

188 384 286 423 haec
317 381 484 427 inventa
515 375 730 419 conciliata
768 384 884 418 erunt
902 377 972 426 ἔγ.)
1035 375 1141 423 Quid
1181 377 1215 417 si
1253 377 1344 417 hinc
1383 376 1488 417 ratio
1529 372 1875 419 eccentricitatum
1897 371 2001 416 'elici

188 442 320 495 possit
337 439 407 489 ¹¹)?
468 439 576 481 Nam
608 451 683 491 quo
714 436 959 489 pertinacius
999 437 1192 477 retineam
1235 437 1356 476 etiam
1389 437 1464 476 hoc
1497 436 1545 476 de
1576 436 1750 477 motibus
1783 436 2001 484 theorema,

186 501 287 541 illud
317 500 421 540 inter
453 503 587 539 cetera
617 497 655 537 in
690 509 813 536 causa
844 502 931 545 est,
973 496 1076 548 quod
1114 496 1229 536 unius
1269 495 1464 535 motoriae
1497 495 1716 536 distantiae
1749 495 1802 536 ad
1833 495 2003 536 alteram

186 559 391 613 proportio
423 569 623 610 nunquam
656 570 680 595 a
712 562 798 595 toto
833 555 925 595 orbe
954 553 1230 608 Copernicano
1263 555 1437 603 aberrat,
1473 555 1545 594 sed
1577 567 1736 607 semper
1768 555 1819 595 ad
1851 553 2002 607 aliquid

189 619 357 672 digitum
395 617 593 665 intendit,
640 615 744 668 quod
780 614 958 667 pertinet
996 614 1047 654 ad
1086 614 1238 655 orbium
1276 613 1592 667 spissitudinem.
1654 613 1809 666 Estque
1841 613 1881 654 in
1912 613 1999 661 hoc,

190 678 294 731 quod
326 675 462 717 mirari
493 675 648 727 possis,
683 674 818 726 aliqua
850 673 971 713 etiam
1004 674 1244 725 aequalitas.
1309 672 1440 719 Quam
1473 678 1518 713 ut
1547 673 1707 718 videas,
1741 673 1897 725 explico
1930 672 2004 712 tibi

189 737 367 777 ordinem
400 734 682 775 distantiarum
715 733 971 773 motoriarum
1003 732 1041 772 in
1074 732 1269 785 partibus,
1305 744 1469 786 quarum
1489 731 1620 772 media
1639 731 1811 772 Telluris
1836 731 2003 772 remotio

188 801 252 836 est
288 793 419 843 1000,
453 799 494 834 et
525 805 681 846 appono
715 792 934 832 distantias
967 790 1292 844 Copernicanas:

616 885 876 939 Copernieii)
909 886 1108 926 Motoriae

471 951 636 993 Summa
727 949 840 993 9987

468 1011 606 1051 Media
663 1008 690 1061 15
724 1008 840 1052 9164
919 1007 1033 1052 9163

468 1071 556 1111 Ima
723 1067 832 1111 8341
1222 1055 1265 1089 Ut
1362 1047 1471 1090 1000
1592 1048 1643 1088 ad
1704 1046 1788 1089 577

467 1146 632 1187 Summa
723 1143 838 1188 5492
1222 1109 1278 1148 sic
1352 1104 1468 1150 9163
1513 1166 1523 1175 .
1590 1107 1642 1147 ad
1673 1104 1790 1174 0290

467 1206 604 1246 Media
653 1205 692 1254 21
722 1204 836 1246 5246
917 1202 1026 1246 5261
1409 1179 1613 1220 proxunus
1675 1163 1785 1208 ⁰²⁶¹

467 1265 553 1305 Ima
721 1262 882 1305 5000a
1221 1249 1264 1284 Ut·
1357 1241 1470 1285 1000
1590 1243 1642 1283 ad
1703 1239 1788 1284 333

467 1341 634 1382 Summa
726 1339 877 1383 1648b
1220 1303 1278 1343 sic
1305 1317 1328 1343 a
1352 1301 1468 1344 5000
1516 1362 1524 1370 .
1588 1302 1640 1342 ad
1677 1298 1788 1342 ’1666

464 1401 604 1441 Media
654 1406 686 1446 0*
722 1399 835 1441 1520
919 1397 1031 1441 1440
1411 1373 1614 1415 Pr⁰⁸¹¹¹¹¹¹⁸
1679 1357 1792 1402 ¹⁶48
1823 1359 1848 1400 b

181 1535 344 1577 Summa
394 1537 426 1585 ὃ
465 1534 576 1577 1042
649 1538 681 1586 65
720 1535 872 1577 1102d
1109 1558 1111 1563 ι
1218 1510 1275 1538 ⁵¹⁰
1303 1511 1324 1538 ⁰
1354 1495 1641 1596 ¹³⁹{ximussd
1675 1494 1788 1596 ἓξὲξ
1820 1553 1846 1594 d

179 1596 236 1635 M.
253 1595 445 1649 simplicis
464 1593 577 1636 1000
605 1608 692 1637 eum
722 1594 834 1637 1000
921 1594 1030 1637 1000
1405 1569 1430 1609 Ρ

177 1655 266 1695 Ima
487 1652 610 1696 959e
647 1656 682 1702 D
748 1653 835 1696 898
1216 1638 1260 1673 Ut
1354 1631 1467 1675 1000
1587 1633 1638 1673 ad
1700 1629 1786 1673 795

461 1730 573 1772 Sum!
605 1745 628 1771 a
750 1730 874 1773 7411]
1217 1692 1274 1733 sic
1302 1705 1322 1733 e
1380 1690 1467 1734 958
1587 1692 1637 1732 ad
1700 1689 1786 1760 702

460 1791 505 1831 Μ
533 1745 600 1830 (sn
746 1789 831 1832 7¹9
942 1788 1064 1832 762¹,
1402 1751 1606 1804 proximus
1698 1747 1783 1791 702
1815 1749 1836 1789 f

462 1803 599 1890 1nss³a¹³
649 1792 681 1841 ὅ
747 1846 832 1891 696
1215 1833 1260 1896 up
1299 1847 1303 1849 -
1355 1827 1466 1870 1000
1587 1828 1640 1869 ad
1700 1825 1784 1869 577

462 1924 628 1966 Summa
744 1923 830 1967 489
1215 1900 1273 1927 slc
1379 1887 1475 1929 741*
1507 1947 1515 1955 .
1584 1888 1637 1928 ad
1697 1882 1784 1926 429
1815 1897 1842 1937 g
1881 1939 1918 1964 Μ

460 1985 598 2025 Media
658 1987 686 2038 Q
748 1982 833 2026 360
942 1982 1027 2027 429
1045 1999 1070 2038 g
1403 1959 1607 1999 Pr⁰⁸¹¹¹¹¹¹⁵
1699 1944 1780 1987 741
1816 1944 1840 1984 ¹²
1919 1945 1937 1991 ³

463 2044 549 2083 Ima
750 2042 831 2085 231

294 2147 536 2199 Aequalitas
581 2149 680 2189 haec
724 2155 811 2198 est,
859 2151 963 2203 quod
1006 2151 1044 2190 in
1086 2153 1251 2193 remotis
1294 2167 1318 2193 a
1350 2153 1475 2194 Terra
1507 2154 1558 2194 ad
1590 2153 1743 2194 medias
1776 2150 1992 2192 distantias

175 2205 355 2256 proxime
388 2209 618 2248 acceditur:
661 2209 701 2248 in
743 2209 884 2249 vicinis
916 2210 1052 2250 Marte
1085 2218 1126 2251 et
1158 2211 1318 2253 Venere
1358 2213 1530 2254 motoria
1568 2212 1766 2254 distantia
1807 2211 1990 2262 utrinque

177 2264 342 2304 vicinior
375 2272 439 2306 est
471 2267 641 2316 Terrae,
675 2281 792 2322 quam
827 2267 1105 2321 Copernicana
1135 2272 1278 2313 media.

250 2382 258 2390 ·
295 2324 423 2364 Vides
457 2327 580 2366 etiarn
612 2341 821 2380 nusquam,
856 2341 928 2368 nec
961 2329 1118 2370 excludi
1145 2330 1231 2371 loco
1252 2344 1323 2372 suo
1345 2344 1499 2385 corpus,
1533 2343 1659 2383 neque
1693 2329 1869 2371 ordinem
1901 2333 1988 2368 tur-

175 2382 279 2430 bari,
321 2385 391 2423 sed
430 2385 480 2425 ad
525 2387 729 2427 minimum
768 2388 919 2427 hiatum
960 2394 1116 2428 tantum
1149 2389 1252 2430 inter
1283 2391 1436 2431 medias
1470 2386 1694 2431 distantias
1717 2394 1883 2442 patere,
1924 2385 1990 2440 qui

174 2453 316 2492 corpus
350 2444 531 2495 recipiat.
590 2446 645 2485 Ut
665 2446 698 2485 si
728 2447 815 2499 quis
837 2447 1006 2487 maxime
1039 2450 1231 2489 motorias
1264 2450 1384 2490 hasce
1416 2462 1488 2502 pro
1521 2449 1670 2501 optime
1703 2446 1989 2488 demonstratis

173 2507 383 2552 acceptare
418 2504 516 2543 velit
549 2505 645 2556 (quo
679 2506 727 2544 de
762 2506 966 2546 dubitatur
991 2510 1160 2556 tamen),
1195 2508 1230 2548 is
1262 2510 1420 2549 modum
1453 2507 1639 2548 fortassis
1670 2504 1987 2559 interpositionis

173 2571 377 2627 corporum
424 2563 565 2612 tollat,
611 2564 954 2616 interpositionem
999 2567 1127 2618 ipsam
1167 2580 1242 2607 non
1284 2569 1416 2609 tollat.
1437 2566 1476 2616 ¹²)
1537 2568 1639 2607 Fere
1672 2567 1774 2608 enim
1806 2566 1987 2606 iudicant

171 2626 390 2686 motoriae,
430 2622 544 2673 quasi
583 2623 659 2663 duo
693 2624 894 2664 exteriora
926 2625 1073 2666 similia
1104 2626 1290 2667 similiter
1320 2627 1424 2668 inter
1460 2626 1614 2666 medias
1651 2625 1865 2674 intersint,
1907 2624 1984 2663 duo
2026 2636 2028 2668 l

170 2681 360 2744 interiora
392 2679 538 2721 similia
578 2681 683 2722 inter
721 2683 893 2723 mediam
933 2690 973 2724 et
1017 2690 1262 2735 extremam,
1309 2698 1448 2737 nempe
1494 2685 1772 2725 dodecaedron
1811 2684 1862 2724 ab
1902 2683 1984 2723 ima
2024 2674 2028 2724 1

171 2735 315 2776 Martis
350 2738 401 2778 ad
433 2740 606 2780 mediam
633 2741 793 2790 Terrae,
827 2742 1062 2784 icosaedron
1096 2758 1121 2784 a
1151 2745 1284 2784 media
1313 2745 1461 2785 Terrae
1494 2744 1545 2784 ad
1579 2757 1773 2784 summam
1793 2742 1980 2783 Veneris.
2026 2725 2028 2750 ¹

171 2793 418 2862 Tetraedron
450 2811 544 2840 vero
578 2800 698 2840 etiam
732 2800 814 2841 suis
847 2802 1001 2843 fruatur
1031 2802 1270 2856 privilegiis,
1314 2809 1435 2856 atque
1467 2803 1573 2843 inter
1604 2809 1812 2855 utramque
1845 2806 1981 2842 extre—

170 2864 276 2892 mam
307 2857 480 2896 mtersit.
502 2857 531 2906 ¹)
587 2859 738 2900 Verum
769 2860 868 2900 haec
901 2862 1035 2902 omnia
1067 2875 1138 2902 suo
1166 2863 1252 2903 loco
1278 2867 1528 2912 censeantur,
1563 2874 1714 2914 nempe·
1736 2875 1786 2901 ex
1816 2860 1979 2902 incertis

169 2917 376 2976 exstructa
407 2917 580 2957 numeris
613 2919 896 2970 motoriarum,
941 2933 1015 2961 nec
1046 2921 1086 2961 in
1118 2921 1241 2962 alium
1277 2922 1417 2971 finem,
1465 2933 1583 2973 quam
1621 2927 1666 2961 ut
1697 2920 1980 2961 extimulentur

169 2970 236 3008 alu
269 2972 318 3010 ad
352 2973 689 3028 conciliationem,
723 2979 775 3018 ad
808 2991 924 3032 quam
956 2979 1063 3020 viam
1093 2980 1259 3034 praeivi.
