2028 3242
776 89 818 121 (ιο
840 88 938 121 rebus
962 87 1177 131 awogne*
1794 84 1880 128 317

82 192 362 247 multiplicatio
389 193 574 247 ejusdem
602 193 642 233 in
674 193 750 234 sibi
780 193 924 242 simile,
956 184 1163 246 quodlibet
1181 187 1243 232 'eo
1266 191 1398 240 modo,
1430 204 1508 245 quo
1540 191 1743 232 esseutiae
1763 191 1882 232 modo

83 251 218 296 utr‘toe.
280 252 420 305 Imago
462 253 548 305 ejus
583 252 667 301 vis,
709 264 811 305 quae
841 252 883 292 in
913 264 1033 292 manu
1052 256 1146 299 est,
1186 250 1424 303 relinquitur
1452 250 1493 291 in
1525 251 1659 304 lapide
1697 255 1740 290 et
1769 250 1882 291 illum

55 362 59 366 .
83 311 195 352 vehit
223 314 381 353 sursum
423 312 546 364 fitque
588 311 798 366 impressio
835 323 961 351 causa
985 309 1180 350 materiae
1219 315 1262 349 et
1291 309 1507 361 temporis,
1552 309 1647 362 quia
1676 315 1883 362 utrumque

82 369 139 411 ad
167 375 300 412 motus
330 370 551 411 essentiam
579 369 813 423 requiritur;
843 369 994 422 imago
1011 368 1111 409 lucis
1142 381 1169 408 a
1198 367 1286 408 luce
1317 367 1447 408 effluit
1477 380 1602 408 causa
1633 368 1758 409 solius
1791 368 1881 417 loci,
1957 374 1968 380 “

83 428 179 483 quia
206 436 322 471 caret
350 430 420 471 lux
448 428 621 470 materia
648 434 691 469 et
720 434 913 481 ternpore.
973 427 1115 479 Imago
1157 426 1282 480 igitur
1324 432 1367 467 et
1403 427 1492 479 ejus
1523 427 1734 480 temporis,
1779 426 1884 479 quod

48 537 59 545 .
81 493 176 541 poet
203 494 364 541 partum
390 486 569 541 proxime
599 487 695 535 fnit,
731 487 887 535 effluit,
932 486 1145 538 elongatur
1174 499 1201 526 a
1230 491 1410 537 tempore
1441 486 1509 526 illo
1556 485 1595 526 iu
1626 486 1884 538 proportione

83 553 310 600 temporum
339 547 519 595 illorum,
563 552 607 586 et
636 546 849 599 elongatur
884 546 925 585 in
956 545 1086 586 locum
1116 545 1310 596 temporis
1353 544 1527 593 ratione,
1573 544 1667 597 quia
1697 550 1741 584 et
1769 557 1885 585 suum

84 605 279 659 originale
319 617 392 647 seu
429 606 519 646 sons
556 605 721 657 ejusque
758 604 940 645 essentia
976 610 1134 656 tempus
1179 609 1256 646 est.
1317 604 1385 644 Ita
1419 603 1647 644 tricesimus
1678 603 1765 643 dies
1796 616 1885 644 cum

83 664 415 706 antecedentibus
443 670 683 716 prorogatur
714 663 753 704 in
785 662 843 704 30
873 675 1013 711 annos,
1045 663 1229 715 quodque
1253 663 1330 708 fuit
1359 662 1425 703 die
1451 662 1655 703 tricesimo
1685 662 1725 702 in
1756 662 1883 710 coelo,

82 727 272 777 operatur
301 735 406 764 anno
435 722 639 763 tricesimo
670 723 710 763 in
742 722 919 770 homine,
961 722 1127 774 perinde
1157 734 1206 762 ac
1236 721 1272 761 si
1315 726 1400 762 tum
1431 722 1588 762 demum
1619 721 1815 762 existeret
1843 719 1886 761 in*

82 782 214 831 coelo,
245 782 366 835 plane
396 787 443 822 ut
465 782 576 822 calor
605 781 694 828 ille,
727 782 792 834 qui
825 787 891 821 est
920 780 959 821 in
991 779 1108 828 Sole,
1150 786 1340 833 operatur
1370 780 1677 821 calefactionem
1708 780 1749 820 in
1780 780 1884 821 Ter-

83 854 191 890 ram,
234 841 399 894 perinde
431 853 479 880 ac
510 840 546 879 si
577 840 648 881 Sol
681 841 767 892 ipse
796 845 907 880 esset
949 839 989 879 iu
1021 840 1160 879 Terra.
1221 839 1300 880 Hic
1330 839 1459 880 distat
1488 840 1648 892 patiens
1685 844 1728 879 et
1759 851 1885 891 agens

83 912 208 942 causa
238 899 333 948 loci,
377 899 459 940 illic
489 912 614 939 causa
643 899 847 952 temporis.
906 898 1086 939 Medium
1116 898 1180 938 hic
1210 897 1324 938 radio
1355 898 1629 947 continuatur,
1674 898 1757 938 illic
1787 910 1885 950 pro-

83 958 285 1013 portione,
329 957 422 1011 quia
458 958 534 998 hoc
572 958 639 998 lux
671 963 755 1006 est,
805 957 904 998 illud
943 962 1075 998 motus
1116 957 1156 997 iu
1200 962 1511 998 certo-numero
1555 962 1598 998 et
1627 957 1883 1010 proportione

84 1025 167 1060 tem
196 1017 291 1058 oris.

168 1029 419 1109 pFabricius:
442 1074 583 1107 Praeter
604 1074 756 1107 cardines
789 1074 872 1107 coeli
896 1073 1043 1107 nullas
1067 1074 1268 1117 agnoscis
1293 1073 1402 1106 alias
1426 1073 1580 1106 domu.
1627 1073 1739 1106 lim.
1780 1073 1884 1107 Prae-

84 1128 138 1157 ter
159 1127 314 1166 aquen
337 1121 523 1155 cardinales
556 1121 672 1154 alios
709 1126 912 1164 aspectus
944 1121 1202 1159 introducis;
1241 1125 1331 1154 certe
1368 1125 1403 1153 et
1425 1130 1529 1154 nom
1552 1121 1668 1154 domus
1698 1122 1885 1180 fabricab'm

85 1179 166 1204 nan
187 1174 342 1213 metus
366 1169 533 1202 domorum
556 1169 734 1202 interstitia
759 1170 974 1201 constituunt.

201 1217 473 1270 Keplerus:
519 1216 702 1265 Miraris,
748 1216 853 1269 quod
885 1229 1090 1257 numerum
1115 1215 1320 1256 domorum
1350 1215 1602 1262 imminuam.
1647 1221 1883 1268 aspectuum

86 1275 286 1329 augeam?
346 1273 454 1321 Quia
483 1275 584 1315 illud
614 1274 795 1315 homines
826 1281 1064 1323 sanxerunt,
1098 1275 1173 1315 hoc
1204 1279 1362 1315 natura.
1424 1273 1494 1314 Sic
1525 1274 1623 1314 mihi
1653 1274 1886 1316 demonstra

86 1340 247 1375 veteres
279 1333 432 1381 ᾶοιιιιιε,
465 1339 513 1374 ιιι
542 1346 617 1386 ego
650 1333 724 1373 tibi
750 1346 875 1373 novos
897 1340 1099 1387 aspectus.
1161 1333 1376 1374 Rationem
1396 1333 1519 1373 redde
1538 1333 1714 1382 numeri3
1744 1333 1884 1386 proba,

85 1393 221 1447 plures
257 1397 302 1434 et
335 1392 546 1445 pauciores
587 1404 676 1432 esse
716 1405 795 1432 non
824 1404 921 1444 poss
923 1405 966 1440 e;
1011 1392 1138 1432 deduc
1168 1405 1332 1432 causam
1372 1403 1423 1431 ex
1453 1391 1541 1444 ipso
1572 1392 1708 1433 mundi
1739 1393 1884 1433 arche-

84 1459 203 1508 typo,
246 1465 298 1492 ex
326 1451 592 1504 geometriae,
638 1451 834 1503 genuinae
865 1451 1041 1500 scilicet,
1087 1450 1318 1503 principiis,
1361 1451 1529 1491 ostende
1561 1451 1748 1504 exempla
1777 1451 1885 1492 illius

87 1509 383 1553 distributionis
423 1509 587 1550 indubia
617 1517 660 1550 et
691 1510 923 1561 splendida;
964 1508 1132 1562 denique
1164 1509 1352 1558 ostende,
1383 1509 1424 1549 in
1454 1510 1622 1561 proclivi
1654 1523 1766 1558 esse,
1779 1523 1885 1551 -ex-

87 1570 328 1623 perientiam
357 1581 522 1622 capere,
555 1582 630 1608 nec
662 1569 805 1608 leviter
835 1569 1062 1636 capientem
1094 1569 1235 1608 fallere
1267 1569 1390 1617 hanc,
1423 1580 1495 1608 nec
1527 1569 1816 1620 ambiguitates
1846 1570 1884 1610 in

88 1628 331 1696 experiundo
361 1627 495 1680 objici.
558 1627 671 1668 Haec
705 1628 838 1693 omnia
869 1628 947 1668 feci
978 1628 1079 1668 meis
1101 1627 1347 1679 aspectibus.
1410 1627 1593 1668 Proclive
1624 1627 1700 1668 tibi
1726 1633 1792 1668 est
1821 1627 1885 1668 xel

82 1687 229 1749 cuique
260 1686 343 1738 alii,
374 1699 426 1726 ex
455 1686 569 1726 novis
602 1686 831 1738 aspectibus
863 1693 905 1726 et
923 1699 1049 1726 novas
1070 1686 1268 1726 fabricare
1289 1687 1441 1734 domus,
1475 1687 1581 1739 quia,
1614 1699 1678 1726 me
1698 1687 1884 1736 Hercule,
1918 1688 1924 1692 '

90 1748 209 1799 quam
246 1758 399 1799 paucae
437 1750 531 1784 sunt
574 1745 624 1784 ad
658 1746 975 1797 respondendum
1019 1746 1072 1785 ad
1104 1745 1236 1786 omnia
1266 1745 1530 1796 interrogata.
1592 1745 1653 1785 Tu
1684 1758 1778 1786 vero
1810 1747 1885 1786 de-

85 1810 265 1846 monstra
306 1810 378 1845 aut
408 1817 434 1844 a
461 1804 696 1844 Ptolemaeo
742 1810 975 1856 usurpatum
1013 1804 1318 1852 duodenarium,
1351 1809 1433 1843 aut
1477 1804 1561 1844 alia
1597 1805 1648 1844 ab
1679 1804 1884 1846 Arabibus

87 1863 331 1904 introducta.
394 1861 513 1909 Quod
554 1875 648 1903 vero
691 1863 890 1903 rationem
931 1863 982 1903 ab
1020 1863 1251 1915 aspectibus
1297 1863 1434 1910 ducis,
1478 1864 1655 1903 concedo
1692 1863 1767 1904 tibi
1809 1864 1885 1904 hoc

86 1926 208 1976 pacto
240 1923 392 1971 domus,
426 1928 470 1962 ut
500 1921 583 1962 sint
617 1922 656 1961 in
687 1922 893 1974 patiendo,
925 1922 1030 1975 qnod
1059 1923 1224 1974 planeta
1254 1923 1292 1962 in
1314 1922 1484 1973 agendo.
1544 1922 1602 1962 Et
1626 1928 1759 1963 tamen
1779 1923 1885 1963 malo

88 1981 243 2030 dicere,
275 1981 494 2022 Saturnum
524 1981 562 2020 in
594 1981 730 2020 sextili
755 1981 879 2022 Medii
898 1980 1024 2028 Coeli,
1057 1993 1174 2033 quam
1206 1981 1243 2020 in
1264 1980 1500 2021 duodecima
1518 1981 1647 2030 domo,
1681 1981 1887 2035 nisiquod

89 2047 132 2081 et
160 2039 388 2082 memoriam
413 2040 531 2091 juvat
562 2039 803 2079 distributio.
863 2040 954 2080 Non
985 2052 1132 2092 pugno,
1166 2046 1211 2080 ιιι
1241 2040 1315 2080 has
1340 2039 1559 2089 destruam,
1594 2041 1666 2081 sed
1693 2053 1884 2094 repugn0,

89 2111 138 2139 ne
170 2099 375 2139 aedificem
406 2104 478 2138 aut
506 2098 680 2138 sarciam
710 2098 814 2138 illos.

181 2156 426 2196 Fabricius.
463 2155 660 2196 Quaeritur,
695 2166 740 2188 an
762 2157 901 2198 planeta
929 2157 1026 2196 juxta
1053 2154 1335 2188 latitudinem
1360 2156 1604 2199 dirigendus
1628 2158 1672 2190 sit
1697 2158 1741 2192 ad
1766 2167 1884 2190 aseen-

90 2204 224 2236 dentem
255 2203 308 2235 vel
332 2202 459 2239 Solem,
491 2203 542 2235 rel
576 2204 648 2235 sine
681 2202 879 2235 latitudine.
926 2202 1044 2256 Magni
1079 2204 1237 2234 momenti
1260 2213 1312 2235 res
1338 2208 1408 2240 est,
1447 2209 1483 2236 et
1505 2205 1540 2236 in
1565 2205 1797 2238 directionibus
1820 2215 1886 2236 non

90 2260 228 2293 parvam
250 2250 333 2282 facit
357 2249 587 2282 differentiam.
637 2250 706 2292 Ego
729 2250 824 2281 video
849 2250 955 2290 pou‘us
980 2250 1052 2282 sine
1075 2249 1250 2281 latitudine
1268 2249 1465 2283 directiones
1481 2252 1691 2293 respondere,
1716 2253 1795 2293 quia
1808 2252 1886 2284 lati-

89 2298 212 2330 tudinis
235 2298 283 2328 vis
307 2301 359 2330 est
382 2297 416 2328 in
439 2296 545 2338 gradu
566 2296 790 2340 longitudinis
817 2300 852 2328 et
876 2296 1012 2336 planeta
1035 2297 1164 2328 ratione
1189 2296 1402 2338 longitudinis
1425 2299 1491 2330 vim
1518 2298 1646 2331 zodiaci
1663 2300 1885 2341 consequimr,

90 2354 177 2388 quae
199 2344 354 2376 videlicet
377 2343 424 2375 illi
446 2344 544 2375 inest.

206 2391 484 2444 Keplerus:
516 2389 657 2441 Dirigo
689 2390 834 2438 sidera,
869 2395 912 2429 ut
943 2389 1134 2438 oriuntur,
1168 2390 1220 2429 ad
1242 2391 1524 2430 ascendentem
1544 2396 1587 2431 et
1606 2392 1663 2431 M.
1686 2389 1757 2440 C.,
1789 2404 1885 2443 ergo
1955 2424 1961 2429 ,

91 2463 163 2503 per
193 2450 441 2491 latitudines.
504 2449 549 2487 Id
581 2448 925 2500 Regiomontanus
955 2447 1183 2487 inculcavit.
1246 2447 1347 2489 Cum
1372 2447 1446 2489 Sol
1477 2450 1705 2502 dirigendus
1737 2455 1803 2490 est
1833 2451 1886 2490 ad

93 2509 309 2556 Venerem,
341 2515 383 2548 et
413 2507 484 2548 illa
514 2507 637 2547 habet
669 2504 695 2547 9
713 2503 730 2526 ⁰
761 2507 854 2554 lat„
887 2506 976 2546 dico
1009 2506 1164 2546 fatuam
1193 2506 1478 2556 directionem,
1523 2509 1635 2561 quia,
1668 2522 1756 2548 cum
1786 2521 1884 2561 pro-

89 2567 187 2609 ximi
216 2567 314 2608 facti
346 2572 450 2615 sunt,
482 2564 540 2607 9⁰
570 2565 814 2605 distiterunt.
878 2565 937 2604 Tu
967 2565 1101 2604 nescio
1134 2565 1227 2617 quid
1258 2580 1478 2616 τερατοειςε
1515 2568 1698 2619 planeta,
1733 2567 1880 2620 inquis,

91 2625 534 2677 rationelongitudinis
568 2625 645 2664 vim
677 2623 829 2663 zodiaci
862 2623 1130 2675 consequitur.
1192 2624 1283 2664 Non
1310 2625 1496 2665 zodiacus
1527 2626 1716 2678 planetiS,
1750 2627 1823 2666 sed
1842 2626 1883 2667 hi

91 2685 254 2725 zodiaco
284 2685 365 2724 vim
397 2684 631 2735 largiuntur.
694 2683 887 2722 Planetae
920 2681 1023 2720 enim
1054 2682 1095 2720 iu
1127 2695 1170 2721 se
1203 2682 1302 2734 ipsis
1334 2689 1441 2723 sunt.

187 2744 427 2776 Fabricius:
454 2742 647 2783 Eclipses
671 2741 787 2773 infra
810 2740 982 2771 Terram
1007 2740 1236 2782 contingentes
1260 2741 1294 2773 in
1319 2742 1495 2783 genesibns
1519 2752 1585 2774 non
1610 2747 1687 2775 sunt
1710 2743 1883 2786 negligen-

92 2789 167 2828 dae,
192 2799 267 2823 cum
288 2791 371 2822 vires
395 2799 472 2822 suas
497 2793 674 2821 exerceant
698 2788 741 2820 ad
764 2787 896 2819 modum
920 2786 1137 2828 planetarum.

210 2838 480 2890 Keplerus:
522 2837 619 2876 Illas
657 2836 793 2888 utique
825 2833 1047 2873 censuerim
1078 2834 1409 2882 considerandas,
1452 2841 1496 2875 at
1526 2849 1603 2875 non
1635 2837 1774 2886 aliter,
1807 2837 1885 2877 nisi

30 2915 34 2917 Δ
94 2896 414 2947 conjunctionem
453 2895 712 2947 corporalem.
775 2893 880 2932 Nam
927 2891 1083 2931 luminis
1123 2892 1297 2932 subitam
1336 2893 1602 2945 privationem
1639 2896 1750 2935 nulla
1779 2897 1884 2936 ratio

94 2954 274 2994 admittit
301 2954 377 2994 nisi
410 2967 457 2994 eo
489 2954 576 2994 loco
609 2953 875 2999 considerare,
909 2950 975 2990 nbi
995 2951 1182 2991 cernitur.
1251 2951 1338 2991 Tua
1363 2953 1656 3003 argumentatio
1686 2955 1797 2994 nulla
1820 2961 1885 2995 est

95 3025 121 3052 a
148 3013 397 3064 planetarum
441 3013 591 3052 viribus
632 3012 684 3051 ad
708 3011 815 3050 vires
846 3009 1065 3061 eclipsium.
1126 3009 1299 3049 Planeta
1335 3015 1401 3049 est
1430 3011 1677 3061 substantia,
1722 3014 1885 3066 eclipsis

28 3089 38 3095 -
95 3076 160 3110 est
188 3071 374 3123 privatio,
407 3071 674 3111 determinata
705 3070 783 3110 situ
817 3068 916 3108 certi
947 3067 1036 3108 loci.
1098 3068 1184 3108 Illis
1203 3068 1327 3126 igitur
1357 3082 1447 3109 esse
1478 3070 1586 3111 vires
1610 3071 1885 3124 nilprohibet,
