2028 3242
174 58 256 102 138
851 56 1001 97 Mysterii
1027 54 1295 97 Cosmographici

171 163 214 212 5)
246 170 410 201 centrum
437 164 542 210 plani
570 164 707 199 cubici:
740 168 920 209 eruntque
949 162 1080 198 talium
1107 162 1286 199 linearum
1313 174 1393 205 sex,
1425 167 1466 197 et
1497 162 1589 199 situs
1619 163 1778 210 undique
1810 162 1882 199 sibi
1908 163 1979 210 ipsi

169 220 305 254 similis.

274 270 301 313 i)
335 271 428 312 Quia
445 270 482 305 in
501 270 689 316 pyramide
709 281 776 314 per
795 270 891 304 hunc
910 268 1080 303 vitiosum
1100 267 1208 303 situm
1228 268 1452 313 impedimur,
1479 273 1523 304 ut
1539 269 1658 306 media
1675 270 1798 306 latera
1817 281 1977 316 nequea-

170 337 247 360 mus
280 335 442 359 censere.
1524 358 1531 367 ι,
1965 367 1967 369 ¹

272 374 317 421 k)
346 378 446 412 Tunc
467 388 556 412 sane
576 376 689 411 etiam
715 375 750 410 in
777 375 968 421 pyramide
999 374 1230 408 invenientur
1255 379 1414 420 quatuor
1438 375 1559 410 media
1582 375 1706 411 latera
1715 385 1726 422 5
1761 380 1848 412 tunc
1866 376 1980 412 etiam

167 432 258 466 situs
278 432 480 477 figurarum
499 431 534 464 in
555 441 594 464 se
614 433 739 464 mutuo
758 428 933 474 respiciet
951 428 1056 473 leges
1077 427 1352 472 inscriptionum
1369 428 1688 474 geometricamm„

274 482 302 526 l)
335 485 417 519 Non
443 488 599 528 possunt
626 483 773 527 inquam
799 492 1002 528 congruere
1031 481 1154 515 latera
1172 480 1278 515 unius
1298 481 1421 516 omnia
1438 481 1620 519 lateribus
1640 482 1806 524 alterius,
1834 481 1979 519 minime

167 538 321 573 omnium
342 537 553 583 pyramidis.
611 535 759 570 Scilicet
790 534 869 570 ideo
890 545 1051 580 congrue
1084 534 1170 578 poni
1199 545 1272 569 non
1301 539 1465 580 possunt,
1499 534 1585 581 quia.
1615 534 1756 571 initium
1786 535 1979 582 positionis

166 603 237 627 non
257 591 393 626 factum
412 595 472 624 est
489 589 677 635 regulare.

270 652 323 699 m)
355 655 425 690 Hic
453 654 619 700 equidem
650 653 837 699 legitimus
869 655 1021 689 duorum
1048 654 1178 689 horum
1206 665 1398 699 corporum
1426 654 1518 689 situs
1539 658 1598 688 est
1625 654 1671 688 ad
1698 665 1738 688 se
1762 657 1907 689 mutuox
1939 658 1981 688 at

166 710 328 744 octaedri
348 708 451 749 situs,
474 707 534 754 qui
554 708 605 741 sic
626 707 851 747 adsciscitur,
872 707 1088 754 illegitimus
1109 713 1178 743 est.
1781 720 1786 722 ·

269 771 308 815 n)
345 773 496 808 Omnino
517 773 634 807 multa
653 776 808 812 restant,
831 783 901 818 quo
922 771 1040 806 minus
1062 772 1132 806 hoc
1152 771 1272 806 dicere
1293 770 1485 816 possimus.
1542 771 1638 806 Nam
1656 769 1759 812 situs,
1793 769 1854 816 qui
1872 770 1978 816 polos

162 826 222 862 hic
242 826 379 873 signat,
406 824 622 873 illegitimus
644 830 711 859 est.
770 826 959 865 Quatenus
979 836 1067 860 vero
1095 824 1132 860 in
1153 826 1305 865 duobus,
1339 825 1566 859 dodecaedro
1586 829 1626 859 et
1649 823 1852 865 icosaedro,
1886 823 1978 859 situs

163 885 222 915 est
239 879 438 926 legitimus,
461 879 611 914 totidem
632 882 786 923 possunt
805 889 886 913 esse
900 878 988 923 poli,
1019 882 1109 924 quot
1129 878 1259 924 anguli
1281 879 1402 924 hujus,
1434 879 1550 924 plana
1567 877 1679 919 illius,
1707 876 1895 912 duodecim
1915 888 1977 918 sc„

164 944 277 979 quare
303 944 418 967 zonae
450 931 689 967 intermediae
717 943 796 966 sex.
852 932 973 966 Erunt
997 931 1113 979 igitur
1132 931 1261 966 incerti
1279 933 1470 977 planetae,
1500 942 1671 977 quorsum
1696 935 1795 966 eant.
1852 931 1892 965 In
1912 940 1980 976 ge-

164 997 249 1021 nere
271 987 398 1020 obstat
416 986 495 1026 hoc,
518 985 612 1031 quod
631 986 773 1032 figurae
794 984 889 1020 istae
910 985 1004 1019 reali
1025 985 1098 1033 situ
1119 985 1279 1030 partium
1300 987 1345 1020 ad
1366 996 1406 1019 se
1425 989 1551 1020 mutuo
1578 996 1651 1019 non
1670 988 1757 1019 sunt
1775 993 1978 1036 expressae

163 1040 199 1074 in
224 1040 366 1080 mundo,
400 1040 462 1073 sed
493 1039 610 1072 solum
634 1038 823 1083 proportio
851 1038 992 1073 orbium
1021 1038 1234 1084 figuralium
1263 1038 1374 1073 exiis
1403 1039 1573 1073 desumta
1601 1037 1638 1072 in
1664 1038 1771 1072 orbes
1797 1036 1979 1071 coelestes

163 1092 233 1127 fuit
252 1093 438 1127 translata
450 1103 693 1137 numerusque
710 1091 850 1126 orbium
876 1103 899 1126 a
923 1092 1051 1137 figuris
1073 1091 1307 1126 constitutus.
1363 1091 1514 1126 Rectius
1535 1090 1650 1137 igitur
1678 1091 1774 1126 hanc
1793 1089 1979 1136 quaestio-

163 1157 261 1180 nem:
293 1157 371 1180 cur
402 1146 520 1180 hanc
546 1145 716 1190 potius,
747 1156 881 1191 quam
910 1145 1050 1180 aliam
1068 1144 1188 1179 viam
1209 1149 1410 1180 currant
1436 1145 1684 1190 planetae,
1715 1148 1759 1179 ut
1783 1144 1979 1178 absurdam

162 1199 386 1243 repellimus.
443 1199 537 1233 Nam
557 1210 637 1233 cum
663 1202 763 1233 esset
782 1199 818 1233 in
837 1198 1041 1233 intentione
1060 1198 1130 1233 Dei
1157 1198 1324 1239 circulus,
1356 1198 1514 1233 motibus
1543 1197 1780 1243 planetarum
1804 1206 1976 1231 necessa-

162 1252 246 1292 rius,
278 1252 332 1286 illi
351 1253 453 1286 Deus
485 1263 551 1297 per
571 1251 812 1287 intentionem
839 1251 1038 1287 constituto
1065 1251 1260 1287 materiale
1286 1256 1326 1287 et
1357 1252 1549 1287 stellatum
1578 1249 1810 1296 sphaericum
1828 1249 1978 1285 circum·

157 1305 262 1351 jecit.
320 1305 396 1339 Nec
422 1304 603 1340 dubitatio
631 1304 758 1350 aliqua
775 1305 895 1340 Deum
923 1305 971 1340 ab
998 1316 1110 1350 opere
1141 1305 1306 1346 retinuit,
1339 1316 1410 1351 quo
1429 1304 1546 1339 minus
1577 1303 1719 1339 initium
1744 1302 1826 1348 eJ'us
1855 1303 1979 1338 facere

162 1363 298 1403 posset,
327 1357 431 1404 quasi
451 1358 529 1392 sine
548 1358 711 1398 ratione;
741 1369 825 1393 nam
845 1363 932 1393 tunc
951 1369 1082 1403 corpus
1102 1359 1242 1393 nullum
1267 1357 1561 1403 praeexistebat,
1595 1356 1700 1402 cujus
1728 1356 1793 1391 ille
1818 1354 1980 1402 partium

161 1416 333 1456 respectu
365 1411 562 1446 dubitaret.
621 1411 786 1456 Spatium
820 1422 906 1446 vero
939 1411 1016 1446 sine
1049 1423 1200 1456 corpore
1228 1422 1324 1456 pura
1342 1416 1401 1446 est
1431 1411 1601 1456 negatio:
1635 1409 1801 1456 satisque
1822 1408 1978 1444 rationis

162 1469 220 1499 est
239 1466 284 1500 ad
305 1464 510 1499 faciendum
530 1464 671 1499 initium
703 1465 739 1498 in
759 1462 898 1500 infinito
930 1464 1056 1506 nihilo,
1087 1465 1148 1499 vel
1180 1465 1348 1511 cogitare
1382 1465 1514 1499 leviter
1543 1465 1587 1498 de
1608 1463 1750 1509 aliquo}
1782 1463 1862 1498 tale
1881 1462 1977 1498 enim

163 1519 365 1563 cogitatum
391 1517 472 1561 jam
504 1518 630 1552 statim
661 1517 808 1552 infinitis
841 1518 954 1553 modis
975 1522 1033 1552 est
1060 1517 1324 1563 praestantius,
1358 1517 1500 1564 reliquo
1528 1516 1668 1552 infinito
1687 1527 1760 1551 non
1780 1521 1876 1558 actu,
1911 1527 1978 1550 nec

161 1571 348 1611 existenti,
370 1582 437 1605 nec
457 1570 644 1616 cogitato,
673 1576 711 1605 et
730 1570 781 1605 sic
802 1571 900 1616 prius
922 1572 986 1606 illo
1016 1576 1055 1606 et
1075 1571 1176 1606 initio
1197 1576 1336 1616 aptum.
1393 1572 1521 1616 Neque
1534 1574 1623 1606 vero‘
1642 1570 1779 1616 primus
1793 1571 1865 1616 ego
1885 1580 1975 1609 sum,

163 1624 223 1670 qui
254 1636 310 1658 me
340 1624 457 1669 ipsum
485 1624 556 1658 hac
588 1623 708 1658 inutili
729 1625 944 1669 quaestione
972 1624 1151 1670 fatigavi:
1186 1636 1261 1659 cur
1294 1624 1490 1659 scilicet
1521 1624 1607 1659 hac
1636 1623 1885 1658 traductus
1916 1621 1980 1657 sit

163 1677 405 1718 zodiacus,
441 1689 535 1711 cum
565 1676 776 1722 potuerit
807 1677 925 1719 alia,
967 1678 1084 1713 locis
1116 1677 1362 1712 infinitis?
1419 1677 1586 1712 Invenias
1620 1676 1773 1711 similem
1799 1675 1910 1720 hujus
1941 1674 1978 1709 in

163 1730 335 1765 Aristot.:
358 1742 434 1764 cur
453 1730 568 1764 hanc
586 1730 741 1775 potius
763 1729 805 1764 in
827 1731 1014 1777 plagam
1041 1735 1151 1765 eant
1178 1731 1422 1776 planetae,
1454 1741 1586 1776 quam
1613 1729 1655 1764 in
1674 1728 1778 1774 eJus
1798 1733 1978 1764 contra-

162 1783 294 1818 riam?
350 1784 444 1818 Nam
464 1795 508 1817 ne
528 1782 587 1817 hic
607 1783 749 1828 quidem
769 1783 864 1818 ratio
885 1790 943 1819 est
963 1784 1041 1819 ulla
1059 1784 1165 1819 unius
1197 1795 1287 1828 prae
1308 1784 1438 1824 altere,
1473 1795 1553 1818 cum
1579 1782 1693 1818 omnis
1713 1780 1824 1823 linea,
1856 1779 1978 1828 longi—

162 1835 296 1870 tudinis
318 1836 534 1877 conditione,
565 1837 654 1870 duas
676 1837 844 1872 obtineat
861 1838 1009 1884 plagas,
1032 1849 1126 1883 quae
1147 1842 1234 1872 sunt
1252 1837 1289 1871 in
1302 1842 1405 1872 recta
1432 1847 1560 1871 versus
1581 1837 1669 1871 duos
1689 1834 1770 1880 ejus
1790 1835 1975 1870 terminos.

162 1890 317 1923 Fatetur
349 1889 491 1934 quidem
524 1889 573 1923 ibi
592 1890 814 1924 Aristoteles
848 1890 883 1924 in
909 1902 1058 1936 genere,
1093 1902 1162 1924 non
1184 1890 1339 1925 omnium
1368 1890 1532 1925 rationes
1565 1891 1692 1923 eodem
1717 1889 1821 1923 modo
1851 1885 1978 1934 quaeri

163 1953 289 1987 posse:
325 1942 489 1977 adoritur
521 1947 645 1976 tamen
677 1943 930 1989 quaestionem
961 1944 1074 1978 hanc:
1110 1948 1279 1978 naturam
1301 1943 1356 1977 ait
1384 1943 1480 1978 inter
1506 1941 1701 1987 possibilia
1719 1952 1864 1987 semper
1883 1941 1978 1987 quod

163 1995 338 2040 optimum
364 1995 524 2039 eligere:
558 1995 686 2030 melius
712 2007 799 2030 vero
827 2007 919 2037 esse,
953 2001 996 2030 ut
1023 1997 1190 2031 ferantur
1219 1996 1340 2031 sidera
1371 1996 1406 2030 in
1439 1996 1592 2042 plagam
1622 1994 1841 2041 digniorem;
1874 1993 1979 2040 atqui

163 2047 365 2092 digniorem
384 2059 465 2082 esse
486 2048 638 2094 plagam
657 2060 834 2093 prorsum,
866 2060 973 2094 quam
991 2054 1203 2083 retrorsum.
1253 2048 1432 2084 Ridicule.
1483 2049 1578 2083 Nam
1603 2048 1703 2093 prius
1731 2058 1839 2093 quam
1858 2051 1977 2083 motus

163 2106 272 2140 esset,
294 2105 427 2135 neutra
448 2102 575 2146 plaga,
607 2113 723 2146 neque
743 2113 921 2146 prorsum,
954 2113 1072 2147 neque
1103 2106 1303 2136 retrorsum
1336 2102 1546 2141 dicebatur;
1576 2100 1794 2146 principium
1823 2100 1976 2146 petitur.

161 2156 374 2199 Argutatur
393 2153 535 2198 quidem
561 2165 584 2188 a
604 2154 836 2189 similitudine
856 2155 977 2189 mundi
997 2167 1078 2190 cum
1107 2154 1337 2194 animalibus,
1366 2154 1542 2190 animalia
1560 2166 1641 2190 cum
1668 2153 1794 2200 plagis
1814 2153 1890 2200 suis
1909 2164 1979 2189 sex

137 2247 147 2254 .
162 2206 280 2240 ideam
298 2207 420 2242 mundi
440 2211 620 2241 statuens.
677 2207 790 2252 Atqui
809 2219 952 2242 rursum
971 2207 1187 2253 principium
1207 2208 1357 2253 petitur.
1413 2208 1551 2243 Demus
1581 2206 1678 2242 enim
1708 2207 1878 2243 mundum
1896 2217 1976 2243 esse

162 2260 300 2294 factum
331 2261 376 2294 ad
403 2260 673 2295 similitudinem
703 2261 888 2301 animalis;
921 2261 1019 2296 dicat
1050 2261 1165 2308 igitur
1190 2261 1290 2306 prius
1316 2262 1361 2295 de
1382 2261 1460 2306 ipso
1482 2260 1642 2302 animali,
1674 2271 1737 2295 cur
1767 2260 1838 2295 hoc
1854 2259 1911 2295 illi
1929 2258 1979 2294 sit

161 2323 337 2357 prorsum,
360 2313 450 2347 illud
470 2318 691 2353 retrorsum;
723 2319 761 2348 et
781 2326 852 2348 non
866 2313 1043 2354 vicissim3
1074 2315 1143 2348 hoc
1163 2318 1230 2355 est,
1260 2326 1323 2349 cur
1342 2314 1436 2348 oculi
1457 2325 1637 2360 auresque
1664 2317 1703 2348 et
1722 2324 1830 2348 nares
1851 2316 1890 2348 et
1907 2312 1991 2356 lin—-

160 2377 238 2411 gua
266 2371 363 2401 etos
395 2377 521 2400 versus
543 2366 737 2412 imaginem
766 2367 803 2401 in
823 2368 972 2411 speculo
993 2367 1209 2414 dirigantur,
1238 2367 1480 2408 brachiorum,
1511 2378 1681 2402 manuum
1708 2364 1976 2414 digitorumque

161 2418 307 2453 articuli
338 2419 502 2454 illorsum
533 2420 738 2461 flectantur,
772 2421 904 2465 pedum
935 2421 1083 2466 palmae
1115 2421 1281 2456 illorsum
1312 2422 1573 2461 extendantur,
1609 2424 1648 2454 et
1673 2430 1745 2455 non
1765 2418 1898 2465 potius,
1933 2422 1975 2454 ut

159 2471 327 2517 imaginis
348 2472 384 2506 in
404 2473 553 2517 speculo
573 2474 736 2508 membra
756 2475 894 2514 eadem,
927 2478 1157 2508 retroversus
1178 2474 1376 2509 hominem:
1410 2473 1534 2519 potuit
1552 2472 1648 2509 enim
1673 2472 1786 2509 etiem
1805 2471 1856 2507 sic
1874 2471 1972 2507 fieri:

158 2524 227 2559 hoc
258 2530 326 2566 est,
361 2525 483 2570 potuit
503 2536 574 2566 cor,
597 2528 689 2572 quod
710 2538 805 2562 nunc
825 2530 883 2561 est
914 2526 950 2561 in
971 2527 1132 2568 sinistra,
1167 2527 1343 2562 collocari
1370 2526 1407 2562 in
1423 2528 1526 2567 sede,
1561 2536 1670 2572 quam
1689 2537 1785 2560 nunc
1801 2529 1975 2570 putamus

159 2579 338 2614 dextram.
395 2579 445 2613 Et
469 2583 511 2613 ut
530 2583 673 2614 constet
691 2579 786 2614 ratio
807 2580 843 2614 in
863 2581 931 2614 hac
951 2580 1034 2615 idea
1052 2580 1184 2621 mundi,
1217 2580 1327 2625 quid?
1359 2591 1406 2615 an
1426 2591 1498 2615 non
1519 2590 1636 2625 aeque
1660 2578 1770 2615 facile
1791 2577 1977 2614 contraria

158 2631 279 2675 potuit
298 2631 376 2675 ejus
410 2632 454 2666 ad
476 2632 598 2666 latera
629 2632 749 2667 mundi
780 2633 858 2667 fieri
891 2633 1116 2678 applicatio?
1147 2633 1230 2680 quid
1262 2633 1460 2679 impedivit,
1495 2644 1564 2679 quo
1585 2631 1701 2670 minus
1722 2631 1909 2667 sinistram
1929 2631 1976 2667 ad

160 2684 343 2719 meridiem
362 2686 541 2725 tenderet,
564 2687 734 2720 dextram
754 2687 800 2720 ad
821 2687 1121 2731 septentrionem,
1151 2688 1294 2733 quando
1313 2687 1450 2732 plagas
1471 2684 1591 2721 mundi
1611 2684 1745 2720 metari
1758 2683 1869 2730 jussa
1887 2686 1975 2719 est?

161 2736 211 2770 sic
236 2737 331 2772 enim
359 2737 489 2772 faciem
515 2738 689 2773 vertisset
708 2738 744 2773 in
763 2740 928 2784 plagam,
963 2751 1057 2785 quae
1077 2740 1181 2775 nobis
1202 2751 1297 2774 nunc
1317 2749 1467 2773 occasus
1493 2737 1646 2778 dicitur;
1679 2737 1729 2772 sic
1753 2736 1975 2773 contrariam

161 2788 280 2823 sidera
300 2791 453 2835 plagam
472 2802 639 2835 prorsum
658 2792 885 2832 habuissent,
919 2792 955 2826 in
982 2804 1090 2838 quam
1115 2793 1272 2828 motibus
1300 2792 1374 2826 suis
1406 2792 1613 2827 tenderent.
1671 2791 1822 2825 Rectius
1849 2790 1975 2836 itaque
2027 2786 2028 2802 ³

162 2842 427 2885 supersedisset
454 2843 676 2878 Aristoteles
705 2845 886 2880 solutione
919 2845 1028 2890 hujus
1050 2846 1199 2890 ineptae
1221 2844 1463 2891 quaestionis,
1497 2854 1586 2878 suae
1606 2843 1720 2889 ipsius
1741 2841 1975 2879 admonitioni

163 2894 432 2938 obtemperans.
473 2895 567 2931 Nam
586 2897 681 2932 inter
701 2909 764 2935 ea,
787 2909 880 2944 quae
901 2898 1021 2933 omnia
1041 2911 1089 2933 ex
1113 2909 1229 2943 aequo
1251 2898 1465 2943 contingere
1485 2900 1659 2942 possent„
1680 2900 1818 2932 natura
1835 2896 1975 2933 nullam
2018 2896 2021 2899 ⁴

161 2946 300 2980 invenit
319 2948 477 2982 melioris
499 2953 537 2983 et
557 2950 748 2985 deterioris
770 2951 998 2991 electionem,
1033 2952 1101 2985 hoc
1121 2951 1215 2986 enim
1234 2951 1390 2985 involvit
1415 2949 1750 2986 contradictionem.
1808 2948 1974 2990 Quinimo

162 2998 212 3031 sic
233 3005 549 3044 argumentemur:
582 3013 661 3036 cum
681 3014 744 3037 ens
767 3016 838 3038 non
858 3008 943 3038 ente
963 3008 1141 3048 praestet,
1170 3005 1326 3038 nondum
1345 3003 1461 3050 igitur
1479 3003 1665 3038 exist-ente
1685 3003 1827 3043 mundo,
1861 3012 1973 3048 quae·

162 3062 302 3097 cunque
323 3051 402 3096 ejus
422 3053 540 3099 plaga
558 3065 669 3098 prosa
688 3060 867 3100 concepta
886 3056 956 3091 fuit
975 3056 1090 3097 initio,
1122 3055 1190 3090 illa
1213 3057 1372 3102 potiores
1404 3067 1499 3092 nunc
1518 3068 1568 3092 ex
1585 3066 1654 3091 sua
1671 3058 1793 3102 parte
1809 3054 1971 3091 rationes
2002 3100 2004 3102 v
