2028 3242
55 0 85 49 ll
111 0 482 132 vim
515 0 621 41 &Ji-&n
649 0 691 27 ’Ψ
704 6 709 25 ²
730 8 803 143 ³3&
821 0 918 45 ‘two
988 8 1085 47 i-Skx
1130 0 1175 41 Q
1192 0 1276 121 M]
1293 0 1575 29 «suffla-'ava
1637 0 1645 23 ι

874 107 982 149 Caput
1007 108 1033 140 Ι.
1772 110 1789 152 1
1804 110 1855 153 13

49 211 272 263 respondeo
302 211 483 264 primum,
517 211 703 263 antiquas
730 211 973 264 hypotheses
991 211 1293 264 praecipuorum
1320 212 1473 266 aliquot
1501 215 1678 266 capitum
1705 217 1857 257 nullam

49 269 610 331 Qreddere.
673 268 910 322 eujusmodi
940 275 1017 317 est,
1045 270 1155 322 'quod
1188 270 1374 322 ignorant
1406 273 1571 318 numeri,
1604 262 1857 326 quanfisstig

49 327 320 381 temporisque
401 334 464 369 tro
515 328 651 368 adatio
680 341 744 368 um
781 341 952 368 causas:
998 333 1040 368 et
1078 340 1200 381 quare
1240 329 1332 369 illae
1370 330 1422 370 ad
1453 332 1645 372 amussim
1675 332 1735 373 ita
1766 347 1857 374 cum

51 386 139 426 loeo
172 389 353 428 et‘motu
384 341 494 428 Βἒοὶιε
531 386 662 427 medio
699 387 952 427 conveniant.
975 389 1010 435 e)
1071 385 1226 433 Quibus
1270 388 1452 429 omnibus
1497 389 1535 429 in
1579 391 1723 441 rebus,
1767 405 1857 433 cum

49 444 154 497 apud
185 443 450 498 Copernicum
481 446 577 486 ordo
607 445 897 498 pulcherrimus
929 452 1144 498 appareat,
1177 459 1340 486 causam
1373 447 1496 487 etiam
1527 447 1659 489 inesse
1691 463 1856 491 necesse

48 509 127 545 est.
169 503 325 545 Deinde
355 517 492 545 earum
512 504 636 546 etiam
653 503 946 558 hypothesium,
980 517 1081 557 quae
1113 510 1367 546 constantem
1398 508 1726 558 apparentiarum
1758 523 1856 549 cau-

50 574 138 603 sam
167 563 352 612 reddunt,
385 569 429 604 et
457 576 547 604 cum
577 563 665 604 visu
697 563 963 612 consentiunt,
995 562 1093 603 nihil
1123 570 1249 616 negat
1268 563 1526 616 Copernicus,
1559 566 1693 617 potius
1724 567 1858 607 omnia

0 634 2 669 ζ
51 620 173 662 sumit
201 627 247 662 et
274 621 465 674 explicat.
509 622 615 663 Nam
647 622 752 675 quod
783 622 910 662 multa
940 622 980 662 in
1011 621 1299 676 hypothesibus
1331 623 1492 663 usitatis
1524 624 1759 665 immutasse
1790 626 1855 664 vi-

0 675 5 719 {
49 679 178 728 detur,
209 679 251 720 id
280 693 424 721 revera
453 693 530 721 non
563 681 621 721 ita
652 693 695 720 se
728 681 864 720 habet.
916 680 1020 721 Fieri
1052 694 1222 735 namque
1252 688 1401 734 potest,
1436 688 1480 722 ut
1510 682 1615 723 idem
1647 683 1858 736 contingat

49 738 203 779 duobus
221 739 354 791 specie
374 739 647 780 differentibus
667 739 1000 792 praesuppositis,
1032 745 1249 792 propterea
1268 741 1372 793 quod
1401 740 1471 781 illa
1502 742 1579 782 duo
1611 742 1684 782 sub
1717 743 1858 783 eodem

49 809 197 850 genere
233 804 344 848 sunt,
383 798 496 851 cujus
534 799 668 850 gratia
698 797 856 851 generis
894 797 1022 850 primo
1059 799 1100 839 id
1137 798 1352 852 contingit,
1391 800 1439 839 de
1473 812 1549 852 quo
1582 800 1725 852 agitur.
1788 801 1858 842 Sic

50 855 307 897 Ptolemaeus
336 857 545 898 stellarum
577 863 689 898 ortus
720 862 763 898 et
792 857 925 897 obitus
957 857 1266 907 demonstravit,
1309 870 1385 898 non
1417 858 1491 899 hoc
1524 859 1654 899 medio
1686 860 1859 900 termino

50 913 229 967 proximo
260 919 303 956 et
334 922 569 968 coaequato,
602 916 695 968 quia
725 916 851 956 Terra
883 915 938 956 sit
967 915 1006 956 in
1038 915 1180 957 medio
1198 917 1425 957 immobilis.
1482 917 1622 969 Neque
1656 916 1856 970 Coperni-

49 985 120 1014 cus
149 972 255 1014 idem
285 973 360 1014 hoc
391 974 521 1015 medio
553 975 815 1022 demonstrat,
849 974 943 1028 quia
963 975 1088 1015 Terra
1109 988 1134 1015 a
1153 976 1283 1016 medio
1297 975 1472 1031 ,distans
1499 976 1693 1016 volvatur.
1739 976 1855 1018 Utri-

49 1044 125 1085 que
157 1032 263 1072 enim
293 1033 449 1074 suffecit
479 1033 611 1074 dicere
643 1034 767 1087 (quod
799 1038 841 1074 et
880 1039 1044 1086 uterque
1082 1034 1203 1083 dixit)
1248 1035 1336 1075 ideo
1374 1035 1474 1074 haec
1510 1034 1570 1073 ita
1610 1034 1694 1074 fieri
1710 1065 1720 1082 ‚
1766 1035 1857 1088 quia

49 1090 156 1131 inter
185 1091 340 1132 coelum
371 1098 414 1133 et
443 1092 609 1133 Terram
640 1092 866 1134 intercedat
896 1092 1030 1146 aliqua
1064 1099 1241 1133 motuum
1279 1092 1502 1146 separatio,
1543 1098 1586 1132 et
1624 1093 1716 1145 quia
1745 1094 1857 1134 nulla

51 1149 156 1191 iuter
182 1149 286 1191 fixas
316 1151 515 1192 sentiatur
544 1151 716 1192 Telluris
748 1165 774 1192 a
804 1151 934 1192 medio
966 1151 1172 1192 distantia.
1223 1152 1350 1204 Igitur
1379 1151 1639 1191 Ptolemaeus
1670 1164 1748 1192 non
1780 1152 1854 1192 de-

20 1231 21 1234 =
50 1208 293 1250 monstravit
322 1209 426 1251 falso
447 1215 490 1251 et
508 1210 778 1251 accidentario
798 1210 940 1259 medio,
975 1209 1008 1250 si
1040 1223 1142 1263 quae
1174 1210 1465 1250 demonstravit
1495 1224 1721 1261 φαινομυα.
1767 1211 1856 1251 Hoc
1916 1254 1918 1256 μ

22 1356 24 1362 f
51 1325 359 1380 evenirQun
373 1334 542 1382 propter
565 1327 915 1395 genus-‘egeniunt
960 1327 1076 1369 Unde
1096 1332 1279 1379 apparet,
1306 1340 1356 1367 ex
1382 1339 1440 1374 eo,
1475 1328 1579 1379 quod
1597 1327 1856 1368 Ptolemaeus

43 1377 239 1428 ἴίἮει
266 1386 403 1427 mundi
434 1383 695 1439 disposttiohe
726 1399 823 1427 vera
853 1393 988 1427 tamen
1029 1391 1072 1426 et
1108 1385 1219 1425 coelo
1261 1385 1487 1437 nostrisque
1525 1386 1650 1426 oculis
1681 1399 1857 1427 consona

29 1487 31 1490 ,
51 1443 358 1494 demonstravit,
377 1457 428 1485 ex
446 1458 506 1494 eo,
529 1446 700 1498 iuquam,
719 1446 868 1487 nullam
887 1458 977 1485 esse
997 1457 1172 1492 causam,
1194 1442 1320 1484 s'imile
1340 1443 1434 1496 quid
1453 1444 1576 1484 etiam
1596 1445 1644 1485 de
1657 1443 1854 1498 Coperni-
1871 1446 1891 1477 Ἃ

52 1501 165 1543 canis
194 1501 483 1558 hypothesibus
515 1504 758 1557 suspicandi.
821 1503 926 1550 Quin
958 1503 1091 1556 potius
1122 1508 1271 1550 manet,
1304 1503 1408 1555 quod
1438 1502 1551 1543 initio
1583 1502 1733 1544 dictum
1764 1509 1853 1544 est:

53 1573 131 1601 uon
159 1573 282 1614 posse
301 1562 407 1604 falsa
426 1576 516 1604 esse
537 1561 748 1615 Copernici
767 1562 974 1615 principia,
1007 1574 1058 1601 ex
1090 1560 1231 1612 quibus
1261 1567 1346 1601 tam
1378 1567 1566 1601 constans
1599 1562 1857 1614 plurimorum

34 1639 35 1644 ’
53 1633 298 1671 §coenum
326 1621 454 1673 ratio,
493 1621 634 1674 ignota
663 1622 890 1670 veteribus,
930 1621 1144 1667 reddatur,
1184 1625 1380 1671 quatenus
1413 1632 1463 1659 ex
1494 1620 1574 1660 illis
1606 1620 1798 1661 redditur.
1818 1619 1855 1669 ἆ)

40 1677 171 1719 Vidit
199 1679 274 1720 hoc
307 1679 559 1721 felicissimus
590 1681 656 1721 ille
677 1680 977 1737 Tycho-Brahe‚
1010 1683 1262 1718 astronomus
1288 1678 1394 1718 omni
1414 1679 1682 1719 celebratione
1714 1679 1853 1731 major,

53 1737 120 1790 qui
150 1738 333 1791 quamvis
363 1740 522 1779 omnino
554 1740 602 1779 de
635 1740 723 1780 loco
755 1739 903 1779 Terrae
934 1751 960 1777 a
990 1736 1211 1788 Copernico
1251 1737 1508 1785 dissentiret,
1553 1743 1688 1777 tamen
1726 1751 1777 1777 ex
1808 1750 1854 1778 eo
1879 1735 1882 1744 ’

35 1857 989 1952 ssffQ-Gfflssenttumquinqueplanetarurn.
1032 1853 1139 1894 Nam
1172 1859 1213 1893 et
1244 1854 1318 1894 hoc
1350 1854 1559 1906 angustius
1590 1861 1654 1895 est
1683 1852 1855 1895 medium

39 1930 45 1957 2
136 1913 471 1956 demonstrandas
502 1915 807 1967 repedationes:
849 1926 894 1951 το
926 1910 998 1951 Sol
1029 1911 1068 1951 in
1101 1920 1238 1952 centro
1271 1912 1497 1953 immobilis.
1558 1912 1719 1954 Sufficit
1748 1913 1854 1954 euim

39 1973 242 2024 :generale
271 1971 392 2014 illud:
426 1973 499 2015 Sol
529 1974 567 2014 in
601 1979 735 2013 centro
766 1971 1017 2022 planetarum
1050 1970 1230 2023 quinque.
1298 1970 1380 2011 Cur
1411 1978 1545 2012 autem
1577 1971 1751 2024 speciem
1782 1984 1854 2024 pro

1 2031 3 2081 ζ
41 2041 201 2082 ¹genere
232 2038 408 2073 sumeret
427 2031 682 2085 Copernicus,
716 2034 758 2068 et
777 2027 915 2068 Solem
946 2028 1107 2081 insuper
1138 2029 1176 2068 in
1210 2035 1346 2069 centro
1370 2030 1517 2078 mundi,
1552 2031 1717 2070 Terram
1749 2030 1855 2070 circa

2 2087 6 2117 ἕ
38 2101 147 2129 ‹aeum
175 2090 362 2131 mobilem
394 2091 556 2136 faceret,
589 2088 692 2128 aliae
724 2100 870 2127 causae
902 2088 1072 2128 fuerunt.
1123 2087 1230 2128 Nam
1261 2094 1305 2128 ut
1337 2101 1388 2128 ex
1413 2089 1659 2129 astronomia
1678 2089 1729 2129 ad
1753 2089 1859 2142 phy-

218 2147 303 2188 sive
339 2146 683 2199 cosmographiam
721 2145 950 2194 deveniam,
991 2147 1067 2186 hae
1101 2145 1314 2197 Copernici
1344 2147 1592 2200 hypotheses
1623 2160 1702 2187 non
1734 2148 1860 2187 solum

7 2232 10 2254 7
51 2203 96 2246 'n
127 2211 309 2246 naturam
338 2218 468 2245 rerum
498 2217 574 2244 non
605 2209 794 2255 peccant,
838 2205 910 2244 sed
947 2205 1058 2245 illam
1095 2205 1220 2244 multo
1251 2205 1382 2257 magis
1414 2206 1571 2258 juvant.
1633 2207 1761 2246 Amat
1791 2204 1887 2246 illa¹

6 2266 12 2323 ξ
57 2263 366 2317 simplicitatem,
397 2268 510 2302 amat
526 2262 733 2302 unitatem.
777 2263 990 2315 Nunquam
1021 2264 1059 2302 in
1090 2263 1181 2315 ipsa
1202 2263 1410 2315 quicquam
1428 2264 1600 2304 otiosum
1620 2270 1689 2304 aut
1718 2277 1861 2315 super-

9 2327 12 2371 }
46 2322 179 2363 vnumu
207 2322 367 2362 extitit:
401 2326 446 2360 at
477 2320 636 2371 saepius
668 2333 747 2360 una
776 2333 842 2360 res
873 2321 1010 2361 multis
1043 2322 1093 2361 ab
1125 2322 1195 2360 illa
1222 2321 1447 2362 destinatur
1466 2322 1686 2362 effectibus.
1735 2322 1861 2374 Atqui

11 2429 14 2436 ¹
51 2396 77 2436 2·
96 2399 103 2415 -.
121 2398 174 2415 m.—
209 2380 382 2420 usitatas
413 2379 658 2431 hypotheses
691 2379 842 2418 orbium
872 2380 1146 2432 fingendorum
1177 2379 1265 2418 finis
1285 2381 1416 2419 nullus
1437 2387 1525 2420 est:
1559 2393 1683 2431 penes
1705 2379 1860 2431 Coper-

12 2444 15 2456 ’
54 2437 100 2473 ἢ
109 2456 178 2474 ιιιιι
194 2437 376 2489 “plurimi
406 2443 538 2477 motus
571 2449 622 2476 ex
652 2436 906 2488 paucissimis
938 2443 1154 2489 sequuntur
1192 2437 1377 2484 orbibus,
1421 2444 1465 2478 ut
1506 2438 1666 2478 interim
1704 2444 1862 2477 taceam

29 2496 380 2539 euetrationem
398 2495 554 2536 orbium
573 2494 747 2535 Veneris
768 2500 810 2535 et
828 2495 1029 2544 Mercurii,
1063 2502 1104 2535 et
1136 2496 1228 2543 alia,
1262 2495 1402 2547 quibus
1428 2497 1592 2548 antiqua
1617 2495 1863 2536 astronomia

59 2563 89 2588 ἰ
132 2557 252 2594 tanta
295 2554 448 2595 orbium
490 2554 764 2606 fingendorum
807 2553 994 2593 libertate
1036 2554 1250 2593 etiamnum
1293 2554 1464 2594 laborat.
1527 2556 1663 2606 Atque
1709 2554 1765 2593 sic
1803 2553 1864 2592 vir

25 2619 27 2622 ⁴
166 2624 244 2652 non
274 2617 433 2653 tantum
452 2618 637 2653 naturam
657 2625 827 2652 onerosa
857 2612 928 2652 illa
958 2618 1001 2651 et
1030 2612 1159 2651 inutili
1185 2612 1460 2663 suppellectile
1491 2618 1554 2652 tot
1584 2612 1866 2651 immensorum
1899 2623 1919 2665 ἦ]

132 2669 144 2679 ”
169 2688 202 2706 ιιι
241 2671 462 2721 sliberavit:
508 2672 580 2711 sed
615 2671 779 2723 insuper
816 2670 936 2710 etiam
972 2670 1253 2710 inexhaustum
1291 2668 1404 2709 nobis
1443 2671 1675 2710 thesaurum
1707 2669 1865 2721 aperuit

69 2727 395 2780 ¹÷'''›·11;:unorum
420 2730 716 2770 ratiociniorum
748 2730 795 2768 de
832 2728 956 2768 totius
991 2729 1124 2768 mundi
1155 2728 1404 2779 omniumque
1437 2741 1644 2779 corporum
1674 2728 1863 2779 pulcher-

70 2805 148 2839 ¹1111
191 2787 428 2840 aptitudine.
488 2789 629 2841 Neque
662 2787 797 2827 dubito
838 2787 1055 2841 affirmare,
1096 2787 1277 2839 quicquid
1319 2800 1342 2825 a
1372 2786 1585 2837 posteriori
1617 2785 1863 2838 Copernicus

23 2851 36 2896 J
141 2845 226 2898 egit
255 2852 298 2887 et
325 2847 415 2887 visu
446 2845 762 2894 demonstravit,
806 2844 1073 2886 mediantibus
1104 2844 1358 2896 geometricis
1390 2844 1626 2893 axiomatis,
1671 2844 1712 2884 id
1750 2857 1865 2885 omne

31 2950 33 2964 ¹
95 2905 99 2907 ”
155 2903 246 2956 ipso
262 2904 486 2945 Aristotele
505 2910 625 2954 teste,
659 2904 693 2944 si
721 2903 875 2944 viveret
907 2904 926 2951 (
953 2903 1031 2942 uod
1048 2903 1278 2961 frequenter
1297 2908 1412 2954 optat
1431 2902 1658 2956 Rheticus),
1691 2916 1717 2942 a
1742 2902 1865 2955 priori

87 2961 178 3007 ζἐἰιί;
214 2963 451 3015 ambagibus
481 2963 746 3003 demonstrari
777 2975 911 3014 posse.
980 2949 1124 3001 verum
1156 2962 1204 3000 de
1241 2960 1304 3000 his
1343 2961 1522 3001 omnibus
1563 2961 1688 3000 fusius
1719 2966 1762 3001 et
1790 2973 1866 3013 pro

90 3066 94 3068 q
120 3036 165 3065 .-··
240 3033 263 3061 e
285 3021 448 3073 ¹pridem
478 3021 562 3074 egit
578 3020 741 3062 Rhetici
759 3020 950 3067 narratio,
985 3025 1027 3059 et
1046 3019 1291 3071 Copernicus
1317 3018 1433 3071 ipse.-
1464 3025 1505 3059 et
1536 3018 1570 3059 si
1602 3020 1694 3071 quid
1726 3019 1865 3071 copio-

116 3101 142 3111 κ
179 3078 372 3130 explicari
400 3084 549 3132 potest,
580 3079 683 3120 alius
713 3079 755 3119 id
784 3080 861 3120 loci
893 3084 935 3118 et
965 3078 1157 3130 temporis
1188 3078 1276 3126 erit,
1298 3079 1334 3126 ⁰)
1366 3091 1467 3118 nunc
1493 3078 1680 3130 attigisse
1702 3078 1866 3118 sufficit:

91 3147 103 3162 ³*
160 3145 278 3180 ‘nuti
295 3148 388 3180 oper·
404 3148 427 3176 1.
1562 3146 1585 3180 8

14 1290 16 1292 v
50 1271 210 1308 numm
226 1267 268 1308 in
284 1267 418 1322 legem
436 1268 516 1310 ω’
537 1269 635 1310 αὐτο
654 1267 851 1322 peccavit,
885 1269 989 1322 quod
1009 1268 1266 1317 existimavit,
1300 1269 1399 1309 haec
1418 1268 1477 1308 ita
1495 1274 1662 1322 propter
1680 1269 1857 1323 speciem
1931 1320 1935 1321 ⁷

46 1795 219 1838 retinuit
247 1796 300 1847 id,
333 1798 447 1850 cujus
478 1798 610 1850 gratia
635 1811 766 1838 rerum
784 1798 977 1837 hactenus
995 1794 1285 1847 incognitarum
1305 1809 1447 1836 causas
1467 1796 1685 1836 habemus:
1718 1795 1855 1837 Solem
1889 1803 1895 1806 “
1959 1793 1961 1796 ’
