2028 3242
459 858 531 909 IN
568 859 974 909 MYSTERIUM
999 859 1651 920 ,COSMOGRAPHJCUM
1683 866 1686 868 ’

805 966 998 1008 NOTAE
1029 965 1309 1007 EDITORIS.
1728 956 1731 958 ’

248 1175 282 1217 1)
307 1187 338 1219 p.
365 1175 398 1208 3.
448 1177 539 1210 Inter
569 1178 790 1211 Maestlini
821 1177 1049 1219 manuscripta
1078 1178 1287 1210 nativitatem
1322 1177 1495 1218 enjusdam
1528 1177 1668 1213 Ioannis
1693 1175 1819 1209 Alberti
1849 1175 1963 1218 depre-

148 1225 339 1262 hendimus,
377 1227 470 1266 cujus
496 1226 580 1257 calci
603 1227 768 1268 inscripsit
792 1225 988 1257 Maestlinus
1019 1225 1104 1257 haec
1128 1225 1246 1257 verba:
1283 1224 1514 1267 astrologicam
1543 1225 1722 1267 Judicium‚
1758 1222 1844 1266 quod
1868 1232 1890 1256 a
1913 1232 1965 1255 me
1984 1239 1994 1247 -

149 1274 252 1314 petis,
279 1282 340 1315 ego
366 1273 508 1304 scribere
534 1283 599 1304 nou
624 1284 773 1315 possum,
808 1283 871 1305 nec
896 1273 974 1304 scio.
1025 1273 1219 1314 Astrologus
1244 1283 1276 1304 u.
1304 1282 1370 1304 non
1395 1282 1484 1310 sum,
1519 1272 1605 1315 quod
1630 1276 1665 1304 et
1687 1271 1818 1313 publice
1842 1274 1877 1302 et
1900 1270 1964 1311 pri-

149 1321 251 1352 vatim
277 1329 375 1361 saepe
401 1324 602 1361 protestatus
628 1331 709 1353 sum.
762 1320 820 1352 Ich
843 1320 908 1352 hab
933 1319 1021 1351 mich
1052 1320 1110 1352 der
1134 1320 1338 1362 Astrologie,
1373 1329 1472 1361 quam
1505 1323 1618 1353 tamen
1652 1322 1743 1352 recte
1772 1322 1966 1359 usurpatam

148 1368 261 1409 magni
286 1367 390 1404 facio,
417 1368 539 1400 niemal
563 1368 697 1400 konnen
721 1368 977 1410 underfangen.‘

245 1459 281 1501 2)
306 1472 336 1503 p.
366 1460 396 1492 6.
449 1460 483 1493 Si
515 1463 586 1503 quis
617 1462 800 1494 uberiorem
831 1462 928 1503 hujus
954 1462 1000 1493 rei
1027 1461 1339 1494 demonstrationem
1373 1461 1556 1498 desideret,
1590 1470 1664 1493 eum
1697 1460 1888 1503 ablegamus
1923 1458 1966 1492 ad

150 1518 229 1549 opus
267 1508 306 1540 G.
334 1507 366 1540 S.
398 1508 606 1550 Kliigelii,
642 1511 855 1551 inscriptum:
905 1509 1065 1541 Mathem.
1093 1509 1328 1546 winterbach,
1364 1518 1427 1541 nec
1459 1518 1524 1541 uon
1556 1508 1599 1541 ad
1625 1507 1838 1541 Delambri
1862 1506 1963 1540 histo-

149 1557 231 1588 riam
258 1557 479 1588 astronomiae
504 1557 694 1589 recentioris
721 1557 795 1588 Vol.
822 1557 848 1589 1.
876 1567 907 1598 p.
936 1553 1004 1587 324
1030 1567 1076 1598 sq.

244 1648 280 1689 3)
306 1660 337 1691 p.
369 1649 420 1681 10.
474 1650 630 1690 Cometa,
667 1661 763 1693 quem
787 1651 916 1683 indicat
940 1651 1124 1692 Keplerus‚
1153 1655 1348 1693 conspectus
1374 1654 1426 1682 est
1451 1659 1537 1682 anno
1567 1646 1679 1686 1577,
1711 1647 1799 1681 idem
1821 1648 1907 1685 ines
1923 1648 1965 1680 do

149 1707 211 1739 quo
238 1697 374 1738 Tycho
401 1697 534 1730 Brahe
560 1698 675 1730 librum
701 1699 791 1730 illum
817 1709 911 1730 suum
937 1699 1102 1731 celebrem
1128 1700 1337 1741 conscripsit:
1365 1698 1417 1730 De
1434 1698 1549 1729 mundi
1567 1697 1713 1730 aetherei
1729 1695 1965 1728 recentioribus

149 1745 385 1786 phaenomenis
411 1742 493 1777 liber
517 1745 693 1777 secundus.
742 1746 834 1778 Inter
859 1756 983 1783 omnes,
1010 1756 1089 1787 quos
1116 1746 1228 1787 Tycho
1254 1747 1288 1778 in
1311 1746 1374 1778 hoc
1400 1755 1497 1787 opere
1521 1748 1690 1782 recenset,
1717 1742 1964 1776 Maestlino

151 1792 327 1823 maximam
345 1793 458 1824 tribuit
482 1793 626 1831 laudem,
654 1803 728 1825 cum
746 1794 785 1824 ob
805 1794 979 1836 diligentes
998 1793 1253 1830 observationes,
1280 1794 1350 1826 tuni
1370 1793 1410 1825 ob
1436 1793 1651 1824 eruditionem
1677 1794 1711 1823 et
1735 1790 1964 1832 hypothesium

149 1840 423 1877 concinnitatem3
453 1840 650 1878 „neminem,
678 1842 735 1878 ait,
757 1841 843 1873 inter
863 1850 986 1877 omnes,
1014 1850 1149 1882 quorum
1167 1842 1291 1882 scripta
1307 1840 1495 1882 inspexerit,
1523 1839 1680 1872 eruditius
1698 1843 1732 1871 et
1750 1837 1963 1880 ingeniosius,

148 1887 313 1918 neminem
339 1887 440 1918 etiam
465 1888 711 1919 convenientius
738 1892 771 1920 et
795 1888 995 1929 probabilius
1030 1888 1070 1920 de
1101 1888 1164 1919 hoc
1197 1893 1328 1920 cometa
1358 1888 1558 1920 senteutiam
1581 1884 1789 1928 protulisse.“
1841 1883 1959 1917 Obser-

149 1934 297 1965 vationes
323 1943 399 1965 suas
425 1934 621 1966 Maestlinus
646 1936 680 1966 in
706 1935 821 1976 oppido
847 1935 1035 1976 Backnang
1066 1935 1100 1966 in
1133 1935 1256 1967 ducatu
1280 1934 1584 1976 wurtembergensi
1618 1934 1780 1970 instituit,
1814 1932 1870 1965 ubi
1894 1935 1964 1963 tum

149 1981 303 2021 temporis
328 1981 462 2022 parochi
486 1991 619 2014 munere
646 1982 845 2024 fungebatur
870 1980 974 2022 (anuo
996 1980 1085 2013 1580
1104 1983 1138 2013 in
1156 1983 1363 2015 academiam
1379 1981 1695 2023 Heidelbergensem
1713 1984 1746 2012 et
1763 1989 1850 2012 auno
1871 1975 1962 2010 1584

149 2027 336 2070 Tubingam
353 2033 489 2060 vocatus
510 2033 570 2065 est,
597 2030 652 2061 ubi
669 2029 928 2061 mathematicae
946 2032 980 2061 et
998 2030 1218 2061 astronomiae
1245 2029 1414 2062 docendae
1439 2029 1566 2060 muneri
1591 2027 1734 2069 praefuit
1758 2026 1802 2059 ad
1825 2029 1964 2058 mortem

148 2084 270 2117 usque;
297 2079 394 2107 natus
421 2080 471 2107 est
495 2076 528 2107 in
555 2077 670 2117 oppido
697 2077 892 2119 Goeppinga
917 2086 1003 2108 anuo
1035 2074 1134 2113 1550,
1160 2081 1307 2109 mortuus
1333 2077 1364 2109 d.
1397 2074 1447 2107 16.
1476 2075 1550 2108 Oct.
1579 2072 1683 2111 1631,
1709 2083 1834 2106 annum
1859 2082 1963 2116 agens

150 2120 288 2161 enum);
316 2123 559 2155 observationes
584 2123 657 2155 illas
682 2124 803 2164 publici
824 2124 905 2164 juris
930 2123 1010 2155 fecit
1035 2124 1230 2165 inscriptas:
1273 2123 1466 2156 observatio
1493 2127 1527 2155 et
1552 2122 1788 2155 demonstratio
1813 2124 1965 2154 cometae

150 2170 316 2206 aetherei,
353 2171 407 2211 qui
444 2171 540 2202 annis
567 2168 610 2201 77
637 2174 671 2203 et
697 2169 741 2201 78
768 2172 964 2203 constitutus
999 2171 1033 2202 in
1065 2171 1206 2212 sphaera
1233 2170 1414 2208 „Veneris“
1451 2170 1624 2212 apparuit,
1657 2179 1733 2202 cum
1764 2167 1964 2202 admirandis

151 2219 221 2257 eJus
246 2217 463 2258 passionibus,
490 2218 650 2250 varietate
676 2228 721 2250 sc.
748 2223 867 2255 motus,
893 2218 965 2250 loco
991 2217 1052 2251 dvc.
1091 2218 1174 2250 Tub.
1203 2217 1306 2250 1578.
1355 2219 1405 2251 Ex
1427 2216 1492 2250 hac
1518 2217 1729 2259 inscriptione
1755 2216 1874 2253 elucet.
1900 2223 1966 2258 qna

150 2274 184 2296 re
209 2268 316 2296 motus
342 2264 504 2306 Keplerus
533 2265 594 2303 „de
622 2265 760 2297 Cometa
785 2269 859 2297 tuo
884 2265 1058 2298 Venereo“
1087 2266 1261 2307 scripserit.

244 2356 282 2398 4)
306 2369 336 2399 p.
368 2356 421 2390 14.
471 2359 778 2392 Hohenfelderi
803 2360 928 2392 nobiles
953 2360 1120 2392 Austriaci
1147 2357 1220 2399 (filii
1245 2360 1356 2392 Acatii
1380 2358 1615 2392 Hohenfelderi
1638 2359 1672 2390 in
1689 2356 1905 2390 Aistersheim
1931 2360 1964 2388 et

151 2404 307 2448 Almegk)
334 2410 403 2438 tum
428 2408 581 2448 temporis
608 2405 627 2438 3
651 2407 779 2445 fratres,
806 2407 1033 2450 wolfgangus,
1061 2407 1256 2444 Ludovicus,
1284 2411 1318 2439 et
1333 2407 1480 2443 Marcus,
1506 2406 1679 2447 Tubingae
1702 2404 1806 2437 literis
1831 2412 1965 2445 operam
2023 2435 2025 2438 ⁴

151 2453 293 2492 dabant,
322 2455 586 2495 praeceptoribus
604 2459 736 2487 utentes
753 2454 853 2487 Mich.
875 2454 1107 2496 Zieglero,
1138 2455 1288 2496 physices
1311 2455 1503 2496 professore,
1535 2457 1570 2485 et
1582 2452 1658 2484 Vito
1676 2451 1864 2488 Miillero‚
1890 2460 1963 2492 pro-

149 2500 270 2532 fessore
295 2500 427 2542 linguae
452 2501 578 2533 latinae
604 2506 637 2534 et
662 2511 815 2544 graecae.
857 2502 1042 2534 Ludovicus
1062 2503 1096 2534 in
1113 2501 1283 2534 Hanschio
1308 2503 1439 2543 saepius
1464 2501 1616 2541 occurrit.
1640 2500 1727 2531 inter
1749 2498 1879 2541 legatos
1903 2507 1962 2529 no-

150 2547 294 2579 minatur
310 2557 479 2589 procerum
497 2550 670 2586 Austriae3
699 2550 914 2592 wolfgangus
935 2554 969 2582 et
986 2550 1171 2582 Ludovicus
1190 2559 1276 2581 anno
1297 2547 1386 2580 1592
1405 2548 1555 2590 praeside
1580 2546 1809 2579 Maestlino
1834 2545 1963 2587 publice

150 2600 385 2635 proposuerunt
410 2600 474 2627 tres
501 2597 757 2637 disputationes:
793 2595 828 2637 1)
855 2597 907 2629 De
935 2597 1140 2633 Climatibus‚
1165 2597 1323 2638 pcrioecis
1349 2595 1408 2628 dcc.
1459 2593 1496 2632 2)
1522 2594 1574 2626 De
1599 2593 1713 2626 diebus
1739 2592 1965 2626 artificialibus

152 2646 185 2673 et
209 2642 424 2674 naturalibus.
474 2641 509 2683 3)
536 2643 588 2676 De
614 2645 725 2682 zonis;
751 2645 830 2677 item
857 2654 943 2677 anuo
965 2642 1054 2676 1593
1082 2645 1163 2686 disp.
1184 2644 1224 2676 de
1243 2644 1366 2681 anima,
1392 2642 1543 2684 praeside
1567 2640 1762 2673 Lieblero
1786 2640 1865 2682 phil.
1890 2642 1960 2672 nat.

151 2689 253 2730 prof.;
281 2693 314 2722 et
338 2690 418 2731 disp.
447 2690 607 2733 logicam:
634 2692 674 2723 de
700 2692 989 2728 demonstratione.
1015 2702 1122 2733 praes.
1152 2692 1190 2724 A.
1211 2691 1427 2726 Planero,
1453 2689 1538 2721 med.
1569 2691 1602 2720 et
1626 2687 1742 2730 philos.
1769 2687 1960 2729 professore.
1999 2717 2004 2720 .

151 2735 283 2768 Marcus
307 2739 474 2778 proposuit
499 2747 530 2770 a.
560 2737 650 2770 1596
682 2739 831 2780 praeside
857 2739 1105 2771 Maestlino
1137 2739 1218 2779 disp.
1253 2738 1294 2770 de
1320 2737 1517 2778 Eclipsibus,
1552 2739 1585 2767 et
1616 2744 1722 2777 praes.
1751 2734 1964 2778 Zieglero
1994 2747 1999 2749 ·

154 2783 233 2823 disp.
260 2784 431 2825 physicam
457 2786 497 2818 de
523 2785 618 2818 Visu.

247 2875 283 2915 5)
310 2887 340 2918 p.
372 2877 424 2909 14.
474 2879 794 2921 christophorus
818 2879 1042 2916 Besoldus4
1077 2879 1213 2920 Kepleri
1243 2878 1351 2910 affinis
1386 2875 1475 2917 (vide
1499 2876 1612 2908 literas
1637 2874 1772 2908 Besoldi
1797 2875 1831 2907 in
1856 2873 1963 2916 praef.
2020 2894 2028 2923 ἐι.

154 2922 197 2954 ad
226 2922 340 2963 Opt.),
371 2925 530 2965 professor
567 2927 621 2958 ille
650 2927 869 2969 Tubingensis
907 2925 999 2967 (inde
1030 2927 1072 2959 ab
1102 2936 1188 2958 auno
1220 2922 1350 2964 1610),
1388 2925 1442 2966 qui
1475 2927 1607 2956 mutata
1640 2923 1704 2954 fide
1743 2931 1830 2954 anno
1877 2919 1965 2954 ¹630

154 2969 251 3006 clam,
277 2980 363 3002 auno
392 2970 480 3003 1634
506 2974 618 3014 palam
642 2975 815 3006 formulam
833 2974 1040 3007 catholicam
1059 2974 1227 3015 amplexus
1249 2976 1309 3004 est.
1349 2971 1548 3011 Disputatio,
1575 2979 1674 3012 quam
1691 2969 1771 3002 dicit
1787 2969 1962 3011 Keplerus,

154 3026 219 3048 non
243 3019 328 3057 typis
353 3019 511 3059 impressa
537 3030 607 3052 esse
633 3021 780 3058 videtum
806 3022 891 3053 redit
916 3022 960 3053 ad
986 3031 1061 3053 eam
1078 3020 1241 3062 Keplerus
1266 3019 1300 3050 in
1325 3018 1568 3050 Dissertatione
1594 3027 1668 3049 cum
1690 3018 1812 3048 nuncio
1837 3016 1962 3048 sidereo
2009 3016 2023 3096 g

156 3066 190 3094 et
213 3063 247 3094 in
270 3065 400 3095 Astron.
420 3065 554 3105 Lunari,
581 3067 720 3109 indeque
745 3072 850 3109 patet,
876 3068 1058 3109 Keplerum
1081 3068 1116 3099 in
1140 3067 1208 3103 illa,
1234 3063 1456 3108 Pythagoram
1483 3068 1516 3097 et
1533 3063 1744 3096 Plutarchum
1771 3062 1830 3104 (de
1847 3062 1962 3095 Lunae
2006 3096 2028 3112 Α

155 3108 257 3149 facie)
282 3115 445 3150 secutum,
476 3113 515 3144 de
541 3113 658 3146 Lunae
685 3124 835 3157 corpore,
863 3116 1019 3152 materia,
1045 3114 1161 3145 incolis
1185 3113 1310 3146 lusisse.
2003 3107 2028 3242 ἶ

2009 3206 2018 3223 Ί
