2028 3242
914 30 1024 75 caput
1045 31 1921 78 XIV-151

0 79 8 140 ι
125 133 285 175 nomiae
314 133 622 188 descriptionem
652 137 832 177 obtinere
865 138 1041 179 fortasse
1070 145 1240 192 possunt
1261 140 1363 180 hanc
1382 152 1557 188 causam,
1591 148 1806 194 propterea
1824 142 1929 195 quod

0 175 9 296 ξ
126 189 279 232 orbim
319 194 600 246 proportiones
637 196 906 247 investigandi
946 197 1057 237 nulla
1095 197 1178 238 illic
1217 198 1395 245 occasio,
1441 199 1590 239 nullum
1634 199 1927 242 adminiculum.

125 248 471 296 Quemadmodum
501 254 606 294 euim
638 254 709 302 iis,
741 255 806 321 qui
839 256 890 294 de
922 256 1035 295 novis
1063 256 1191 296 indiis
1222 257 1485 308 scripserunt,
1531 270 1647 297 nemo
1680 258 1798 299 facile
1828 272 1928 300 con·
2020 295 2026 308 ,

0 297 7 351 l
127 308 293 351 tradieit
318 310 388 364 qui
417 311 490 352 illa
519 312 611 353 loca
638 325 717 353 non
749 313 835 364 ipse
866 314 1072 359 lustravit,
1103 315 1161 355 sic
1192 315 1445 368 physicorum
1476 316 1722 357 ratiunculas
1751 317 1801 357 de
1829 331 1928 358 con·
2015 309 2020 325 ’

0 353 7 439 Ι
124 372 238 409 tactu
266 368 421 410 orbium
450 376 703 412 astronomus
724 371 899 438 rejicere
919 385 996 412 uon
1015 378 1164 426 potest,
1197 386 1311 426 quem
1337 374 1660 414 observationum
1679 375 1930 427 experientia
1970 327 2028 426 'fi

125 430 169 467 et
196 426 475 481 hypothesium
505 429 682 470 conditio
723 429 761 470 in
792 431 947 471 coelum
977 431 1108 484 ipsum
1142 432 1323 485 interque
1361 433 1479 472 orbes
1511 445 1589 472 non
1628 435 1773 474 evexit.
1833 434 1928 475 Jam

123 496 221 526 vcro
250 498 303 527 ex
331 485 544 540 Copernici
574 488 862 542 hypothesibus
886 495 930 530 et
959 503 1010 529 ex
1041 490 1110 531 illo
1130 490 1278 531 Terrae
1308 496 1420 532 motu
1445 491 1635 544 sequitur,
1669 493 1816 532 nullam
1837 506 1928 534 esse

125 543 279 586 orbi-m
313 545 531 588 vicinorum
572 546 858 595 differentiam,
902 561 1003 601 quae
1045 557 1124 590 non
1167 550 1303 590 multis
1346 550 1529 602 partibus
1573 550 1680 590 orbis
1723 551 1927 605 utriusque

124 602 464 646 commutem
504 612 679 674 superet.
741 607 877 660 Atque
921 607 1038 675 huj-us
1080 608 1138 649 rei
1181 621 1280 661 cape
1324 609 1548 659 exemplum
1592 622 1642 648 ex
1678 609 1850 650 Telluris
1886 617 1929 651 et

123 660 300 722 Veneris
326 663 504 711 orbibus,
532 664 584 704 iis
614 677 768 717 nempe,
802 665 867 718 qui
900 666 1101 706 minimum
1121 667 1172 707 ab
1203 667 1375 708 invicem
1399 667 1558 707 absunt.
1621 666 1810 713 Qualium
1829 669 1926 709 Tel-

121 720 220 762 lunis
249 734 276 762 a
302 727 443 762 centro
473 723 607 763 mnudi
638 723 836 774 distantia
865 725 1075 765 mediocris
1112 731 1177 766 est
1207 723 1284 774 60,
1316 726 1456 766 talium
1483 726 1657 765 Veneris
1696 727 1746 766 ab
1785 727 1926 767 eodem

123 778 322 821 dist-ntia
361 781 571 822 mediocris
615 794 659 820 es
662 788 681 822 t
713 780 851 836 43¹1„
896 784 1124 824 differentia
1168 781 1269 835 16⁵1,
1307 785 1507 836 scrupula.
1570 784 1664 825 Jam
1706 785 1842 825 Tellus
1887 786 1926 825 in

122 834 312 892 perigazo
341 841 628 894 appropinquat
668 841 812 881 Veneri
844 842 1040 894 scrupulis
1072 841 1099 882 2
1113 840 1179 897 ¹,l2
1223 844 1362 883 Venus
1393 844 1451 884 illi
1484 843 1642 883 obviam
1673 844 1855 895 procedit
1885 845 1926 884 in

118 909 302 950 apogaeo
332 899 528 951 scrupulis
558 899 696 940 itidem
728 896 835 951 272,
873 913 1027 941 summa
1057 900 1084 942 5
1116 902 1400 953 scrupulorum.
1463 902 1569 953 Ergo
1611 902 1820 942 duodecim
1858 916 1926 942 re-

122 956 249 997 siduis
285 958 482 1010 scrupulis
519 958 617 998 haec
655 960 731 999 duo
770 972 938 1012 corpora
980 960 1136 1001 distant
1173 961 1296 1000 etiam
1335 974 1424 1000 cum
1463 961 1649 1012 proxime,
1674 961 1724 1000 ab
1756 962 1924 1001 invicem

123 1015 283 1056 absunt.
343 1015 462 1063 Quod
498 1017 534 1057 si
565 1017 652 1069 quis
683 1017 757 1057 hoc
790 1018 1066 1059 intermedium
1103 1020 1277 1072 spatium
1316 1020 1503 1071 compleri
1543 1025 1703 1066 asserat
1739 1020 1927 1060 deferen-

122 1073 230 1115 tibm
271 1075 399 1116 nodos
441 1081 484 1116 et
517 1076 677 1116 circulis
716 1076 987 1125 latitudinum,
1033 1078 1067 1118 is
1104 1079 1277 1129 cogitet:
1322 1090 1441 1130 posse
1480 1091 1529 1117 ea
1565 1078 1697 1118 officia
1734 1078 1857 1118 etiam
1901 1092 1926 1118 a

124 1132 244 1184 longe
273 1133 519 1174 tenuioribus
551 1135 732 1182 orbibus,
771 1149 888 1188 quam
921 1137 986 1188 qni
1017 1143 1173 1177 tantum
1206 1137 1357 1177 hiatum
1389 1137 1597 1190 impleant,
1639 1137 1922 1184 administrari,

124 1203 254 1244 neque
283 1198 469 1234 naturam
500 1194 659 1233 immani
691 1194 793 1234 mole
825 1200 1027 1235 tantorum
1059 1196 1211 1236 orbium
1245 1197 1502 1236 onerandam.
1565 1194 1760 1241 Quamvis
1794 1197 1925 1236 hercle

126 1248 339 1304 Gopomici
377 1251 621 1304 hypotheses
658 1265 794 1292 omnes
833 1253 891 1293 ita
931 1253 1206 1307 comparatae,
1252 1255 1310 1294 ita
1348 1262 1467 1306 aptae
1506 1260 1617 1299 sunt,
1662 1254 1719 1293 ita
1756 1254 1924 1295 invicem

122 1308 365 1357 inserviunt,
407 1317 451 1350 ut
481 1311 588 1350 haud
614 1311 731 1350 facile
763 1312 843 1352 ullo
876 1312 995 1360 orbe,
1033 1314 1099 1364 qui
1125 1314 1230 1352 ultra
1259 1314 1447 1364 planetae
1481 1313 1585 1352 viam
1618 1318 1832 1364 evagatur,
1872 1314 1924 1353 ad

123 1372 255 1408 motus
283 1368 508 1409 reddendos
540 1369 718 1421 indigere
750 1370 968 1410 videamur.
1032 1371 1114 1411 Sed
1146 1366 1258 1420 esto,
1288 1378 1332 1411 ut
1363 1372 1401 1411 in
1434 1371 1664 1423 propinquis
1696 1371 1830 1422 spatia
1861 1372 1922 1411 his

121 1426 361 1480 impleantur
390 1427 571 1468 orbibus:
604 1441 753 1480 quaeso
785 1429 880 1469 illud
913 1431 1028 1481 quale
1059 1431 1114 1470 sit
1144 1431 1364 1470 videamus.
1429 1429 1528 1470 Cum
1556 1444 1579 1468 a
1598 1429 1788 1481 perigaea
1805 1429 1921 1470 Jovis

124 1483 321 1526 distantia
349 1486 402 1526 ad
433 1487 579 1527 Martis
610 1499 856 1539 apogaeam‚
891 1488 1010 1539 dupio
1043 1489 1199 1540 longius
1231 1494 1458 1529 numeretur
1488 1488 1679 1539 spatium,
1720 1501 1838 1540 quam
1870 1489 1920 1528 ab

122 1543 362 1596 ipsoMarte
392 1546 444 1586 ad
474 1551 654 1586 centrum
686 1547 818 1586 mundi
851 1546 986 1593 (Jovis
1013 1547 1118 1587 enim
1142 1547 1338 1587 distantia
1369 1547 1491 1599 tripla
1522 1553 1587 1586 est
1617 1547 1668 1586 ad
1696 1547 1921 1595 Martiam),

122 1613 269 1654 ergone
306 1603 359 1643 ad
400 1604 535 1656 pusilli
572 1605 758 1656 planetae
791 1605 858 1644 vix
896 1605 948 1645 ad
978 1618 1139 1646 sensum
1170 1606 1384 1646 variandas
1423 1605 1707 1655 motiunculas,
1752 1605 1790 1645 in
1832 1606 1921 1645 lon-

121 1673 227 1714 gum,
257 1661 298 1702 in
329 1661 467 1711 latum,
500 1668 627 1703 totum
659 1664 733 1704 hoc
764 1663 940 1715 spatium
972 1664 1091 1716 duplo
1123 1666 1297 1704 crassius
1328 1665 1435 1704 omni
1466 1665 1599 1703 Marte
1632 1664 1807 1715 repletur
1835 1669 1920 1704 tam

74 1720 365 1772 'portentosis
402 1721 592 1761 orbibus?
652 1722 766 1768 Quae
805 1723 903 1762 haec
941 1728 1109 1762 naturae
1148 1724 1348 1763 luxuries?
1397 1722 1528 1769 Quam
1570 1722 1733 1774 inepta?
1788 1721 1920 1769 Quam

121 1778 304 1820 inutilis?
351 1778 482 1826 Quam
513 1780 672 1820 minime
705 1781 779 1832 ipsi
813 1781 991 1821 usitata?
1051 1782 1187 1834 Atque
1220 1795 1269 1822 ex
1301 1782 1374 1822 hoc
1406 1782 1541 1822 videre
1573 1787 1655 1830 est,
1689 1781 1727 1820 in
1762 1780 1919 1833 Coper-

120 1836 211 1878 nico
239 1837 388 1879 nullum
420 1839 556 1879 orbem
587 1839 639 1879 ab
670 1841 748 1879 alio
788 1840 923 1892 tangi,
966 1839 1040 1880 sed
1072 1840 1249 1892 ingentia
1287 1841 1453 1893 relinqui
1497 1845 1759 1894 systematum
1789 1841 1918 1880 inter-

119 1896 231 1936 valla
258 1897 395 1949 utique
431 1897 550 1949 plena
580 1899 756 1938 coelesti*
777 1911 891 1946 aura,
936 1898 1008 1938 sed
1040 1900 1090 1939 ad
1124 1906 1304 1939 neutrum
1343 1906 1475 1940 tamen
1509 1899 1816 1951 propinquorum
1848 1913 1918 1952 sy-

118 1959 336 1996 stematum
376 1956 634 2008 pertinentia.
704 1957 938 2004 (Schemate
970 1955 1040 1998 22.
1084 1959 1136 1998 ob
1179 1959 1316 1998 oculos
1347 1970 1524 2010 propono
1568 1957 1641 1997 tibi
1683 1957 1837 1997 orbium
1879 1963 1921 1997 et

118 2011 422 2055 interstitiorum
465 2015 760 2066 magnitudines
804 2017 919 2067 juxta
954 2028 1072 2056 veras
1114 2017 1416 2069 proportiones:
1463 2017 1520 2056 uti
1562 2029 1633 2056 eae
1674 2017 1848 2056 numeris
1893 2030 1918 2056 a

120 2069 342 2124 Copernico
369 2085 585 2125 expressae
616 2080 722 2114 sunt.
738 2073 801 2123 Ι’))
850 2074 999 2115 Eorum
1029 2083 1166 2116 autem
1197 2076 1416 2127 spatiorum
1449 2088 1538 2115 cum
1569 2075 1681 2114 initio
1714 2074 1919 2126 professus

118 2129 197 2170 sim
225 2141 371 2171 causas
402 2143 454 2170 ex
483 2129 510 2172 5
541 2133 770 2184 corporibus
802 2133 982 2182 reddere,
1014 2146 1086 2174 cur
1115 2139 1232 2174 tanta
1262 2134 1422 2186 singula
1452 2134 1556 2173 inter
1586 2134 1701 2173 binos
1732 2133 1919 2185 planetas

118 2187 263 2229 relicta
291 2188 375 2229 sint
403 2202 442 2229 a
460 2187 654 2230 Creatore
686 2188 850 2244 Optimo
880 2191 1019 2240 Max„
1057 2205 1198 2244 nempe
1231 2192 1335 2244 quod
1366 2193 1548 2244 singulae
1579 2192 1730 2244 figurae
1762 2191 1921 2243 singula

119 2245 334 2287 intervalla
363 2247 550 2296 efficiant,
582 2249 788 2290 videamus
818 2250 948 2299 modo,
981 2263 1099 2302 quam
1130 2251 1170 2290 id
1202 2250 1375 2290 feliciter
1404 2256 1604 2290 tentatum
1631 2251 1696 2298 sit,
1730 2263 1918 2291 causam-

118 2317 195 2359 que
237 2305 340 2346 hanc
382 2318 516 2346 coram
555 2308 804 2348 astronomia
837 2308 974 2360 judice
1021 2316 1063 2348 et
1105 2309 1325 2360 interprete
1367 2308 1589 2361 Copernico
1634 2309 1917 2360 disceptemus.

119 2360 295 2405 Orbibus
325 2365 424 2417 ipsis
455 2370 612 2406 tantam
641 2367 820 2418 relinquo
851 2366 1088 2415 crassitiem,
1122 2373 1312 2419 quantam
1342 2367 1509 2419 requirit
1528 2379 1720 2407 ascensus
1745 2367 1917 2407 descen-
1954 2382 1983 2422 χχ
2022 2396 2028 2400 -

120 2434 266 2489 susque
295 2423 507 2476 planetae:
540 2437 640 2476 quae
672 2429 807 2464 tamen
837 2430 968 2465 utrum
998 2425 1184 2474 sufficiat,
1217 2426 1321 2465 infra
1351 2438 1438 2477 cap.
1466 2424 1540 2465 22.
1574 2425 1742 2465 videbis.
1800 2423 1952 2472 Quod

119 2479 156 2521 si
197 2481 346 2534 figurae
383 2482 620 2535 interjectae
652 2488 766 2531 sunt,
812 2488 878 2523 ιιι
886 2483 989 2523 dixi.
1034 2489 1194 2536 oportet
1230 2484 1350 2524 imam
1387 2484 1602 2535 superioris
1634 2484 1742 2523 orbis
1774 2497 1918 2536 super-

120 2539 248 2580 ficiem
284 2541 446 2594 aequari
487 2541 784 2593 circumscripto
820 2542 995 2594 figurae,
1040 2554 1231 2582 summam
1272 2541 1472 2582 inferioris
1512 2541 1724 2593 inscripto,
1768 2542 1918 2595 figuras

121 2602 255 2639 autem
285 2600 438 2640 censeri
470 2612 518 2639 eo
547 2600 698 2648 ordine,
730 2613 845 2652 quem
876 2612 998 2651 supra
1027 2600 1247 2640 rationibus
1278 2601 1545 2698 confirmaviL
1547 2598 1719 2698 ngarg

1533 2672 1547 2698 1
1579 2689 1588 2698 .
1654 2689 1663 2697 .
1722 2671 1859 2712 opern.

760 2715 902 2755 'Jovis
993 2714 1078 2755 577
1436 2714 1521 2758 635
1542 2715 1655 2768 'Cap
1717 2714 1759 2758 9.

335 2712 432 2876 “gli
491 2779 555 2814 est
591 2771 702 2814 1000
784 2773 932 2814 Martis
993 2722 1118 2879 333(
1182 2774 1242 2814 Αι
1274 2781 1339 2814 est
1398 2728 1519 2846 (333
1552 2773 1654 2826 Cap.
1692 2772 1758 2816 14.

147 2829 194 2872 Si
224 2831 306 2872 ima
338 2846 344 2858 f
452 2832 625 2872 debebat
640 2842 759 2872 esse'
785 2832 956 2872 Telluris
994 2829 1079 2872 795
1151 2833 1406 2873 secundum
1434 2831 1518 2875 757
1553 2831 1654 2885 Cap.
1691 2831 1758 2875 19.

337 2837 437 2994 ’ὃς
518 2903 673 2931 summa
787 2890 960 2930 Veneris
993 2887 1078 2930 795
1124 2889 1385 2942 Copernicum
1433 2889 1519 2933 794
1552 2890 1654 2944 Cap.
1686 2891 1738 2933 21
1775 2895 1811 2934 δι
1846 2891 1917 2934 22.

784 2948 972 2989 Mercurii
993 2947 1079 3046 {g}
1433 2949 1517 2992 723
1550 2949 1653 3003 Cap.
1685 2949 1755 2993 27.
1782 2949 1843 3000 ⁶⁰)

898 3007 963 3046 vel

2007 2546 2028 2574 Τ

2005 2581 2028 2611 ’,7
