2028 3242
153 75 240 119 380
717 77 852 110 Literae
877 77 1012 118 Kepleri
1046 77 1245 120 aliorumque
1268 82 1404 111 mutuae

154 181 253 223 facit
283 186 477 230 naturae,
525 181 704 221 admittit
735 186 869 222 tamen
901 182 1181 235 proportiones
1215 195 1291 223 non
1324 181 1525 232 ἐμμελεις,
1557 188 1601 225 ut
1638 180 1683 239 Ἰ,
1722 185 1794 226 διο.
1855 183 1960 237 Ego,

152 247 196 282 ut
228 241 407 281 auditum
437 241 676 281 instruerem
709 241 948 281 necessariis
981 241 1191 290 subsidiis,
1233 241 1374 294 quibus
1406 242 1450 281 inv
1475 243 1548 283 illa
1579 243 1792 293 latitudine
1823 244 1961 284 inten-

152 300 274 341 sionis
307 305 458 340 certum
491 300 652 353 aliquod
686 305 875 352 punctum
906 300 1145 342 verissimae
1178 301 1465 341 consonantiae
1498 303 1677 344 exaudiri
1707 307 1861 356 posset,
1895 302 1964 343 via

151 373 245 399 usus
278 373 367 400 sum
398 359 438 399 in
471 359 749 408 arithmetica,
782 360 821 399 in
856 359 1097 411 geometria,
1143 360 1182 399 in
1215 359 1430 400 stathmice
1463 360 1632 414 aliisque
1665 362 1845 403 scientiis
1875 362 1962 402 usi-

153 424 253 467 tata,
288 424 332 458 ut
364 418 521 459 scilicet
552 419 769 467 definirem,
803 419 894 471 quid
927 420 1017 471 plus
1050 424 1160 459 esset
1185 419 1314 469 justo,
1348 419 1442 473 quid
1473 420 1615 470 minus,
1648 421 1785 474 itaque
1811 425 1963 462 certum

151 479 364 527 haberem,
410 478 624 518 veritatem
669 478 845 518 residere
890 479 930 519 in
968 479 1112 520 medio,
1176 479 1223 519 Id
1256 483 1392 519 autem
1432 479 1490 520 sic
1522 479 1742 520 successit:
1794 485 1964 521 extensa

153 538 305 578 chorda
337 550 456 590 super
488 538 564 578 duo
599 537 786 590 ephippia
811 537 896 577 sive
917 538 1119 590 magadia,
1152 538 1211 578 sic
1243 543 1288 578 ut
1308 543 1473 579 sonaret
1490 539 1676 591 impulsa,
1709 543 1854 592 postea
1883 539 1961 579 ad-

152 597 259 636 hibui
294 597 455 637 tertium
501 596 728 648 ephippium
771 597 944 647 mobile,
990 602 1032 637 et
1060 602 1232 649 ‘partem
1276 597 1450 638 chordae
1483 597 1724 650 longiorem,
1770 611 1795 638 a
1824 597 1963 639 mobili

151 656 338 708 ephippio
371 656 648 704 terminatam,
693 655 910 696 identidem
941 656 1122 709 pulsavi,
1166 669 1331 709 cumque
1363 662 1453 697 tota
1484 657 1635 698 chorda
1665 658 1831 710 ejusque
1863 669 1962 698 sono

150 716 393 766 comparavi,
428 716 553 755 donec
587 715 746 755 auribus
783 714 982 755 videretur
1008 715 1198 755 constitui
1223 715 1328 756 inter
1348 721 1557 768 utramque
1583 716 1712 769 prima
1737 723 1780 757 et
1798 716 1963 758 minima
2025 762 2028 764 ,

150 775 425 824 consonantia,
459 775 563 814 inter
595 786 636 813 re
669 779 709 813 et
743 775 795 814 fa.
860 773 942 814 Sed
975 775 1068 826 quia
1099 787 1229 824 aures,
1263 781 1307 815 ut
1339 775 1433 823 dixi,
1467 775 1644 816 incertae
1664 776 1882 825 manebant
1909 775 1958 815 de

149 833 318 885 genuino
351 839 498 885 puncto
532 833 708 886 ephippii
739 833 916 880 mobilis,
957 846 1077 886 super
1115 846 1190 885 quo
1233 834 1499 874 constitueret
1523 835 1677 886 justam
1709 835 1884 876 chordae
1917 836 1967 874 fa‘

151 892 455 943 longitudinem,
495 893 585 933 ideo
617 892 775 948 pulsavi
808 893 930 932 etiam
963 894 1133 933 alteram
1167 893 1390 933 breviorem
1423 893 1594 934 chordae
1626 899 1809 946 partem,
1857 906 1959 946 quae

150 952 288 991 statim
322 952 559 992 dissonabat
591 966 615 991 a
646 957 735 991 tota
768 956 810 991 et
841 965 866 991 a
897 952 1048 1004 majore
1080 955 1208 1004 parte,
1243 952 1278 992 si
1312 953 1374 992 vel
1406 953 1530 992 hilum
1561 966 1586 992 a
1617 953 1789 1006 genuino
1809 957 1957 1005 puncto

150 1010 422 1051 recessissem.
475 1012 574 1052 Tres
600 1010 724 1063 igitur
754 1012 1062 1052 concordantias
1095 1011 1255 1051 auditus
1277 1024 1484 1063 quaerens,
1519 1025 1597 1052 non
1616 1012 1748 1064 potuit
1773 1012 1958 1052 aberrare

150 1084 174 1109 a,
199 1070 423 1122 justissimo
456 1077 624 1123 puncto;
657 1084 750 1111 nam
780 1083 876 1122 pars
909 1071 1050 1119 altera,
1085 1071 1241 1123 longior
1266 1071 1380 1122 justo
1402 1072 1558 1116 effecta,
1590 1071 1843 1124 relinquebat
1860 1069 1959 1112 reli-

152 1142 268 1181 quam
306 1130 419 1182 justo
453 1131 687 1172 breviorem.
750 1130 838 1170 Hoc
868 1135 989 1183 pacto
1030 1130 1188 1170 bisecta
1219 1129 1368 1170 chorda
1398 1130 1598 1183 exquisite
1629 1143 1701 1183 per
1733 1129 1959 1183 ephippium

149 1189 307 1235 mobile,
341 1189 545 1241 apparuit,
593 1203 682 1230 esse
714 1191 820 1230 inter
850 1194 986 1241 partes
1021 1189 1038 1230 1
1083 1194 1124 1230 et
1165 1188 1183 1229 1
1221 1189 1492 1238 unisonum,
1536 1189 1642 1230 inter
1671 1194 1828 1242 partem
1863 1189 1878 1230 1
1917 1193 1962 1230 et

149 1253 276 1288 totam
310 1246 349 1297 2,
385 1249 621 1301 diapason
654 1249 915 1298 harmoniam,
951 1262 1052 1302 quae
1085 1248 1273 1289 facillime
1307 1248 1548 1301 dijudicatur
1566 1248 1618 1289 ab
1644 1249 1821 1298 auribus,
1855 1247 1960 1289 sicut

149 1307 337 1359 spatium,
372 1309 421 1347 ab
456 1309 642 1361 ephippio
675 1309 811 1349 mobili
844 1308 1027 1369 divisum,
1061 1307 1363 1360 expeditissime
1384 1307 1568 1348 manibus
1599 1313 1641 1348 et
1662 1308 1821 1348 circinis
1841 1320 1955 1348 men-

149 1371 326 1415 suratur,
370 1381 419 1406 an
453 1367 493 1408 in
527 1369 603 1409 duo
634 1374 744 1409 recte
783 1368 838 1408 sit
870 1373 1036 1408 sectum.
1101 1367 1147 1408 Si
1179 1379 1273 1419 ergo
1310 1368 1416 1407 inter
1447 1368 1618 1408 chordas
1650 1367 1898 1419 longitudine
1934 1365 1953 1408 1

149 1430 190 1465 et
221 1424 247 1465 2
281 1431 345 1466 est
377 1426 593 1479 diapason,
637 1434 732 1468 tunc
765 1427 914 1468 chorda
947 1440 1017 1467 seu
1050 1427 1182 1480 spatio
1214 1427 1253 1466 in
1286 1424 1312 1467 3
1345 1427 1496 1476 diviso,
1530 1432 1572 1467 et
1603 1427 1790 1480 ephippio
1821 1425 1960 1467 mobili

150 1485 200 1524 ad
248 1491 436 1537 punctum
480 1500 599 1527 unum
645 1487 873 1540 applicato,
920 1486 998 1527 erit
1040 1487 1146 1527 inter
1188 1491 1326 1538 partes
1366 1485 1380 1525 l
1420 1491 1460 1526 et
1491 1485 1518 1527 2
1550 1493 1706 1526 rursum
1749 1485 1958 1539 diapason.

149 1544 257 1584 Tunc
301 1546 418 1596 pulsa
461 1551 577 1599 parte
610 1545 637 1587 2
678 1552 720 1587 et
750 1551 838 1586 tota
871 1544 920 1596 3,
967 1546 1128 1587 auribus
1168 1545 1342 1587 occurrit
1379 1545 1675 1598 perfectissima
1715 1545 1958 1598 diapente,

148 1615 266 1655 quam
298 1605 471 1644 fortasse
505 1618 581 1645 non
613 1606 673 1646 ita
706 1605 902 1658 exquisite
937 1610 1222 1658 agnoscerent,
1268 1605 1346 1644 nisi
1382 1610 1521 1657 partes
1559 1604 1732 1645 chordae
1769 1604 1880 1656 prius
1917 1603 1969 1644 in‘

148 1663 355 1714 diapason,
389 1670 434 1704 ut
465 1665 560 1714 dixi,
596 1666 834 1705 conciliatae
869 1670 1019 1714 essent,
1054 1665 1133 1705 etsi
1165 1665 1351 1716 diapente
1383 1669 1477 1716 post
1508 1664 1702 1716 diapason
1733 1662 1958 1716 expeditis-

149 1721 245 1761 sime
279 1723 520 1774 dijudicatur
553 1725 603 1764 ab
636 1725 810 1765 auribus.
874 1723 943 1764 Sic
973 1725 1092 1775 pulsa
1122 1729 1239 1776 parte
1276 1722 1292 1763 1
1331 1728 1373 1763 et
1402 1728 1492 1763 tota
1524 1722 1564 1772 3,
1597 1722 1771 1764 occurrit
1795 1721 1957 1763 auribus

147 1782 444 1832 perfectissima
490 1783 718 1835 diapente
764 1783 1100 1835 epidiapason
1143 1782 1365 1823 harmonia.
1437 1781 1573 1823 Causa
1608 1786 1750 1834 patet:
1795 1793 1887 1822 nam
1935 1780 1954 1821 1

148 1853 237 1880 cum
269 1839 295 1880 2
329 1846 393 1881 est
425 1843 630 1894 diapason,
665 1841 691 1882 2
725 1856 814 1882 cum
846 1841 871 1883 3
906 1847 970 1882 est
1002 1842 1203 1894 diapente,
1239 1854 1332 1893 ergo
1369 1841 1387 1882 1
1425 1854 1514 1881 cum
1547 1839 1572 1882 3
1605 1846 1668 1882 est
1697 1841 1884 1893 diapente
1917 1845 1960 1880 et

148 1899 358 1950 diapason.
422 1901 497 1940 Hic
525 1902 612 1953 jam
657 1902 914 1942 ratiocinatio
957 1901 1147 1941 dividitur
1186 1901 1223 1940 in
1257 1902 1355 1940 duos
1388 1913 1536 1941 ramos,
1599 1900 1706 1940 Nam
1737 1900 1772 1939 si
1802 1911 1898 1952 pars
1930 1897 1959 1939 2

151 1971 240 1997 cum
274 1964 363 1998 tota
396 1957 421 1999 3
456 1961 753 2013 est·diapente,
788 1966 876 2000 tota
909 1973 1004 2012 ergo
1037 1961 1076 2000 in
1110 1958 1136 2000 5
1170 1960 1321 2008 divisa,
1356 1959 1434 2000 erit
1463 1964 1506 1999 et
1537 1971 1631 2011 pars
1662 1957 1690 1998 2
1723 1971 1811 1999 cum
1841 1963 1957 2010 parte

148 2014 172 2056 3
208 2017 419 2068 diapente-3
454 2020 504 2059 ad
538 2032 657 2071 quam
690 2021 984 2071 agnoscendam
1017 2032 1133 2059 aures
1161 2019 1247 2070 jam
1279 2019 1454 2058 numeris
1486 2018 1549 2058 his
1581 2017 1608 2058 2
1641 2022 1683 2057 et
1713 2015 1755 2066 3,
1787 2023 1832 2057 et
1850 2017 1956 2057 divi-

149 2076 259 2115 sione
295 2077 415 2128 spatii
447 2078 486 2116 in
520 2077 545 2119 5
580 2079 765 2131 aequalia
796 2092 867 2132 pro
902 2078 1139 2118 adminiculo
1174 2083 1354 2126 utuntur,
1395 2078 1430 2118 si
1467 2090 1539 2130 per
1571 2089 1614 2117 se
1647 2089 1726 2116 non
1758 2089 1957 2129 agnosce-

148 2140 238 2174 rent
270 2134 396 2176 illam.
459 2138 584 2177 Pulsa
614 2150 709 2178 vero
743 2138 891 2178 chorda
923 2144 1012 2178 tota
1033 2135 1057 2178 5
1094 2143 1134 2177 et
1153 2142 1270 2190 parte
1304 2136 1342 2185 3,
1378 2150 1493 2177 aures
1515 2139 1739 2188 agnoscunt
1769 2141 1959 2176 sextam

149 2194 312 2233 duram
347 2195 430 2236 sive
463 2197 667 2248 majorem.
731 2197 798 2237 Sic
830 2198 947 2249 pulsa
978 2202 1094 2249 parte
1129 2195 1155 2236 2
1189 2201 1230 2236 et
1261 2202 1350 2236 tota
1382 2195 1430 2244 5,
1466 2199 1633 2236 necesse
1665 2199 1747 2244 est,
1782 2195 1958 2235 existere

148 2254 410 2304 compositam
445 2268 464 2293 e
498 2261 616 2295 sexta
649 2260 689 2296 et
721 2256 884 2308 quinta,
931 2257 1042 2305 sive,
1089 2256 1192 2308 quod
1223 2255 1329 2295 idem
1362 2260 1449 2304 est,
1495 2267 1547 2295 ex
1579 2253 1701 2294 tertia
1732 2254 1884 2306 majore
1917 2258 1960 2293 et

149 2312 356 2365 diapason.
422 2314 497 2354 Hic
529 2328 664 2355 ramus
698 2315 1016 2356 ratiocinationis
1049 2328 1203 2354 rursum
1243 2314 1523 2355 subdividitur.
1586 2312 1633 2353 Si
1664 2312 1769 2353 enim
1800 2325 1896 2365 pars
1930 2309 1956 2352 3

150 2384 238 2410 cum
272 2372 296 2411 5
331 2378 418 2413 tota
451 2379 670 2423 consonat,
718 2388 811 2427 ergo
845 2375 974 2415 divisa
1005 2379 1094 2414 tota
1132 2375 1170 2414 in
1205 2373 1256 2422 8,
1303 2375 1425 2414 etiam
1463 2372 1489 2413 3
1521 2385 1615 2425 pars
1654 2377 1741 2412 cum
1781 2370 1807 2412 5
1838 2376 1956 2424 parte

149 2432 388 2471 consonabit
420 2431 467 2472 δι’
491 2430 540 2480 ἑξ
570 2434 837 2485 majorem3
871 2440 912 2474 et
943 2440 1049 2482 tnnc,
1083 2434 1200 2485 pulsa
1221 2437 1336 2486 parte
1364 2432 1389 2473 5
1416 2438 1458 2473 et
1478 2437 1568 2472 tota
1591 2430 1632 2480 8,
1666 2443 1783 2470 aures
1803 2442 1955 2482 agnos-

149 2495 243 2529 cunt
276 2490 323 2529 δι’
347 2489 394 2538 ἐξ
425 2492 684 2540 minorem,
718 2506 835 2545 quam
868 2507 946 2533 non
978 2493 1035 2533 ita
1055 2492 1253 2545 exquisite
1275 2493 1435 2532 definire
1454 2496 1623 2544 possent
1649 2489 1690 2529 in
1710 2489 1958 2542 assignanda

149 2549 270 2599 spatii
304 2551 542 2603 quantitate,
577 2553 679 2592 citra
698 2554 1005 2604 praecedentem
1025 2552 1260 2592 divisionem
1281 2551 1403 2603 spatii
1424 2550 1546 2591 totius
1565 2549 1604 2588 in
1625 2546 1665 2597 8,
1698 2547 1749 2587 ob
1771 2547 1956 2588 latitudi-

150 2620 252 2653 nem,
284 2613 328 2647 ut
348 2610 442 2658 dixi,
477 2611 649 2651 auditus.
703 2611 771 2652 Sic
803 2613 920 2663 pulsa
939 2616 1056 2664 parte
1078 2609 1103 2652 3
1137 2615 1178 2650 et
1209 2616 1297 2651 tota
1327 2608 1355 2650 8
1374 2619 1622 2662 consequens
1655 2612 1731 2654 est,
1764 2612 1813 2647 ut·
1829 2619 1956 2647 exau-

155 2665 289 2706 diatur
322 2670 543 2720 composita
576 2684 596 2709 e
630 2676 748 2710 sexta
778 2671 922 2722 majori
955 2676 995 2710 et
1027 2675 1144 2710 sexta
1163 2669 1316 2718 minori,
1351 2669 1434 2709 sive
1456 2681 1505 2708 ex
1526 2671 1668 2719 quarta
1687 2670 1727 2706 et
1747 2666 1955 2717 diapason.

150 2724 226 2764 IIic
254 2725 339 2776 jam
373 2739 657 2779 progressuros
703 2730 991 2770 subdividendo
1036 2729 1380 2769 ratiocinationem
1421 2727 1625 2780 excipiunt
1665 2724 1954 2766 dissonantiae.

149 2783 254 2823 Nam
287 2785 378 2836 quia
411 2799 503 2837 pars
537 2787 562 2828 3
597 2793 637 2827 et
668 2793 757 2829 tota
788 2789 815 2831 8
847 2794 1094 2833 consonant,
1141 2793 1185 2828 ut
1217 2787 1318 2836 dixi,
1365 2792 1453 2826 tota
1483 2786 1606 2838 igitur
1649 2784 1688 2823 in
1727 2783 1770 2823 11
1810 2783 1953 2830 divisa,

148 2855 243 2894 pars
281 2841 305 2883 3
341 2849 382 2883 et
412 2858 506 2896 pars
539 2845 565 2887 8
599 2849 874 2888 consonabunt
913 2848 1123 2895 similiter:
1175 2852 1218 2887 at
1249 2851 1338 2887 tota
1374 2844 1420 2885 11
1466 2850 1509 2884 et
1547 2848 1662 2895 parte
1702 2842 1896 2882 utralibet
1927 2840 1953 2882 3

150 2902 213 2940 vel
246 2900 272 2941 8
303 2903 439 2954 pulsa,
480 2918 595 2944 aures
629 2907 881 2947 offenduntur
923 2911 1223 2959 agnoscuntque
1257 2904 1559 2946 dissonantiam.
1622 2901 1702 2949 δίο,
1738 2901 1829 2954 quia
1858 2913 1954 2953 pars

151 2959 175 2999 5
211 2965 250 2999 et
283 2965 369 3000 tota
400 2961 427 3003 8
460 2970 693 3014 consonant,
728 2971 817 3006 tota
848 2966 970 3015 igitur
999 2966 1039 3006 in
1076 2964 1127 3006 13
1151 2966 1291 3014 divisa,
1324 2976 1418 3015 pars
1452 2960 1478 3003 5
1510 2968 1552 3002 et
1582 2973 1676 3014 pars
1709 2957 1737 3000 8
1769 2959 1956 3000 similiter

151 3020 437 3069 consonabunt,
472 3027 515 3061 at
546 3035 685 3063 sonum
718 3022 744 3065 5
778 3026 841 3064 vel
873 3023 901 3065 8
933 3037 1020 3065 cum
1053 3037 1149 3064 sono
1181 3024 1304 3064 totius
1341 3020 1393 3062 13
1426 3026 1699 3074 comparatum
1732 3031 1850 3059 aures
1881 3030 1951 3058 re·-

2006 3195 2023 3242 πω
2000 2599 2028 3187 drumm-„—
2026 2580 2028 2585 .
2026 2551 2028 2556 .
