2028 3242
815 68 932 99 coum
956 62 1083 100 Unum.
1744 88 1749 91 κ
1770 60 1853 104 271

48 171 143 223 quin
168 170 210 214 in
241 182 358 214 suum
386 182 485 221 opus
517 183 587 211 eos
620 171 868 211 transferret.
932 169 1072 220 Itaque
1090 184 1097 188 ⁷-
1110 169 1159 206 de
1186 180 1320 208 eorum
1353 167 1558 208 sententia.
1589 166 1725 208 Solem
1757 180 1856 208 cen-

48 237 153 273 trum
188 228 286 270 fecit
324 229 479 269 orbium
518 229 690 269 Veneris
727 236 768 268 et
805 227 1010 268 Mercurii.
1050 271 1054 275 ,
1082 225 1165 266 Sed
1202 226 1350 274 Ursus,
1395 226 1462 278 qni
1501 225 1625 268 Mart.
1661 225 1854 279 Capellae

48 287 247 340 dogmatis
276 287 464 328 notitiam
498 288 562 328 uni
594 285 816 340 Copernico
846 292 1057 349 acceptam
1088 285 1185 333 fert,
1232 290 1458 325 ceterorum
1490 284 1732 326 mentionem
1763 286 1855 327 nul-

49 347 127 389 lam
158 346 270 392 facit,
300 346 545 387 Mattianum
565 346 733 398 primum
751 351 964 386 auctorem
984 343 1239 384 existimans:
1273 355 1419 395 magno
1439 343 1687 384 incommodo
1708 357 1856 386 causae

47 418 158 447 suae.
219 403 422 452 Quantum
460 405 565 446 enim
604 404 770 445 fecisset
799 405 851 444 ad
882 403 1078 456 speciem,
1112 414 1229 455 quam
1262 401 1299 441 in
1332 401 1562 442 auctoribus
1604 408 1647 442 et
1676 403 1854 456 antiqui-

48 469 134 506 tate
164 463 298 505 studio
329 464 542 516 quaesivit,
572 463 606 503 si
637 463 840 503 Martiano
871 461 1134 508 Macrobium,
1166 460 1199 500 si
1220 460 1429 501 Macrobio
1448 460 1633 510 Plinium,
1665 462 1699 502 si
1725 462 1854 502 Plinio

46 523 272 564 Vitruvium
312 523 622 576 anteposuisset.
682 522 788 563 Nam
825 528 868 562 et
904 521 967 561 hic
1012 520 1051 560 in
1090 519 1370 560 astronomicis
1406 519 1541 559 Plinio
1581 520 1620 560 in
1661 523 1854 572 praedam

46 582 182 631 cessit,
214 587 260 623 nt
276 581 429 624 Plinius
449 582 666 623 Martiano.
730 579 835 627 Quin
856 580 935 621 imo
955 593 1003 619 ne
1028 579 1235 620 Vitruvius
1265 578 1421 631 quidem
1455 585 1594 619 auctor
1626 585 1690 619 est
1715 587 1852 620 astro-

46 642 284 682 nomicornm
319 640 569 692 dogmatum,
610 652 712 693 quae
744 646 927 680 recenset
963 638 1002 678 in
1034 650 1152 690 opere
1191 650 1276 678 suo.
1341 635 1447 684 Quid
1486 637 1591 678 euim
1631 638 1852 680 architecto

45 713 133 740 cum
162 699 434 741 astronomia?
494 699 583 740 Non
616 699 703 751 agit
734 704 1005 738 astronomum
1036 710 1086 737 ex
1110 697 1292 749 professo
1314 695 1536 745 Vitruvius,
1568 697 1643 737 sed
1662 697 1715 738 ad
1734 711 1846 739 com-

45 757 338 799 mendationem
374 764 416 798 ot
449 758 742 810 jucunditatem
779 757 911 808 operis
948 756 1159 796 occasione
1191 760 1359 807 captata
1395 767 1483 796 cum
1524 755 1606 796 alia
1637 769 1731 796 rara
1768 764 1853 798 tum

45 817 313 858 astronomica
343 817 503 857 aliunde
533 817 663 868 petita
694 816 967 868 interspergit.
1028 814 1256 856 Macrobius
1281 826 1375 854 vero
1407 819 1450 854 et
1480 819 1596 855 vetus
1625 815 1676 855 ad
1697 815 1854 856 Bedam

45 876 350 922 commentarius
382 877 483 915 hane
515 876 738 927 opinionem
770 875 847 927 ipsi
869 874 1030 915 Platoni
1062 874 1215 922 tribuit,
1251 881 1450 925 utcunque
1475 886 1565 913 eam
1595 887 1851 916 successores

45 936 128 987 ejus
158 934 358 975 Platonici
389 935 718 987 quemadmodum
762 934 846 974 alia
876 934 1007 974 multa
1045 932 1307 985 corruperint.
1369 932 1454 972 hno
1486 932 1592 973 idem
1621 933 1854 975 Macrobius

45 994 211 1034 eandem
241 994 499 1037 traditionem
531 993 583 1032 ad
614 993 723 1045 ipsos
756 992 982 1045 Aegyptios
1014 992 1151 1039 refert,
1183 997 1226 1031 ut
1257 991 1315 1031 ita
1345 1003 1446 1043 pene
1478 1003 1567 1032 cum
1597 991 1686 1044 ipsa
1716 998 1852 1033 astro-

45 1053 176 1093 nomia
215 1058 314 1092 nata
351 1051 484 1092 fuerit.
548 1052 661 1092 Hanc
699 1052 836 1103 itaque
873 1051 1066 1107 praedam
1097 1051 1224 1092 Ursus
1255 1063 1276 1090 e
1316 1049 1418 1090 rictu
1455 1050 1610 1100 amisit,
1656 1051 1748 1092 dum
1785 1052 1853 1093 vix

42 1116 257 1164 conspecto
287 1111 408 1151 Mart.
444 1109 635 1162 Capellae
678 1111 833 1151 nomine
870 1111 910 1150 in
943 1109 1177 1163 Copernico,
1222 1109 1261 1149 in
1293 1109 1367 1149 hoc
1399 1122 1519 1149 unum
1562 1109 1741 1151 intentus
1773 1117 1851 1161 est,

43 1183 90 1212 ue
122 1170 278 1222 quidem
299 1168 511 1221 Copernici
541 1170 826 1210 iudicationem
856 1169 1100 1221 expendens.
1163 1167 1405 1215 Quaesisset
1430 1168 1534 1208 enim
1565 1169 1722 1219 saltem,
1757 1171 1849 1223 qui-

43 1242 135 1269 nam
166 1234 303 1268 essent
333 1228 391 1268 illi
423 1228 492 1269 alii
523 1229 770 1275 Latinorum,
799 1241 896 1280 quos
930 1228 1037 1268 idem
1068 1240 1156 1268 cum
1175 1226 1378 1267 Martiano
1414 1227 1728 1282 „percalluisse“
1763 1228 1848 1270 Co-

41 1288 223 1340 pei-nicus
255 1287 449 1339 affirmat3
482 1288 708 1339 quaesisset
729 1287 936 1338 cujusnam
969 1300 990 1326 e
1013 1287 1172 1327 Latinis
1198 1286 1426 1326 auctoribus
1448 1294 1586 1326 essent
1610 1287 1680 1328 illa
1702 1288 1849 1328 verba:

45 1359 288 1395 „conversas
320 1345 511 1388 absidas“
545 1359 646 1398 quae
680 1345 925 1397 Copernicus
959 1359 980 1385 e
1016 1345 1144 1386 Plinio
1177 1344 1470 1398 transscripsit.

160 1405 303 1447 Placet
332 1417 424 1445 vero
457 1405 506 1445 de
538 1406 613 1445 hac
645 1405 750 1445 circa
771 1405 970 1444 Venerem
1003 1410 1045 1444 et
1063 1404 1302 1445 Mercurium
1322 1403 1536 1457 hypothesi
1566 1403 1690 1447 verba
1709 1409 1848 1447 trans-

43 1463 230 1512 seribere,
263 1469 309 1503 ut
337 1476 437 1516 quae
462 1464 550 1515 jam
583 1464 664 1504 dixi
698 1464 916 1504 luculenter
944 1469 1184 1516 appareant.
1249 1461 1442 1514 Capellae
1465 1462 1591 1503 verba
1620 1463 1731 1506 clara
1754 1470 1849 1505 sunt

43 1535 93 1565 ex
122 1522 192 1569 lib.
225 1522 363 1564 VIIL:
404 1523 527 1571 „Tria
557 1523 652 1563 item
684 1535 732 1563 ex
765 1522 825 1562 his
857 1535 944 1563 cum
977 1522 1071 1562 Sole
1104 1522 1296 1573 Lunaque
1328 1522 1462 1562 orbem
1496 1522 1643 1563 Terrae
1675 1522 1846 1564 eircum-
1885 1569 1888 1573 Α

43 1587 149 1630 eunt,
183 1581 216 1630 ῼ
247 1594 342 1623 vero
367 1587 410 1622 et
440 1584 467 1632 ζῖ
498 1594 575 1622 non
606 1581 785 1622 ambiunt
816 1582 1020 1622 Terram.'·‘
1085 1581 1138 1620 Et
1157 1580 1296 1632 paucis
1326 1580 1575 1633 interjectis:
1611 1593 1730 1629 „nam
1752 1581 1848 1623 licet

42 1645 153 1684 ortus
184 1653 426 1693 occasusque
457 1641 709 1692 quotidianos
741 1641 975 1689 ostendant,
1009 1647 1143 1680 tamen
1175 1652 1311 1679 eorum
1341 1639 1478 1680 circuli
1510 1640 1656 1681 Terras
1688 1640 1846 1683 omnino

43 1711 118 1747 non
149 1698 345 1747 ambiunt,
388 1699 459 1739 sed
490 1700 599 1740 circa
629 1699 766 1740 Solem
806 1699 957 1739 laxiore
991 1699 1143 1739 ambitu
1184 1699 1438 1739 circulantur.
1501 1699 1682 1752 Denique
1715 1699 1846 1742 circu-

44 1758 167 1801 lorum
205 1770 365 1802 suorum
401 1764 564 1799 centron
602 1759 642 1798 in
674 1757 768 1798 Sole
807 1759 1076 1806 constituunt,
1112 1758 1183 1798 rita
1225 1763 1269 1798 ut
1301 1770 1421 1810 supra
1453 1758 1581 1811 ipsum
1618 1757 1847 1810 aliquando,

42 1817 146 1856 infra
173 1817 403 1870 plerumque
439 1817 741 1869 propinquiores
773 1817 907 1857 Terris
947 1818 1165 1857 ferantur.“
1230 1817 1340 1856 Infra
1370 1829 1485 1864 vero,
1529 1829 1616 1858 cum
1652 1817 1764 1870 prius
1796 1818 1847 1859 de

45 1876 157 1917 Luna
185 1882 230 1916 et
257 1874 354 1916 Sole
385 1877 607 1928 mutuisque
645 1876 684 1916 in
716 1889 806 1916 sese
838 1884 880 1915 et
912 1876 950 1916 in
983 1877 1109 1916 Terra
1138 1875 1349 1916 affectibus
1389 1876 1560 1927 egisset,
1594 1876 1743 1916 ordinis
1774 1890 1844 1916 ra·-

42 1934 150 1975 tione
180 1935 234 1975 ad
263 1947 333 1974 eos
363 1935 563 1986 pervenit,
609 1935 702 1987 „qui
734 1936 840 1976 circa
871 1934 1007 1975 Solem
1047 1935 1327 1987 peragratione
1360 1935 1560 1975 mundana
1590 1935 1843 1986 volvuntur,“

45 1993 78 2040 ῼ
109 1999 152 2035 et
170 1995 219 2044 ζὲ,
239 2005 416 2046 ,quorum
448 1993 643 2041 „circulos
664 1994 863 2047 epicyclos
885 2007 988 2043 esse,
1022 1993 1304 2046 superioribus,
1338 1994 1408 2038 ait,
1440 1995 1725 2042 memorasse,“
1759 1995 1786 2035 i.
1808 2008 1845 2036 e.

47 2063 150 2100 „non
182 2053 287 2093 intra
317 2051 508 2092 ambitum
539 2053 738 2104 proprium
770 2053 1054 2096 rotunditatem
1081 2052 1252 2092 Telluris
1284 2051 1500 2100 includere,
1532 2053 1602 2093 sed
1635 2054 1685 2094 de
1716 2054 1844 2093 latere

44 2111 191 2150 Terrae
234 2111 521 2162 quodammodo
566 2111 848 2151 circumduci.“
918 2113 963 2152 In
1012 2124 1088 2164 quo
1133 2111 1309 2164 epicyclo
1355 2112 1550 2164 quomodo
1594 2118 1843 2162 moveantur,

44 2168 239 2213 infra-in,
259 2169 418 2208 Venere
457 2170 637 2210 declarat
666 2170 727 2209 his
759 2170 913 2209 verbis:
958 2170 1027 2218 „in
1061 2183 1132 2210 suo
1169 2170 1305 2222 posita
1335 2170 1482 2211 circulo
1515 2183 1603 2212 eum
1632 2171 1747 2211 varia
1778 2172 1843 2212 di-

42 2227 237 2267 versitate
268 2227 504 2275 circumdat,
549 2228 640 2279 quia
670 2228 884 2280 aliquando
921 2241 1010 2268 eum
1041 2228 1297 2277 transcurrit,
1342 2229 1556 2282 aliquando
1588 2230 1845 2282 subsequitur

43 2298 117 2325 nec
147 2286 458 2337 comprehendit,
492 2286 704 2337 aliqnando
737 2287 996 2338 superfertur,
1028 2299 1305 2339 nonnunquam
1327 2288 1555 2340 subjacet.“
1586 2289 1699 2329 Haec
1719 2289 1845 2328 verba

43 2350 85 2384 et
114 2344 341 2385 sententiae
374 2345 568 2396 quomodo
601 2345 813 2396 desumpta
844 2345 925 2384 sint
955 2358 1007 2384 ex
1037 2346 1127 2385 aliis
1152 2346 1242 2397 jam
1271 2346 1443 2397 patebit.

157 2403 280 2444 Plinii
310 2416 423 2443 mens
453 2403 491 2442 in
525 2403 709 2454 ambiguo
741 2409 805 2443 est
836 2416 924 2443 cum
952 2404 1161 2444 verborum
1187 2404 1433 2445 obscuritate
1465 2411 1550 2445 tum
1583 2405 1844 2457 interpretum

43 2462 81 2501 in
112 2461 187 2501 hoc
218 2462 378 2514 negotio
404 2461 658 2501 auctoritate.
723 2462 870 2501 Valido
889 2462 1081 2513 probatur
1112 2468 1345 2514 argumento
1377 2475 1428 2502 ex
1446 2476 1536 2515 cap.
1558 2463 1674 2504 VIII.
1697 2464 1765 2505 lib.
1786 2465 1843 2504 11.

44 2519 236 2572 Capellae
275 2526 448 2560 mentem
479 2520 608 2572 Plinio
646 2532 723 2559 non
765 2520 888 2560 fuisse
925 2526 1189 2572 perspectam.
1252 2521 1312 2560 Eo
1349 2534 1489 2574 nempe
1534 2522 1622 2561 loco
1666 2535 1755 2563 cum
1794 2535 1845 2561 ex

41 2580 224 2630 professo
254 2580 448 2631 sphaeras
480 2579 702 2626 ordinaret,
737 2579 873 2627 „infra
901 2578 1049 2632 Solem,
1082 2579 1221 2632 inquit,
1256 2579 1381 2620 ambit
1399 2581 1539 2632 ingens
1561 2580 1671 2620 sidus
1698 2582 1842 2633 appel-

44 2639 169 2677 latum
188 2637 405 2677 Veneris.“
464 2637 521 2677 Et
561 2637 679 2689 paulo
710 2643 806 2689 post
835 2637 1082 2688 „proximum
1117 2638 1266 2678 Veneri
1297 2638 1406 2678 sidus
1437 2639 1625 2678 Mercurii
1655 2639 1842 2680 inferiore

42 2695 188 2736 circulo
207 2696 387 2736 .fertur.“

160 2754 429 2795 Retinuerunt
457 2754 556 2793 haee
588 2753 711 2792 verba
744 2753 1023 2802 Collimitium,
1062 2753 1305 2804 Zieglerum,
1338 2754 1562 2807 Mycillum,
1601 2753 1842 2807 interpretes

42 2812 162 2853 Plinii
191 2826 271 2855 non
301 2813 510 2861 immerito,
544 2825 619 2864 quo
652 2812 780 2852 minus
812 2812 992 2860 inferius,
1025 2824 1114 2852 cum
1145 2813 1184 2851 in
1205 2813 1340 2864 specie
1365 2812 1519 2853 Plinius
1539 2812 1588 2852 de
1609 2810 1770 2855 Venere
1801 2820 1844 2859 et

42 2871 239 2913 Mercurio
277 2872 401 2911 verba
437 2871 552 2919 facit,
598 2871 636 2910 in
667 2870 796 2911 Plinio
838 2869 1046 2921 Capellam
1084 2883 1302 2922 agnoscere
1339 2870 1502 2912 vellent.
1567 2870 1670 2912 Sunt
1706 2878 1842 2914 autem
1917 2878 1925 2883 ‘

32 2929 144 2971 ,haec
174 2943 224 2970 ex
248 2942 335 2980 cap.
366 2929 532 2970 XVIL:
578 2929 783 2978 „Primum
814 2928 934 2980 igitur
966 2929 1143 2973 dicatur,
1175 2942 1244 2969 cur
1274 2928 1315 2968 hi
1346 2929 1422 2968 duo
1454 2942 1652 2983 nunquam
1683 2931 1840 2983 longius

46 3001 73 3026 a
102 2987 197 3027 Sole
228 2988 462 3035 abscedant,
493 3000 615 3039 saepe
646 2988 698 3027 ad
723 2987 859 3027 Solem
888 2987 1159 3039 reciprocent?
1221 2986 1449 3028 Conversas
1467 2987 1620 3031 habent
1649 2994 1841 3043 utraeque

45 3045 208 3087 absidas
240 3052 284 3091 ut
312 3045 419 3088 infra
449 3045 586 3087 Solem
616 3045 734 3098 sitae,
767 3050 999 3098 tantumque
1031 3045 1190 3087 circulis
1221 3058 1357 3087 earum
1387 3047 1525 3089 subter
1556 3052 1620 3089 est
1650 3048 1845 3102 quantum
