1982 3268
175 131 191 172 1
200 130 227 174 8
962 132 1176 164 Prooemium.

507 237 546 270 In
571 237 759 280 Copemico.
866 237 1059 281 Prosthaph.
1124 238 1163 270 In
1180 237 1275 270 modo
1293 239 1457 271 correctis.
1557 237 1665 272 Prsth.
1825 227 1827 230 Ι
1889 240 1957 274 diff.

229 297 390 338 Saturni
459 327 468 336 .
537 294 736 338 1031312
907 297 933 339 5
944 295 1038 339 055(
1211 294 1385 339 997340
1559 295 1693 340 5043’
1902 299 1969 340 12’

227 357 255 396 J
257 357 341 397 ovis
386 388 394 398 .
459 388 468 397 .
535 353 733 398 1866349
880 355 933 397 10
965 355 1020 398 45
1187 354 1385 398 1935067
1535 357 1583 398 11
1622 356 1676 398 10
1897 357 1953 399 25

229 417 375 456 Martis
456 448 465 457 .
529 413 732 456 6004002
875 414 931 456 36
964 414 1021 457 54
1184 413 1378 457 6245121
1530 414 1586 456 38
1619 414 1679 458 39
1840 415 1970 459 1045’

226 476 396 516 Veneris
458 508 468 517 .
531 473 640 516 7611
655 475 670 515 1
685 475 729 515 11
877 473 934 517 49
967 472 1023 516 34
1186 473 1387 517 7613889
1531 474 1588 517 49
1621 474 1675 517 35
1930 477 1947 517 1

227 535 415 576 Mercurii
453 566 463 576 .
525 532 730 576 4900000
875 533 931 576 29
965 533 1021 575 20
1183 532 1388 576 4794444
1531 533 1587 576 28
1620 533 1676 577 39
1895 534 1948 578 41

1018 603 1147 648 (Gomp.
1172 605 1331 644 tabulam,
1357 615 1423 648 qua
1449 605 1528 648 Cap.
1554 606 1617 639 XV
1642 605 1874 648 concluditur.)

282 712 405 752 Porro
437 711 527 751 nolo
559 711 810 752 dissimulare
842 712 1091 763 scrupulum,
1137 713 1203 765 qui
1241 717 1302 752 me
1344 713 1407 753 hic
1447 718 1590 765 urget:
1643 712 1886 767 Copernicus
1922 719 1964 753 et

171 771 407 811 Prutenicae
440 771 573 810 omnia
604 772 655 810 ad
687 771 814 811 locum
834 770 941 811 Solis
974 772 1143 811 medium
1174 773 1362 812 referunt.
1426 772 1512 813 Aut
1543 773 1664 824 igitur
1695 767 1878 814 statuunt
1898 778 1964 813 to-

169 837 251 870 tuin
284 831 468 870 mundum
499 831 685 870 mobilem
718 831 993 879 eccentricum,
1026 832 1111 871 sive
1143 832 1246 884 quod
1277 832 1313 872 in
1347 832 1623 872 astronomicis
1644 833 1748 872 idem
1774 838 1849 882 est,
1884 832 1964 873 So-

165 891 243 930 lem
274 890 312 930 in
344 902 466 942 parvo
500 890 646 930 circulo
678 902 807 930 annuo
840 896 949 930 motu
980 890 1087 930 circa
1125 896 1303 931 centrum
1342 891 1476 931 mundi
1519 892 1845 932 circumeuntem:
1897 898 1968 932 aut

166 949 370 989 fatendum
402 954 477 998 est,
510 962 588 988 non
619 961 738 1001 posse
771 954 903 990 certas
934 950 1331 1002 prosthaphaereses,
1363 951 1602 1003 praesertim
1631 951 1778 992 Martis
1809 957 1851 992 et
1875 951 1964 991 Ve-

165 1009 282 1058 neris,
317 1022 368 1048 ex
398 1008 622 1048 Prutenicis
655 1008 888 1061 computari.
952 1010 1128 1050 Tertium
1161 1010 1261 1050 enim
1293 1010 1426 1050 nescio
1460 1023 1508 1049 an
1529 1010 1612 1050 fieri
1630 1011 1782 1063 possit:
1809 1015 1854 1051 ut
1873 1010 1963 1063 qui-

164 1069 264 1109 libet
307 1069 557 1120 planetarum
595 1067 825 1122 epicyclium
862 1069 1033 1117 habeat,
1079 1069 1190 1121 cnjus
1234 1069 1399 1121 remigio
1443 1074 1599 1109 tantum
1638 1070 1773 1122 fugere
1817 1069 1961 1122 possit,

166 1133 354 1181 quantum
397 1128 522 1167 Terra
565 1127 616 1167 ad
659 1127 787 1179 ipsum
831 1128 1144 1181 appropinquare
1187 1129 1286 1168 velit
1330 1134 1371 1168 et
1413 1134 1564 1169 contra.
1627 1130 1787 1169 Illorum
1831 1134 1963 1179 autem

164 1194 295 1228 utrum
326 1187 393 1237 sit,
427 1186 586 1227 difficile
619 1187 728 1227 dictu
759 1192 834 1227 est.
897 1188 1002 1228 Nam
1033 1188 1237 1239 exemplar
1267 1201 1397 1228 meum
1429 1188 1528 1228 libro
1549 1188 1590 1228 V
1621 1188 1764 1229 Revol.
1798 1187 1899 1241 Cap.
1921 1186 1961 1237 4,

165 1260 238 1299 quo
271 1247 356 1287 loco
387 1246 513 1286 nodus
545 1247 790 1298 quaestionis
822 1247 974 1294 haeret,
1006 1252 1077 1287 aut
1106 1248 1337 1287 mendosum
1369 1253 1452 1292 est,
1485 1251 1556 1287 aut
1580 1260 1654 1300 ego
1680 1261 1837 1290 caecus.
1882 1247 1963 1288 So-

164 1307 242 1346 lem
273 1306 352 1346 ullo
385 1305 501 1345 modo
534 1305 720 1345 mobilem
751 1306 901 1355 facere,
942 1307 1005 1346 vel
1037 1312 1175 1347 tantae
1214 1307 1305 1347 moli
1339 1312 1612 1347 eecentroteta
1642 1307 1832 1356 tribuere,
1866 1307 1965 1348 haec

162 1370 343 1418 pugnant
375 1378 499 1418 aeque
532 1369 573 1405 et
604 1378 690 1405 cum
721 1365 925 1418 principiis
958 1371 1000 1406 et
1030 1379 1116 1406 cum
1148 1375 1303 1406 natura.
1367 1366 1422 1406 Et
1460 1365 1494 1406 si
1525 1366 1666 1418 globus
1698 1366 1784 1419 ipse
1816 1366 1962 1407 Terrae

162 1438 279 1465 unum
312 1437 437 1477 genus
470 1423 776 1477 ἑκκεντροτητος,
811 1425 1124 1477 cujus-circulus
1155 1425 1195 1465 ni
1229 1426 1346 1466 fallor
1376 1439 1401 1465 a
1430 1425 1628 1466 Rhaetica
1658 1431 1750 1466 rota
1781 1426 1963 1466 fortunae

163 1484 332 1532 dicitur,
380 1497 450 1524 suo
482 1484 640 1535 proprio
671 1490 780 1523 motu
813 1485 921 1524 solus
953 1485 1124 1536 perficit,
1170 1485 1344 1537 facitque
1375 1485 1464 1525 ideo
1497 1484 1760 1526 differentiam
1791 1485 1966 1538 aliquam

164 1549 354 1596 aspectus
386 1556 571 1583 successu
597 1543 830 1592 seculorum,
857 1556 931 1595 par
963 1550 1064 1594 erat,
1091 1550 1131 1584 et
1151 1545 1319 1584 alterum
1351 1557 1476 1596 genus
1507 1544 1547 1584 in
1579 1545 1746 1585 eandem
1764 1545 1964 1585 Tellurem

162 1603 386 1644 solitariam
418 1603 609 1643 conferre.
673 1601 794 1654 (Cap.
826 1603 945 1652 XV.)
1155 1616 1157 1619 ⁴

278 1662 485 1703 Fortassis
515 1662 637 1714 igitur
668 1661 813 1702 Martis
846 1658 1035 1715 ambages
1066 1662 1156 1702 ideo
1187 1662 1316 1702 minus
1348 1662 1555 1714 cognitae,
1601 1662 1695 1716 quia
1733 1663 1768 1704 is
1808 1662 1960 1703 vicinus

161 1722 250 1763 huic
287 1721 501 1762 varietati:
546 1721 768 1772 inteteris
799 1734 892 1762 vero
923 1721 1200 1763 remotioribus
1231 1734 1368 1774 parum
1400 1721 1741 1764 animadvertitur.
1803 1722 1862 1763 At
1895 1722 1958 1762 vi-

161 1782 295 1822 cissim
327 1782 375 1821 de
408 1782 566 1821 Venere
597 1793 675 1820 non
707 1785 772 1821 est
802 1781 941 1821 eadem
974 1781 1242 1833 querimonia,
1283 1794 1383 1833 quae
1421 1781 1535 1827 utin
1567 1782 1838 1836 propinquiori
1867 1794 1959 1822 ma-

157 1842 224 1894 jor
255 1854 345 1881 esse
378 1840 560 1888 debebat,
591 1840 630 1896 ⁴si
663 1841 748 1880 sola
779 1841 914 1880 Tellus
945 1853 1015 1893 per
1046 1841 1148 1880 hanc
1180 1840 1530 1880 commutationem
1559 1841 1734 1893 planetis
1765 1845 1962 1882 annueret

161 1906 280 1954 atque
313 1901 515 1940 abnueret.
580 1898 698 1945 Quod
738 1900 772 1939 si
804 1900 960 1940 omnino
991 1913 1069 1940 una
1101 1906 1211 1940 esset
1241 1900 1388 1940 Terrae
1427 1905 1470 1939 et
1505 1900 1676 1941 omnium
1706 1901 1960 1953 planetarum

162 1972 286 2013 eaque
319 1973 449 1999 annua
482 1958 772 2008 eccentricitas‚
809 1959 885 1999 erit
915 1959 985 1999 illa
1016 1959 1232 1999 communis
1265 1959 1386 1999 etiam
1415 1959 1713 2011 proportionum
1743 1973 1794 2002 ex
1812 1971 1958 2013 corpo-

160 2019 269 2060 ribus
301 2020 581 2065 desumtarum,
613 2018 671 2058 ita
702 2023 745 2058 ut
777 2019 971 2059 distantia
1003 2031 1136 2069 eorum
1166 2032 1243 2059 non
1275 2032 1299 2058 a
1318 2017 1426 2059 Solis
1458 2019 1530 2058 sed
1561 2019 1612 2059 ab
1641 2019 1792 2060 orbium
1822 2024 1960 2060 centro

162 2078 341 2132 putanda
372 2077 439 2118 sit.
500 2077 565 2117 Ex
610 2091 684 2130 quo
726 2083 956 2130 sequeretur
991 2078 1140 2118 nullam
1176 2077 1343 2130 relinqui
1378 2078 1551 2118 Terreno
1590 2078 1675 2118 orbi
1715 2078 1955 2127 crassitiem,

161 2138 226 2178 vel
259 2137 444 2190 exiguam
476 2137 638 2186 saltem,
673 2150 749 2189 qua
780 2138 828 2177 de
859 2137 975 2177 modo
1008 2137 1170 2178 dictum.
1233 2137 1348 2178 Unde
1379 2137 1467 2185 fiet,
1510 2142 1554 2176 ut
1585 2137 1976 2191 dodecaiidricorumk

159 2198 342 2238 laterum·
362 2202 499 2236 centra
531 2202 573 2236 et
604 2196 839 2237 ico'saedrici
871 2197 1007 2249 anguli
1027 2196 1110 2237 sint
1132 2196 1172 2236 in
1198 2197 1337 2236 eadem
1359 2196 1565 2248 superficie
1584 2197 1805 2250 sphaerica,
1839 2202 1959 2251 atque

159 2257 220 2296 ita
250 2262 359 2296 totus
390 2256 558 2296 mundus
589 2257 661 2296 fiat
692 2256 918 2308 angustior:
953 2257 1056 2309 quod
1086 2268 1165 2296 non
1195 2256 1354 2296 videtur
1384 2256 1547 2296 tolerari
1573 2262 1615 2297 et
1640 2270 1728 2297 cum
1758 2269 1982 2314 ειρρωϊηι-ι

161 2317 230 2356 tiis
262 2314 465 2356 conciliari
494 2328 628 2367 posse.
691 2315 748 2356 Ut
777 2315 899 2367 igitur
929 2315 970 2356 in
1000 2328 1155 2356 omnem
1187 2320 1371 2355 eventum
1399 2321 1567 2367 paratus
1599 2315 1692 2366 sim,
1732 2317 1840 2366 dico,
1881 2315 1960 2356 etsi

161 2381 203 2416 et
235 2374 444 2428 Copernici
476 2373 676 2415 sententia
711 2380 752 2414 et
783 2375 894 2427 ipsae
939 2375 1238 2415 observationes
1283 2387 1328 2414 eo
1373 2379 1582 2427 spectent,
1625 2387 1744 2428 posse
1782 2387 1845 2416 me
1886 2371 1982 2430 pei-³

160 2435 295 2475 orbem
326 2435 464 2474 Lunae
496 2439 579 2474 tum
610 2433 700 2473 huic
732 2434 859 2474 hiatui
889 2434 1098 2474 subvenire
1131 2447 1245 2487 quem
1278 2439 1399 2474 antea
1429 2434 1624 2487 negabam
1655 2434 1762 2475 orbis
1794 2433 1982 2476 ΤειῚ-εηυῖ

159 2493 359 2535 crassitiei
400 2493 703 2533 accensendum.
765 2493 870 2533 Nam
907 2493 1100 2534 diameter
1137 2493 1242 2534 orbis
1282 2493 1451 2533 Lunaris
1482 2493 1624 2546 exiguo
1655 2493 1827 2546 spatiolo
1859 2493 1969 2534 Tel-—

159 2554 255 2594 luris
288 2552 629 2593 eccentricitatem
660 2553 835 2592 excedit:
871 2554 975 2605 quod
1006 2552 1219 2605 spatiolum
1252 2554 1330 2592 etsi
1350 2553 1442 2605 quid
1467 2553 1678 2593 efficeret'
1667 2566 1706 2592 m
1727 2553 1974 2605 ampliando

157 2614 320 2653 mundo:
365 2613 462 2652 illud
498 2612 538 2652 in
575 2612 707 2652 Marte
749 2618 789 2652 et
818 2611 919 2651 Jove
950 2612 1111 2652 nimium
1150 2613 1429 2652 accedentibus
1468 2617 1667 2664 optatum,
1705 2612 1745 2652 in
1777 2611 1962 2654 Saturno}

158 2678 360 2712 contemtu
392 2671 523 2720 facile,
555 2671 593 2711 in
627 2671 779 2711 duobus
811 2671 1061 2712 inferioribus
1094 2671 1420 2712 dissimulandum
1451 2676 1573 2711 esset.

273 2732 377 2773 Nam
409 2736 450 2770 et
479 2731 553 2770 hoc
586 2730 928 2770 animadversione
961 2731 1122 2783 dignum
1155 2736 1229 2780 est,
1264 2730 1367 2783 quod
1398 2729 1591 2782 digressio
1623 2730 1761 2770 horum
1781 2726 1965 2780 maximass

158 2803 182 2828 a
213 2789 306 2830 Sole
339 2803 415 2830 non
447 2790 572 2842 majo1
603 2804 628 2830 a
657 2789 881 2830 Prutenicis
914 2790 1002 2831 elici
1033 2795 1190 2842 potest,
1225 2803 1340 2842 quam
1372 2785 1454 2829 480
1485 2787 1539 2836 2¹,
1573 2785 1656 2829 260
1685 2786 1770 2839 29’,
1831 2790 1959 2830 Forte

159 2849 250 2900 quia
281 2850 374 2888 illae
406 2849 553 2888 nostris
586 2849 829 2901 temporibus
861 2855 1025 2903 propter
1044 2855 1237 2889 mutatam
1259 2847 1597 2889 eccentricitatem
1616 2848 1764 2919 Terrae
1791 2861 1951 2913 accom-

157 2908 398 2948 modatiores
431 2913 1959 2947 8111115.Ἰ

276 2967 378 3007 Utut
409 2966 474 3011 sit,
507 2980 622 3006 arcus
652 2967 712 3007 illi
742 2981 818 3008 non
852 2972 1025 3020 aequant
1055 2967 1145 3007 illos
1172 2966 1392 3018 superiores
1418 2962 1500 3005 490
1519 2962 1603 3015 34’,
1638 2962 1719 3007 290
1737 2963 1820 3014 20’,
1854 2978 1953 3018 quos
1980 2989 1982 3010 1

157 3026 371 3065 ostendunt
391 3025 499 3064 sinus
523 3040 546 3065 a
567 3024 785 3076 Copernico
805 3026 964 3079 proditi.
1009 3027 1144 3079 Atque
1175 3026 1233 3065 ita
1261 3025 1346 3064 sine
1377 3024 1532 3078 piaculo
1563 3037 1634 3076 per
1665 3024 1835 3078 aliquem
1864 3026 1951 3065 me·-T

155 3085 293 3125 liorem
313 3084 468 3124 modum
490 3084 831 3126 ordinandi-orbes
857 3086 936 3126 illis
958 3084 1105 3138 aliquid
1131 3084 1285 3124 detrahi
1313 3097 1402 3124 mea
1421 3083 1579 3136 quidem
1599 3083 1780 3136 opinione
1799 3089 1948 3136 potest.

271 3145 332 3185 Ne
365 3154 458 3182 vero
491 3142 577 3195 quis
609 3143 776 3195 iniquius
810 3145 848 3185 in
880 3145 952 3184 hoc
985 3145 1184 3184 inventum
1221 3149 1383 3196 propter
1412 3143 1515 3184 hanc
1546 3143 1754 3184 leviculam
1791 3142 1924 3196 ambig
