1982 3268
108 88 186 120 XIV

229 193 359 240 Quum
391 193 557 246 singulis
589 192 754 246 Kepleri
786 193 971 246 operibus
1002 194 1322 247 praemiserimus
1354 194 1640 248 praefationes,
1683 194 1822 248 quibus
1853 207 1918 236 res

109 266 334 306 indicantur
365 269 507 305 notatu
540 264 740 316 digniores
774 277 873 317 quae
906 265 958 305 ad
989 264 1060 305 illa
1092 278 1212 318 opera
1242 265 1468 319 pertinent,
1501 266 1618 306 finem
1655 265 1788 308 facere
1818 277 1917 318 pos-

109 350 245 378 sumus
277 337 367 378 huic
387 319 641 388 praefatibni.
705 336 796 376 Una
827 349 892 376 res
938 341 1147 389 superest,
1189 349 1307 389 quam
1337 349 1415 377 non
1447 336 1710 378 omittendam
1737 349 1827 378 esse
1846 337 1917 389 ju—

111 409 313 457 dicamus,
358 407 450 460 quia
491 408 704 447 multorum
745 409 959 460 eorumque
993 407 1099 448 haud
1129 407 1243 460 parvi
1281 407 1555 448 habendorum
1587 408 1812 448 sententiae
1851 420 1917 448 re-

108 492 351 532 pugnamus,
396 478 594 518 rationem
627 478 818 527 dicimus,
865 491 943 531 qua
974 478 1036 518 usi
1068 491 1204 519 sumus
1237 478 1276 518 in
1308 478 1518 519 scribendo
1550 478 1707 519 nomine
1738 478 1916 532 Kepleri.

108 551 386 591 Hanschius
419 549 459 589 in
492 550 726 590 collectione
754 549 1014 601 epistolarum
1039 548 1205 602 Kepleri
1231 548 1402 602 simplici
1420 564 1454 604 p
1480 562 1574 590 usus
1601 553 1665 590 est
1689 562 1760 602 per
1791 554 1918 590 totum
1968 589 1975 600 q,

109 622 273 671 librum,
321 625 491 672 excepta
533 619 784 672 praefatione
829 624 872 659 et
914 619 1192 672 inscriptione;
1242 620 1662 662 Breitschwertus
1705 621 1746 662 in
1789 621 1920 671 „Vita

107 692 372 746 Keppleri“
415 690 561 743 duplici
593 705 636 744 p,
684 690 929 743 eandemque
969 691 1168 731 scribendi
1211 691 1407 731 rationem
1450 692 1632 733 defendit
1674 692 1918 734 clarissimus

97 765 153 803 F.
202 762 253 803 G.
296 763 364 804 W.
413 761 591 803 Struve
636 762 674 801 in
720 760 1007 802 Schumacheri
1044 761 1432 810 „Astronomischen
1467 763 1770 804 Nachrichten“
1801 763 1918 811 (Vol.

107 833 222 874 XIX.
255 833 308 874 N.
343 830 464 882 451),
497 833 600 873 hanc
632 832 803 872 afferens
836 832 1045 882 rationem,
1080 832 1183 885 quod
1212 832 1412 885 Keplerus
1444 832 1536 874 inde
1567 834 1618 875 ab
1650 847 1755 875 anno
1792 831 1917 890 1619.

109 905 147 944 in
179 904 291 944 libris
324 903 374 943 ab
406 904 495 956 ipso
530 903 649 943 editis
683 903 829 955 duplici
860 917 955 943 usus
987 904 1042 943 sit
1066 917 1112 956 p,
1147 907 1187 942 et
1218 901 1322 955 quod
1347 903 1452 955 filius
1477 904 1708 946 Ludovicus
1732 905 1773 946 in
1800 918 1918 958 opere

108 976 234 1027 patris
279 975 384 1028 quod
429 974 553 1014 edidit
596 973 809 1027 posthumo
856 974 1023 1014 eundem
1066 973 1278 1014 retinuerit
1309 974 1508 1015 scribendi
1550 977 1723 1018 modum.
1801 975 1919 1023 Quod

106 1046 232 1098 ipsius
280 1045 444 1097 Kepleri
483 1045 707 1096 exemplum
751 1045 939 1089 afferunt,
984 1056 1057 1084 nos
1096 1049 1275 1086 nostrum
1314 1045 1515 1087 scribendi
1557 1047 1716 1088 modum
1757 1051 1918 1087 tuentes

108 1116 414 1169 respondemus:
461 1115 566 1155 inter
599 1113 654 1156 29
694 1127 795 1167 quae
832 1115 947 1155 nobis
979 1120 1144 1167 praesto
1185 1121 1278 1155 sunt
1307 1116 1473 1168 Kepleri
1511 1129 1651 1170 opera,
1693 1118 1917 1170 deprehen-

109 1187 236 1227 dimus
274 1184 339 1236 13,
374 1198 537 1239 quorum
575 1186 716 1226 titulus
749 1191 790 1226 et
822 1186 1065 1238 subscriptio
1099 1185 1365 1226 dedicationis
1398 1187 1550 1228 habent
1585 1188 1829 1244 simplicem,
1866 1187 1913 1230 11

109 1257 304 1309 duplicem
329 1270 382 1311 p3
429 1257 585 1309 reliqua
629 1257 667 1295 in
713 1256 829 1296 titulo
873 1256 1093 1308 duplicem,
1139 1257 1178 1296 in
1218 1257 1470 1298 dedicatione
1511 1258 1752 1311 simplicem
1784 1271 1919 1302 eorum

107 1341 291 1381 operum,
325 1341 425 1380 quae
459 1328 509 1367 ab
541 1340 644 1367 anno
676 1324 799 1368 1619.
827 1327 1076 1379 prodierunt,
1109 1340 1270 1368 numero
1298 1325 1336 1377 9,
1373 1329 1662 1377 terna-habent
1687 1330 1918 1384 Keplerum,

42 1431 49 1439 x
108 1408 223 1440 terna
253 1399 501 1452 Kepplerum
544 1403 585 1438 et
615 1404 730 1438 terna
760 1397 798 1437 in
832 1398 1090 1455 inscriptione
1123 1398 1393 1452 Kepplerum,
1436 1399 1476 1439 in
1514 1399 1765 1440 dedicatione
1797 1401 1914 1455 Kep-

111 1470 247 1510 lerum.
293 1469 430 1522 Opera
455 1469 660 1521 graviora:
698 1468 845 1521 Optica
872 1465 1042 1518 (1604),
1076 1468 1286 1522 Dioptrica
1312 1466 1481 1519 (1611),
1514 1470 1778 1529 Astronomia
1801 1471 1921 1512 Nova

111 1537 291 1589 (1609),
332 1540 510 1580 Tabulae
550 1539 828 1591 Rudolphinae
869 1536 1025 1588 (1627)
1060 1539 1468 1592 habentKeplerum:
1506 1540 1728 1583 Harmonia
1759 1539 1918 1591 (1619)

109 1611 273 1651 exhibet
309 1611 349 1650 in
388 1611 505 1650 titulo
537 1610 809 1664 Kepplerum,
854 1609 1000 1662 singuli
1043 1623 1136 1650 vero
1170 1610 1260 1650 libri
1291 1610 1472 1662 inscripti
1504 1616 1618 1659 sunt:
1670 1612 1918 1666 ,‚Kepleri;“

106 1682 314 1734 Epitomes
347 1677 508 1735 (1618)
535 1680 680 1733 prioris
706 1680 834 1732 partis
860 1680 1000 1721 titulus
1026 1680 1149 1720 habet
1174 1680 1415 1735 KeppleruS,
1449 1681 1670 1722 dedicatio:
1703 1682 1917 1736 Keplerus,

105 1764 201 1803 pars
233 1764 326 1792 vero
359 1752 536 1792 secunda
580 1752 731 1801 (,‚liber
762 1751 959 1803 quartus“
996 1748 1142 1799 1620.)
1177 1756 1218 1799 et
1248 1751 1370 1792 tertia
1413 1752 1501 1799 (lib.
1537 1752 1732 1794 v—V11.
1770 1750 1917 1804 1621.)

106 1824 145 1862 in
177 1823 294 1863 titulo
328 1827 370 1862 et
401 1822 652 1863 dedicatione
680 1822 899 1874 simplicem
927 1822 1116 1861 exhibent
1133 1837 1179 1876 p,
1222 1821 1512 1874 Ephemerides
1539 1823 1722 1876 denique,
1755 1835 1936 1877 quarumr

106 1894 212 1946 prior
243 1906 338 1946 pars
370 1893 519 1946 prodiit
550 1906 652 1933 anno
689 1890 814 1942 1617,
848 1905 942 1945 pars
975 1893 1105 1933 altera
1137 1898 1178 1932 et
1211 1893 1331 1932 tertia
1363 1906 1466 1933 anuo
1503 1889 1629 1934 1630.
1663 1893 1733 1933 ter'
1758 1893 1918 1935 variant

108 1977 261 2004 nomen.
323 1964 398 2004 His
431 1964 687 2004 manifestum
719 1963 833 2004 nobis
866 1963 1045 2011 videtur,
1077 1963 1294 2015 Keplerum
1326 1963 1457 2016 ipsum
1489 1977 1566 2004 non
1598 1963 1819 2005 intendisse
1852 1964 1916 2005 di-

107 2036 250 2088 gitum,
303 2049 380 2088 qua
430 2035 585 2075 ratione
636 2046 779 2076 nomen
828 2046 942 2074 suum
992 2034 1183 2086 scriptum
1233 2034 1371 2082 velit‚·
1396 2039 1438 2074 et
1481 2034 1516 2075 si
1555 2034 1709 2075 numeri
1739 2035 1915 2084 valeant,

107 2111 286 2146 nostrum
328 2105 486 2145 modum
517 2105 823 2158 praeferendum
864 2118 967 2145 esse.
1033 2103 1108 2146 Cui
1150 2105 1298 2145 rationi
1341 2105 1375 2144 si
1419 2104 1550 2145 minus
1593 2105 1769 2155 tribuas,
1801 2105 1916 2158 Kep-

108 2178 213 2217 lerus
258 2175 393 2228 utique
439 2176 545 2216 sicut
587 2176 702 2216 multi
746 2176 970 2229 aequalium
1002 2174 1160 2215 minime
1194 2176 1314 2215 fixum
1357 2175 1546 2216 habuisse
1576 2175 1735 2216 videtur
1764 2175 1804 2216 in
1835 2176 1912 2216 hac

107 2260 148 2287 re
194 2247 492 2289 fundamentum
534 2252 576 2287 et
620 2247 780 2300 saepius
826 2247 999 2287 fortasse
1053 2246 1303 2300 typographo
1348 2246 1412 2286 vel
1463 2245 1695 2286 amanuensi
1746 2246 1918 2288 liberum

107 2317 336 2370 permisisse
369 2318 588 2359 arbitrium.
633 2318 769 2358 Nihilo
814 2318 943 2358 minus
987 2323 1032 2357 ut
1062 2323 1288 2358 teneremus
1321 2316 1541 2370 simplicem
1559 2331 1593 2371 p
1624 2316 1795 2357 maxime
1826 2320 1916 2358 mo-

109 2392 250 2428 verunt
281 2400 353 2428 nos
385 2388 553 2440 Kepleri
586 2388 808 2442 epistolae,
852 2401 1017 2442 quarum
1062 2401 1209 2441 magna
1249 2388 1364 2428 nobis
1407 2392 1572 2441 praesto
1610 2393 1691 2441 ‘est‘
1717 2388 1834 2440 copia
1865 2383 1915 2429 ab

108 2459 193 2512 ipso
239 2458 553 2511 conscriptarum
599 2465 640 2499 et
683 2460 1026 2513 subscriptarum,
1073 2459 1112 2499 in
1158 2458 1299 2511 quibus
1331 2457 1504 2499 occurrit
1533 2469 1696 2510 perraro
1727 2458 1916 2513 „Kepp-

110 2530 316 2578 lerus“,
362 2529 434 2569 sed
479 2542 636 2582 semper
680 2531 762 2571 fere
808 2530 1130 2584 „Keplerus“,
1170 2535 1214 2569 ut
1259 2529 1444 2570 videatur
1488 2539 1630 2570 nomen
1675 2528 1918 2582 gentilitium

108 2600 231 2652 ipsius
265 2600 484 2653 simplicem
507 2614 535 2653 p
568 2601 782 2653 requirere.

226 2671 339 2711 Haec
360 2675 454 2710 sunt
474 2683 574 2723 quae
596 2671 821 2712 collectioni
842 2683 1002 2724 operum
1023 2669 1188 2723 Kepleri
1207 2670 1503 2722 praemittenda
1523 2668 1760 2710 censuimus.
1799 2667 1917 2710 Reli-

111 2754 228 2794 quum
243 2746 304 2781 est
324 2746 366 2781 ut
379 2754 462 2781 rem
479 2755 502 2780 a
517 2741 630 2781 nobis
646 2742 844 2795 inceptam
866 2754 991 2794 aequo
1007 2742 1325 2782 commendemus
1346 2743 1538 2783 lectorum
1551 2739 1716 2792 judicio.
1743 2739 1784 2780 A
1803 2740 1918 2782 nobis
1966 2726 1982 2730 ,

110 2812 266 2865 quidem
297 2812 449 2852 sincere
475 2813 703 2864 profitemur
731 2826 885 2853 omnem
901 2812 1122 2852 adhibitam
1142 2825 1232 2852 esse
1254 2825 1388 2853 curam
1408 2816 1450 2851 et
1470 2810 1732 2862 diligentiam,
1759 2815 1804 2851 ut
1818 2823 1916 2865 opus

108 2882 268 2935 dignam
283 2882 383 2921 Viro
405 2895 557 2922 summo
579 2884 747 2924 formam
767 2884 917 2925 referat
940 2889 979 2924 et
992 2884 1079 2924 Deo
1102 2884 1259 2924 volente
1281 2882 1334 2923 ad
1353 2881 1511 2923 felicem
1530 2881 1646 2922 finem
1662 2881 1916 2933 perducatur.
1976 2894 1982 2922 μ·

252 2965 523 3014 Stuttgartiae
555 2965 593 3005 d.
628 2966 665 3006 6.
697 2967 928 3007 Decembris
959 2967 1065 3008 1857.

1320 3028 1450 3115 (ἐξὲξ.
1498 3025 1829 3081 ΕτίεοΙι.,
