2028 3242
125 114 141 155 1
150 113 208 156 50
805 110 954 151 Mysterii
982 109 1250 152 Cosmographici

119 218 282 260 ramidis
314 218 398 258 sive
431 217 612 257 octaedri
643 216 708 255 vel
739 215 829 255 cubi
861 215 1077 267 inscriptus
1107 213 1218 265 prius
1250 213 1466 262 habeatur,
1517 212 1705 254 facillime
1737 225 1936 266 perpro-

118 278 343 331 portionem
375 277 546 316 laterum
578 275 789 315 habebitur
822 275 944 314 etiam
977 273 1184 326 quantitas
1218 272 1385 312 alterius
1418 272 1613 325 inscripti.

236 336 311 376 His
345 335 449 375 adde
483 347 582 386 quae
617 333 815 374 Candalla
848 339 888 373 et
921 346 1021 385 quae
1055 332 1122 372 alii
1156 332 1204 371 de
1226 332 1458 383 corporibus
1485 331 1573 383 jam
1593 331 1932 380 demonstrarunt,

261 393 322 423 Fi?-
341 389 388 418 ²¹·
551 399 595 434 ut
627 394 730 445 quod
763 392 946 444 potentia
978 391 1063 431 NM
1095 390 1338 431 dimetientis
1371 390 1410 430 in
1443 390 1636 442 sphaera,
1668 401 1769 442 quac
1803 394 1934 430 tetra-

552 453 648 492 edro
680 451 1032 496 circumscribitur,
1065 450 1121 489 sit
1151 449 1358 500 potentiae
1390 449 1448 488 HI
1479 449 1582 489 radii
1613 448 1652 489 in
1686 449 1773 488 basi
1805 453 1935 490 tetra-

553 511 637 551 edri
669 507 750 563 4“Ι2
801 511 931 557 (Eucl.
963 510 1085 556 XIII,
1135 506 1188 548 13
1232 507 1369 556 Cor.);
1412 508 1516 560 quod
1556 508 1703 549 ibidem
1739 507 1800 547 NI
1837 507 1935 548 alti-

552 571 647 609 tudo
680 569 763 609 sive
795 567 1136 621 perpendicularis
1169 567 1348 618 corporis
1381 567 1434 606 sit
1466 567 1536 606 bes
1557 568 1643 607 NM
1674 566 1934 614 dimetientis,

553 634 594 668 et
623 628 731 668 illius
769 628 830 668 NI
859 626 1044 679 potentia
1075 625 1130 665 sit
1161 626 1231 665 bes
1270 625 1476 677 potentiae
1513 626 1652 666 lateris
1686 624 1784 665 GH:
1828 626 1934 678 quod

498 705 526 739 Η
550 687 732 739 inscripti
772 686 970 741 pyramidi
1008 684 1146 725 radius
1185 683 1243 724 OI
1287 684 1342 724 sit
1383 696 1480 736 pars
1522 690 1668 737 quarta
1709 683 1836 736 ipsius
1873 684 1933 725 NI

549 745 916 798 perpendicularis‚·
947 744 1069 784 tertia
1099 744 1226 796 ipsius
1257 741 1336 783 ΝΟ
1369 743 1680 796 circumscripti,
1719 743 1785 782 vel
1817 747 1936 783 sexta

304 818 335 851 M
549 806 633 846 NM
665 804 928 853 dimetientiS‚
971 803 1166 844 Corollar.
1201 800 1246 850 3,
1286 814 1398 853 prop.
1438 799 1503 842 13.
1543 802 1611 842 lib.
1651 801 1795 841 decimi
1827 800 1936 842 tertii

117 871 238 922 juxta
270 867 456 910 Candall,
519 864 704 907 Breviter
748 864 805 903 sic
847 868 941 903 sunt
978 862 1082 902 inter
1119 874 1162 901 se
1200 861 1405 913 potentiae
1439 859 1497 901 01
1532 859 1581 908 1,
1625 861 1679 901 IP
1710 858 1756 909 2,
1788 859 1864 900 ΗΡ
1894 857 1935 907 6,

122 930 182 970 HI
213 927 259 977 8,
292 927 371 968 ΝΟ
405 926 448 977 9,
482 927 542 968 ΝΙ
578 921 650 971 16,
683 922 757 962 NP
794 921 863 971 18,
898 921 977 962 NH
1007 918 1081 970 24,
1114 920 1200 961 ΝΜ
1231 915 1379 967 36.”)
1813 921 1831 935 ·”

209 1021 316 1063 Ergo:
1653 1009 1722 1044 577

125 1067 279 1107 Qualium
309 1069 405 1100 semi·
465 1065 555 1098 Cubo
585 1113 592 1120 .
834 1111 840 1119 .
895 1021 912 1161 g
941 1061 1028 1095 1155
1076 1015 1304 1169 semidiamess
1327 1058 1442 1100 816¹l,
1486 1060 1583 1117 semi-
1625 1022 1722 1134 533?

129 1115 291 1148 diameter
315 1116 399 1147 orbis
462 1112 637 1154 Pyrannde
753 1113 806 1144 lon
845 1129 858 1136 -
940 1108 1029 1142 1633
1087 1113 1139 1141 ter
1163 1109 1275 1142 circuli
1329 1107 1397 1140 943
1477 1109 1604 1142 diame-
1654 1104 1722 1140 790

146 1163 379 1203 circumscripti
422 1167 428 1188 ‘-
463 1159 679 1192 Dodecaedro
754 1159 833 1191 tudo
902 1188 908 1200 x
962 1155 1031 1188 714
1128 1157 1227 1198 plano
1330 1154 1397 1187 607
1486 1160 1538 1189 ter
1553 1156 1604 1188 in·
1653 1152 1722 1186 795

124 1210 257 1244 cuilibet
282 1210 408 1252 figurae
462 1208 638 1240 IcosaEdro
755 1207 867 1239 lateris
942 1203 1027 1236 1051
1115 1205 1252 1237 circum·
1331 1201 1398 1235 607
1489 1203 1604 1245 scripti
1653 1200 1722 1234 577

124 1261 175 1289 est
203 1261 287 1298 part.
320 1189 438 1335 ¹000?
464 1255 629 1288 Octaedro
726 1182 743 1333 S
943 1249 1033 1283 1-414
1122 1253 1234 1293 scripti
1329 1249 1443 1292 816¹l,
1496 1251 1581 1283 orbis
1638 1247 1740 1297 707,
1775 1248 1936 1292 quadrato

143 1304 258 1336 talium
285 1308 335 1336 est
359 1305 393 1336 in
1651 1296 1799 1330 octaedri
1821 1296 1936 1329 inscri-

1693 1345 1742 1386 pti
1767 1343 1890 1376 circuli.

1688 1391 1786 1432 Quod
1807 1394 1900 1424 nota.

603 1465 661 1506 IN
695 1464 881 1506 CAPUT
910 1462 1175 1505 DECIMUM
1206 1463 1459 1504 TERTIUM

839 1547 965 1580 NOTA
990 1544 1225 1579 Aneroms.

231 1616 269 1660 a)
298 1619 502 1665 Pyramidis
532 1620 675 1666 quidem
704 1620 861 1654 altitudo
890 1623 1061 1654 censetur
1090 1630 1113 1654 a
1141 1623 1267 1654 centro
1296 1619 1394 1655 basis
1423 1630 1539 1665 usque
1568 1619 1615 1654 ad
1635 1617 1844 1664 oppositum
1871 1627 1936 1652 an-

125 1673 269 1719 gulum:
313 1673 475 1708 octaedri
510 1684 596 1707 vero
639 1673 797 1707 altitudo
831 1673 890 1708 hic
926 1672 994 1707 illa
1027 1673 1296 1714 consideratur,
1340 1683 1432 1719 quae
1473 1676 1531 1707 est
1564 1672 1663 1707 inter
1702 1672 1792 1706 duas
1827 1671 1938 1705 bases

129 1725 342 1770 parallelas.
398 1725 672 1761 Demonstratio
708 1726 826 1760 facilis
856 1731 929 1761 est:
970 1726 1171 1771 pyramidis
1201 1727 1295 1761 enim
1328 1726 1509 1761 lateribus
1546 1724 1695 1761 bisectis
1724 1727 1764 1759 et
1789 1721 1938 1768 rejectis

128 1782 286 1824 quatuor
314 1779 565 1824 pyramidibus
596 1778 814 1820 minoribus,
856 1783 974 1813 restat
1011 1781 1227 1820 octaedrou,
1265 1780 1423 1815 laterum
1460 1779 1723 1824 subduplorum
1758 1776 1938 1812 lateribus

127 1830 325 1876 pyramidis
355 1842 531 1878 magnae,
563 1832 665 1877 cujus
697 1836 854 1878 quatuor
882 1833 1012 1877 plana,
1043 1843 1153 1866 unum
1181 1832 1287 1874 infra,
1320 1832 1394 1867 tria
1421 1832 1554 1867 circum
1582 1834 1668 1867 sunt
1693 1834 1821 1877 partes
1850 1838 1939 1875 qun.-

128 1887 212 1918 tuor
246 1883 389 1918 basium
425 1895 585 1931 magnae
619 1884 835 1931 pyramidis:
878 1885 1020 1919 habent
1053 1884 1169 1931 igitur
1201 1886 1274 1920 tria
1313 1885 1445 1920 circum
1479 1886 1631 1920 eandem
1667 1882 1939 1919 inclinationem

129 1946 207 1970 cum
248 1936 364 1971 tribus
403 1938 639 1983 surgentibus
682 1950 704 1973 a
738 1938 817 1973 basi
857 1937 1056 1983 pyramidis
1092 1940 1138 1972 ad
1171 1938 1362 1984 fastigium
1397 1938 1543 1985 anguli:
1585 1937 1750 1984 quamvis
1781 1934 1940 1982 angulos

128 1989 293 2023 habeant
330 1991 495 2024 deorsum
534 2002 658 2025 versos
693 1995 813 2026 recta:
855 2002 946 2037 ergo
984 1992 1112 2026 eadem
1146 1996 1204 2026 est
1237 1991 1426 2036 proportio
1460 1990 1772 2036 perpendicularis
1806 1989 1843 2024 in
1871 1986 1941 2023 tali

127 2042 241 2129 phari?
276 2043 322 2077 ad
359 2043 698 2088 perpendicularem
733 2044 911 2089 corporis,
954 2055 1047 2089 quae
1076 2049 1134 2079 est
1168 2045 1202 2079 in
1233 2045 1419 2079 tetraedro
1453 2043 1812 2089 perpendiculum-ium
1838 2041 1938 2078 illius

232 2106 310 2130 auc.

869 2294 1029 2360 Caput
1065 2293 1199 2343 XIV.

130 2395 381 2437 Primarius
409 2410 560 2451 scopus
591 2397 740 2448 libelli,
781 2405 821 2440 et
850 2401 962 2454 quod
999 2402 1102 2442 haec
1132 2403 1314 2456 quinque
1345 2416 1524 2456 corpora
1553 2403 1639 2444 sint
1667 2402 1777 2445 inter
1806 2402 1963 2452 orbes,-

775 2461 1056 2502 astronomica
1083 2463 1290 2514 probatio.

247 2547 374 2599 Igitur
411 2554 456 2590 ut
493 2550 543 2590 ad
582 2551 800 2604 principale
832 2554 1080 2606 propositum
1111 2555 1341 2596 veniamus:
1381 2560 1516 2606 notum
1555 2560 1638 2605 est,
1671 2553 1760 2598 vias
1790 2554 1936 2606 plane-

130 2608 258 2644 tarum
299 2619 386 2647 esse
427 2610 694 2659 eccentricas,
740 2617 781 2650 et
811 2612 975 2663 proinde
1013 2619 1179 2667 recepta
1214 2614 1390 2668 physicis
1423 2615 1645 2663 sententia,
1691 2613 1795 2666 quod
1826 2611 1936 2653 obti-

131 2666 400 2730 neant-orbes
432 2674 590 2707 tantam
621 2670 860 2719 crassitiem,
896 2677 1047 2724 quanta
1080 2674 1130 2713 ad
1151 2673 1485 2714 demonstrandas
1518 2678 1692 2714 motuum
1713 2672 1935 2712 varietates

132 2729 353 2790 requiritur.
417 2725 473 2764 Et
510 2726 705 2768 hactenus
739 2730 895 2780 quidem
928 2732 1077 2771 nostris
1109 2732 1359 2784 philosophis
1389 2732 1609 2772 assentitur
1630 2729 1946 2784 Copernicus.⁸)‘

131 2779 283 2847 Verum
309 2795 394 2832 Jam
426 2796 544 2834 porro
571 2799 645 2825 non
679 2799 843 2838 parvum
876 2790 1049 2831 cernitur
1081 2791 1307 2843 opinionum
1340 2791 1564 2831 discrimen.
1625 2791 1730 2831 Nam
1769 2787 1937 2829 censent

132 2836 285 2889 physlci
327 2841 376 2879 ab
415 2842 494 2882 ima
526 2845 625 2884 coeli
659 2846 829 2886 Lunaris
863 2849 1068 2900 superficie
1108 2850 1158 2889 ad
1192 2850 1383 2891 decimam
1422 2850 1635 2901 sphaeram
1673 2861 1800 2901 usque
1837 2847 1935 2888 nihil

133 2906 221 2933 esse
255 2898 495 2965 coelestibus
529 2903 688 2944 orbibus
721 2918 908 2946 vacuum:
950 2908 1021 2947 sed
1053 2909 1166 2960 tangi
1199 2921 1355 2960 semper
1387 2908 1522 2949 orbem
1554 2909 1604 2948 ab
1637 2908 1754 2956 orbe,
1790 2906 1933 2946 imam-

133 2964 206 3003 que
251 2967 465 3025 superioris
505 2962 751 3012 superficiem
795 2977 880 3004 cum
926 2979 1078 3006 summa
1114 2967 1312 3007 inferioris
1354 2966 1513 3019 penitus
1550 2967 1664 3007 uniri.
1727 2965 1794 3007 Sic
1833 2965 1935 3006 enim

134 3018 356 3078 quaerenti,
403 3028 489 3083 quis
522 3021 691 3070 exempli
725 3034 847 3062 causa
878 3025 978 3064 coeli
1009 3024 1148 3065 Martii
1185 3025 1295 3066 locus
1328 3026 1382 3066 sit
1418 3026 1624 3079 physicus,
1664 3025 1932 3076 respondent:

133 3076 358 3109 luteriorem
392 3072 506 3114 Jovls
544 3079 802 3128 superficiem.
866 3081 921 3120 Et
963 3084 1066 3140 apud
1099 3084 1373 3123 Ptolemaeum
1415 3089 1533 3136 atque
1572 3083 1763 3129 usitatam
1797 3082 1931 3123 astro-
