1982 3268
785 137 999 173 honum
1731 133 1789 178 45

0 253 107 289 pum
129 244 282 293 hbjnga
309 244 355 279 ad
383 255 420 278 se
453 245 604 277 datarum
632 244 668 276 in
690 243 837 277 Daniam
865 245 946 278 1111111
974 245 1176 281 transmisit,
1212 243 1328 286 quibus
1357 242 1579 285 pollicebaris,
1614 246 1650 274 te
1681 241 1797 275 librum

0 296 145 337 ‚suarm
159 292 352 327 1130031313
366 302 399 325 3.
417 291 460 323 77
477 292 538 324 tibi
552 291 596 324 ab
613 291 728 324 eodem
745 286 1018 327 c'ommnnicaum
1034 291 1208 348 diligenter
1228 290 1456 332 perlecturum,
1481 295 1635 332 tuamque
1660 289 1702 322 de
1725 291 1796 331 ejus

0 341 165 377 umens
184 341 384 374 33313311313
406 339 672 382 conscripturum.
698 343 797 380 atque
820 349 949 372 mecum
974 339 1016 374 (13
1039 339 1080 372 113
1102 347 1161 380 per
1183 337 1296 370 literas
1319 337 1523 373 collaturum.
1548 345 1630 378 quas
1653 340 1688 370 13
1703 335 1795 373 Nar-

0 389 139 433 μιίιιπι
172 387 217 420 ad
247 387 388 423 eundem
417 388 547 419 mittere
579 384 761 418 decrevisse
793 387 837 419 ad
866 397 920 419 133
949 391 1068 429 303133
1089 384 1311 428 procurandas
1334 385 1477 417 innuisti.
1498 380 1544 424 ¹⁴)
1591 384 1639 416 At
1662 393 1724 427 330
1747 388 1799 416 101

0 434 183 478 btedapsia
206 436 302 468 33313
323 443 430 477 neque
451 432 516 466 1133
539 432 580 465 (13
603 443 639 464 13
664 438 723 465 3111
759 435 914 476 quapiam
949 434 1017 467 alia
1045 434 1214 476 1133011313
1244 431 1516 471 astronomicum,
1549 441 1613 473 quo
1646 431 1798 473 311133113

0 481 168 520 andum.
191 487 409 515 concernente
431 491 475 514 33
504 479 668 513 verbulum
692 480 823 522 quidem
851 491 873 513 a
888 486 924 514 te
940 482 1064 523 accepi,
1089 481 1157 512 sive
1173 481 1304 521 scripto,
1330 479 1401 511 sive
1426 478 1561 510 31101313
1585 477 1798 515 indicatione,

0 530 54 572 331
72 529 194 563 isthinc
216 531 383 563 venientes
405 538 459 561 me
481 527 690 570 111-3311111131,
714 527 791 560 dum
815 528 922 561 adhuc
944 529 979 561 in
1003 529 1111 570 333-13
1135 527 1298 570 degerem,
1322 527 1512 559 1311331331.
1551 524 1798 557 Existimassem

0 576 149 619 3311111331
171 581 208 611 te
230 577 272 609 ob
296 576 480 609 communia
502 575 595 607 nobis
626 574 735 607 studia
764 576 937 617 scriptione
971 576 1082 618 aliqua
1104 575 1220 608 saltem
1245 579 1295 606 tot
1317 573 1586 606 interlabentibus
1611 573 1706 604 annis
1730 582 1796 604 non

0 631 268 667 ”peremi-um.
291 623 482 666 praesertim
498 632 571 655 cum
591 622 625 654 id
649 622 812 655 facturum
836 627 951 665 sponte
975 624 1008 656 in
1032 629 1067 655 13
1091 622 1262 664 receperis.
1302 620 1354 654 Ne
1378 630 1453 653 1310
1478 630 1540 663 ego
1566 619 1606 652 ob
1629 620 1662 651 id
1686 624 1797 652 tecum

0 680 58 715 per
78 671 203 708 literas,
225 671 385 714 siquidem
406 670 501 702 aliter
516 679 581 702 nou
597 669 707 706 liceat,
733 668 989 703 familiaritatem
1013 669 1228 703 contrahendi
1252 678 1382 700 omnem
1406 668 1612 701 occasionem
1635 668 1797 709 respuisse

0 718 231 761 ,1111333311οᾱ
254 718 296 751 ab
319 718 522 750 humanitate
547 722 582 749 et
605 718 790 754 exercitiis,
815 718 929 760 quibus
955 718 1165 754 delectamur,
1189 716 1424 748 sublimioribus
1449 715 1592 747 alienum
1614 714 1717 747 foret:
1755 724 1797 747 33

0 774 85 801 nunc
106 766 280 808 praevenio
305 770 340 798 et
362 765 407 797 ad
430 758 634 797 scribendum
658 765 982 808 respondendumque
1006 765 1090 797 ultro
1113 769 1148 797 te
1182 765 1302 799 invito:
1336 763 1418 795 data
1441 763 1591 795 nimirum
1614 761 1678 794 hac
1703 770 1796 794 com-

0 812 150 868 mediore,
177 822 243 855 3113
263 822 352 845 nunc
374 812 471 850 111101,
497 812 752 853 opportunitate,
778 821 877 854 quam
903 817 1003 845 antea
1026 814 1060 844 in
1078 811 1202 848 Dania,
1226 821 1267 844 ex
1290 820 1352 854 quo
1376 811 1411 843 13
1435 819 1513 843 3133
1535 809 1679 864 quadam
1703 808 1795 841 Ran-

0 860 137 893 3011333
158 860 290 893 dimidie
312 859 431 892 saltem
453 858 582 891 milliari
605 858 795 901 Hamburgo
827 865 956 893 remota
987 870 1075 893 nunc
1104 859 1271 896 habitem.
1304 858 1392 891 unde
1421 858 1455 890 in
1485 857 1579 890 varia
1602 867 1668 888 303
1692 856 1797 888 solum

0 906 193 946 ammae
216 906 276 940 aed
297 907 397 939 totius
420 915 504 948 pene
528 905 678 947 Europae
700 905 776 938 loca
802 908 915 940 creber
938 913 971 940 et
995 907 1182 940 commodus
1206 906 1303 938 datur
1326 906 1476 938 nuncius.
1525 904 1561 937 Si
1583 905 1695 946 itaque
1719 903 1796 946 quid

0 953 109 994 babes,
133 954 175 987 de
198 964 261 997 quo
282 963 412 987 mecum
434 954 469 985 in
491 954 587 985 rebus
612 954 847 991 astronomicis.
874 956 940 987 sive
957 955 1151 987 comet-icum
1167 953 1247 986 illud
1263 954 1443 996 negotium,
1468 953 1536 984 sive
1554 951 1681 994 quidvis
1707 951 1796 984 aliud

0 1006 185 1040 concernat,
210 1002 355 1035 conferre
378 1001 517 1038 libuerit,
541 1001 687 1032 invenies
711 1010 764 1033 me
787 1012 844 1043 pro
868 1012 942 1035 meo
965 1002 1095 1035 modulo
1120 1007 1154 1034 et
1177 1005 1336 1044 quantum
1358 1000 1520 1033 hactenus
1543 1000 1578 1032 13
1602 1000 1642 1031 113
1666 999 1795 1041 assequi

0 1048 90 1083 licuit
112 1049 157 1082 ad
178 1047 437 1091 respondendum
460 1058 526 1080 non
551 1047 723 1080 difficilem.

0 1120 4 1126 s
89 1096 235 1129 Allatum
255 1095 336 1128 131111
357 1105 460 1138 nuper
482 1100 533 1128 est
557 1095 717 1127 eruditum
741 1096 903 1138 quoddam
926 1098 1081 1138 scriptum
1102 1096 1328 1128 mathematici
1345 1094 1533 1128 excellentis
1550 1093 1583 1127 J.
1600 1093 1795 1136 Keplerii

0 1152 18 1176 3
41 1142 200 1185 styria,
232 1143 267 1176 in
295 1152 358 1185 3110
390 1142 605 1175 revolutiones
637 1143 844 1185 planetarum
868 1144 1048 1176 secundum
1071 1144 1208 1176 formam
1233 1142 1492 1185 Copernicaeam
1515 1141 1559 1174 ad
1584 1139 1605 1173 5
1629 1141 1796 1184 regularia

0 1199 136 1232 corpora
154 1190 341 1224 harmonice
365 1190 512 1232 adigere
534 1191 706 1232 ingeniosa
729 1200 810 1224 sane
834 1192 1058 1233 speculatione
1083 1195 1238 1230 conatur,
1271 1199 1337 1232 333
1368 1191 1468 1222 etiam
1501 1189 1542 1221 de
1563 1198 1600 1221 re
1623 1198 1727 1230 nuper
1750 1188 1794 1221 ad

0 1247 52 1271 me
73 1238 276 1280 persa-ipsit,
310 1246 412 1279 eoque
444 1237 492 1270 illi
522 1242 680 1279 quantum
712 1247 789 1279 prae
814 1240 1063 1280 occupationum
1086 1238 1171 1270 mole
1194 1238 1288 1270 1131111
1311 1246 1419 1270 meam
1442 1237 1584 1270 vicissim
1608 1236 1649 1268 de
1673 1235 1794 1268 talibus

0 1286 113 1328 apoeui
135 1285 353 1322 sententium
377 1285 471 1317 video
497 1291 607 1317 autem
630 1290 667 1317 te
691 1286 725 1317 in
750 1286 865 1318 eodem
888 1286 968 1319 libro
993 1287 1033 1334 de
1057 1285 1228 1340 hypothesi
1250 1295 1272 1318 a
1286 1285 1379 1317 nobis
1396 1289 1474 1317 ante
1492 1293 1596 1316 annos
1613 1283 1794 1325 complures

0 1332 176 1371 adinventa
198 1332 356 1365 nonnulla
378 1334 471 1374 quasi
495 1332 683 1364 dubitanter
708 1332 846 1369 adferre,
873 1343 946 1366 cum
970 1328 1151 1376 promiscue
1168 1342 1242 1365 eam
1258 1334 1359 1364 etiam
1376 1332 1449 1364 aliis
1465 1332 1601 1368 tribuas,
1626 1331 1794 1374 plagiariis

0 1379 79 1420 ϋηο
103 1381 186 1412 13313
207 1380 341 1412 nimium
365 1380 566 1417 auscultans,
592 1385 661 1411 tum
685 1390 811 1422 quoque
835 1380 929 1422 plura
946 1381 986 1414 de
1004 1381 1120 1413 eadem
1136 1381 1290 1417 inferens,
1314 1389 1399 1422 quae
1423 1380 1451 1411 31
1476 1370 1713 1412 consideratius
1737 1388 1792 1411 ex·

0 1427 185 1471 pendisses,
220 1431 256 1459 et
289 1428 488 1459 3331333313
519 1432 666 1459 nostram
697 1431 795 1469 atque
827 1438 938 1460 omnes
971 1429 1158 1460 occasiones
1182 1427 1278 1468 hujus
1301 1426 1518 1468 hypotheseos
1543 1425 1794 1458 consumendae

0 1474 206 1527 undiquaque
229 1479 416 1530 perspectas
445 1474 632 1509 habuisses.
662 1474 933 1507 haesitationibus
964 1475 1162 1516 ejuscemodi
1191 1475 1274 1507 forte
1298 1474 1545 1516 supersedisset.
1592 1474 1695 1515 Atqui
1718 1483 1792 1515 330,

0 1511 26 1568 fi
47 1522 108 1554 tibi
130 1521 208 1564 quid
230 1522 265 1554 in
287 1521 351 1554 1133
374 1522 560 1554 inventione
584 1522 725 1564 scrupuli
749 1527 860 1561 restet,
886 1523 920 1554 id
944 1532 1094 1554 amovere
1110 1527 1209 1564 atque
1225 1523 1366 1564 penitius
1382 1531 1449 1554 rem
1469 1530 1599 1553 omnem
1615 1519 1793 1562 explanare

152 1568 353 1611 31113,3110(1
376 1570 477 1601 etiam
500 1579 551 1601 res
575 1570 647 1610 1333
671 1569 816 1608 docebit,
850 1570 905 1601 ubi
928 1570 1135 1611 planetarum
1171 1574 1277 1602 motus
1310 1569 1354 1602 ad
1384 1578 1459 1602 eam
1482 1577 1630 1600 normam
1654 1577 1677 1600 3
1699 1568 1792 1600 nobis

103 1620 256 1649 accurate
280 1625 439 1658 expansos
463 1617 672 1659 cognoveris,
705 1621 744 1648 ut
766 1616 846 1648 nihil
870 1618 930 1655 sit,
963 1617 1048 1659 quod
1071 1627 1187 1649 sensus
1210 1617 1348 1658 amplius
1378 1617 1563 1658 requirant.
1597 1619 1674 1647 utut
1696 1620 1734 1647 tu
1756 1615 1793 1647 in

58 1672 111 1696 331
133 1663 240 1696 libello
264 1663 305 1696 de
330 1665 549 1696 astronomiae
572 1664 770 1696 correctione
794 1674 860 1696 non
888 1664 992 1696 solum
1021 1665 1169 1697 dubitare
1193 1664 1252 1696 sed
1269 1668 1303 1696 et
1320 1665 1465 1696 animum
1481 1663 1624 1704 abjicere
1640 1662 1790 1702 videaris,

98 1715 203 1744 33133
223 1711 321 1743 aliter
343 1720 436 1752 spem
458 1711 584 1743 feceris.
637 1710 674 1743 Si
698 1711 740 1743 ab
765 1713 924 1744 anteriore
960 1722 1018 1753 per
1041 1721 1178 1753 corpora
1200 1713 1265 1744 ista
1288 1711 1453 1754 regularia
1477 1710 1677 1742 dimensione
1701 1710 1793 1743 facta

0 1766 40 1805 p
59 1757 263 1791 mentuenda
285 1759 347 1790 erit
370 1759 476 1799 potius
501 1767 599 1800 quam
622 1767 663 1791 ex
687 1760 850 1790 accuratis
875 1760 1155 1791 observationibus
1180 1769 1202 1791 a
1226 1759 1394 1800 posteriori
1417 1759 1551 1794 sumtis.
1589 1757 1688 1789 veluti
1711 1758 1790 1789 insi-

81 1806 215 1851 utique
225 1806 321 1838 nimis
334 1805 399 1844 diu,
414 1806 442 1837 si
454 1815 519 1837 non
531 1815 658 1847 prorsus
671 1807 704 1837 in
717 1811 907 1847 perpetuum
920 1807 1042 1839 frustra
1052 1807 1307 1848 expectabimus,
1320 1811 1495 1848 antequam
1507 1805 1576 1837 tale
1588 1804 1666 1847 quid
1678 1813 1700 1837 3
1712 1814 1790 1846 quo·

96 1853 276 1895 praestari
298 1853 427 1894 poterit.
477 1852 558 1884 Cum
583 1858 617 1885 et
640 1854 772 1884 istorum
796 1853 991 1895 regularium
1016 1863 1183 1895 corporum
1207 1854 1415 1886 dimensionis
1440 1853 1624 1894 explicatio,
1649 1853 1678 1884 si
1702 1853 1790 1884 omni

0 1903 153 1943 upa-rte
176 1899 381 1932 admittenda
404 1900 498 1936 foret,
524 1901 797 1932 observationibus
815 1901 1084 1933 antecedentibus
1100 1902 1160 1932 niti
1177 1906 1211 1933 et
1229 1901 1428 1943 comprobari
1445 1900 1576 1937 debeat,
1602 1909 1664 1932 neo
1689 1900 1791 1932 etiam

0 1947 204 2002 ,3133313113
226 1956 373 1989 31133333
397 1952 527 1988 praeter
549 1948 752 1990 generaliora
781 1947 839 1979 illa
868 1952 1032 1990 utcunque
1063 1958 1098 1980 se
1129 1948 1285 1980 habentia
1312 1947 1389 1980 hinc
1423 1957 1480 1983 ea.
1516 1956 1582 1989 qua
1619 1957 1701 1988 opus
1725 1952 1788 1984 est,

133 2004 197 2026 one
219 1994 356 2026 derivari
379 1999 524 2036 possunt,
550 1995 635 2036 quod
659 2000 692 2026 te
716 2005 781 2026 non
805 1995 908 2027 latere
932 1996 1080 2028 arbitror.
1117 1995 1231 2038 Neque
1249 1996 1349 2027 etiam
1371 1995 1478 2028 adhuc
1502 1995 1583 2027 satis
1608 1995 1788 2028 extricatae

0 1995 301 2097 mlauetarum
321 2041 473 2074 biformes
489 2042 751 2084 inaequalitates,
776 2052 857 2096 quas
874 2043 993 2085 duplici
1010 2045 1193 2075 excentrica
1210 2043 1261 2075 vel
1279 2042 1407 2075 circello
1425 2046 1595 2080 excusant,
1620 2043 1790 2084 ignoratur

0 2090 195 2134 „injusta
214 2088 333 2121 harum
354 2090 526 2130 proportio,
552 2094 590 2121 ut
613 2089 654 2121 de
679 2091 836 2131 apogaeis
859 2100 924 2122 non
949 2090 1057 2122 dicam
1080 2091 1177 2133 longe
1201 2090 1297 2122 aliter
1319 2100 1355 2122 se
1371 2090 1578 2127 habentibus,
1603 2099 1702 2132 quam
1725 2090 1790 2121 fert

0 2123 62 2175 3311
0 2096 189 2168 ”aeolum
208 2135 413 2178 Alphonsina
435 2137 493 2168 sed
520 2138 619 2168 etiam
645 2135 847 2178 Copernicea
871 2138 1086 2170 ratiocinatio.
1137 2137 1225 2176 Quin
1249 2138 1350 2170 etiam
1374 2146 1487 2170 annua
1509 2137 1567 2169 illa
1591 2137 1787 2169 diversitatis

0 2182 128 2216 cn'dem
150 2183 326 2214 insinuatio
349 2193 411 2215 nec
428 2183 504 2215 dum
521 2186 600 2216 satis
618 2189 785 2226 comperta
802 2189 862 2221 est,
888 2186 936 2217 ita
951 2190 988 2216 ut
1003 2185 1219 2227 undequaque
1235 2186 1301 2217 suis
1323 2185 1464 2217 numeris
1482 2184 1630 2216 absolute
1647 2188 1786 2220 constet,

0 2233 36 2266 31
56 2230 98 2262 ob
121 2229 156 2261 id
178 2239 199 2262 e
221 2229 427 2270 Coperniceis
454 2232 708 2276 proportionibus
733 2232 922 2264 circulorum
945 2232 1029 2264 haec
1054 2242 1114 2268 ea,
1149 2241 1214 2274 qua
1245 2233 1432 2274 requiritur,
1462 2232 1643 2264 subtilitate
1678 2231 1788 2264 rimari

0 2276 117 2309 invium
139 2277 202 2314 sit;
236 2285 302 2318 qua
325 2278 425 2309 etiam
448 2278 490 2310 de
513 2288 547 2310 re
573 2279 820 2311 eruditissimum
844 2279 1021 2321 Keplerum
1044 2290 1102 2321 per
1124 2279 1236 2311 literas
1260 2280 1433 2317 admonui,
1465 2283 1500 2312 et
1522 2280 1557 2311 13
1580 2278 1708 2317 Marte,
1732 2280 1787 2311 ubi

0 2322 75 2380 hae
84 2323 288 2356 differentiae
310 2326 415 2366 133313
438 2329 514 2356 sunt
537 2326 723 2363 sensibiles,
754 2326 934 2367 exemplum
967 2327 1118 2359 indicavi.
1165 2326 1288 2359 Verum
1312 2327 1352 2359 de
1376 2327 1427 2359 his
1451 2331 1486 2359 et
1509 2327 1666 2359 similibus
1690 2327 1787 2359 nimis

177 2372 261 2403 foret
282 2370 336 2402 1113
360 2372 488 2413 singula
512 2374 651 2414 exsequi.

0 2463 3 2465 ‚
22 2458 36 2467 N
90 2418 154 2451 Ubi
177 2427 276 2460 opera
298 2428 374 2450 mea
399 2420 615 2451 astronomica
638 2420 743 2452 lucem
767 2421 930 2461 publicam
953 2420 1102 2457 viderint,
1127 2421 1213 2462 quod
1235 2431 1322 2453 nnnc
1344 2421 1474 2463 magnis
1497 2420 1616 2452 viribus
1640 2429 1702 2452 nec
1725 2421 1785 2452 mi-

18 2487 30 2507 3
76 2475 126 2498 ιω
150 2476 247 2508 quam
272 2472 372 2497 antea
395 2466 429 2497 in
452 2468 561 2507 patria
575 2477 687 2509 urgeo,
710 2468 896 2508 perspicies,
921 2469 970 2499 uti
986 2478 1091 2522 spero,
1115 2478 1184 2499 rem
1210 2470 1462 2500 astronomicam
1486 2468 1581 2500 aliter
1604 2477 1702 2509 qnam
1725 2478 1784 2509 pu·

1 2501 22 2522 ⁸
109 2513 323 2555 redintegrari
347 2523 452 2554 posse,
479 2517 512 2546 et
537 2523 590 2545 me
614 2524 678 2545 non
703 2515 975 2546 contemnendam
999 2516 1034 2546 in
1054 2524 1096 2546 ea
1112 2515 1237 2547 locasse
1254 2525 1404 2557 operam;
1429 2525 1529 2557 qnare
1554 2515 1594 2546 de
1618 2515 1668 2546 his
1691 2514 1787 2556 plura

4 2556 15 2598 f
41 2560 85 2592 'e
107 2570 174 2592 non
198 2561 294 2592 addo.
343 2561 441 2592 Aliud
466 2561 619 2603 quiddam
643 2566 709 2597 est,
744 2563 805 2593 etsi
835 2563 966 2593 minoris
997 2563 1171 2601 momenti,
1204 2563 1289 2604 quod
1318 2568 1431 2595 tamen
1465 2563 1509 2594 ad
1532 2562 1700 2604 negotium
1723 2561 1786 2594 boc

2 2638 10 2653 ,¹
31 2606 51 2650 J
72 2608 110 2635 0'..
125 2608 180 2639 ·de
204 2608 442 2649 exsequendum
467 2618 534 2640 non
558 2618 673 2649 parum
697 2609 860 2645 conducit,
884 2619 941 2649 pro
967 2620 1008 2642 ea
1026 2609 1187 2646 videlicet,
1212 2620 1310 2651 quam
1333 2610 1584 2642 meridianomm
1607 2609 1728 2651 ingerit
1750 2611 1785 2641 in

100 2669 126 2682 ω
156 2655 278 2687 Terrae
300 2656 396 2698 globo
421 2656 588 2692 alteratio,
619 2655 805 2687 diversitate
842 2656 979 2688 necdum
1016 2657 1097 2688 satis
1121 2662 1277 2690 accurate
1302 2657 1489 2698 explorata,
1522 2656 1563 2687 de
1587 2665 1649 2696 quo
1673 2660 1783 2688 tecum

43 2710 63 2725 ἰ
103 2740 106 2742 ¹
133 2711 272 2735 averem.
330 2702 365 2735 Si
394 2704 506 2745 itaque
537 2703 659 2744 aliquot
692 2703 844 2743 eclipses,
876 2704 1066 2743 praesertim
1096 2704 1263 2741 Lunares,
1296 2704 1391 2735 isthic
1422 2704 1583 2744 exquisita
1613 2703 1786 2746 diligentia

100 2750 181 2781 ritis
205 2750 300 2782 annis
324 2750 511 2782 observatas
534 2750 636 2782 habes
661 2747 717 2788 (de
742 2760 803 2791 quo
827 2759 894 2781 non
917 2749 1060 2791 dubito),
1094 2761 1206 2783 earum
1238 2756 1404 2782 momenta
1434 2759 1492 2791 per
1524 2750 1783 2783 observationum

63 2809 89 2823 =··
122 2797 383 2829 circumstantias
413 2807 541 2829 meeum
570 2803 697 2829 mature
731 2798 950 2829 communices
980 2799 1094 2835 velim,
1131 2809 1194 2840 quo
1228 2798 1401 2829 collatione
1434 2798 1527 2829 facta
1555 2807 1630 2829 cum
1655 2796 1701 2829 20
1725 2802 1785 2830 aut

31 2841 139 2885 [11113
155 2843 269 2876 Lunae
286 2844 433 2886 deliquiis
458 2854 480 2876 a
502 2855 555 2877 me
579 2855 644 2876 non
668 2845 780 2885 paucis
801 2846 871 2884 jam
894 2847 1070 2877 transactis
1095 2847 1188 2878 aunis
1214 2845 1385 2886 diligenter
1409 2844 1621 2876 consideratis
1645 2846 1783 2878 conferri

3 2882 10 2935 ζ
37 2907 66 2937 μς
94 2894 132 2922 t.
166 2891 323 2923 Exisumo
347 2893 434 2923 enim
456 2902 509 2924 me
534 2892 644 2934 aliqua
667 2893 752 2923 inter
776 2901 828 2927 ea,
853 2901 938 2933 quae
962 2901 1022 2934 ego
1048 2892 1210 2928 denotavi,
1234 2893 1449 2928 inventurum,
1475 2901 1560 2934 quae
1584 2893 1685 2925 etiam
1703 2902 1726 2925 a
1748 2898 1782 2925 te

64 2936 76 2982 f
117 2937 289 2970 observata
312 2943 400 2976 sunt,
425 2943 523 2981 atque
546 2939 622 2971 hinc
646 2939 895 2970 meridianorum
918 2939 1140 2980 intercapedo,
1166 2942 1224 2970 aut
1248 2938 1292 2970 ad
1310 2939 1478 2971 minimum
1503 2939 1620 2973 ductus
1644 2940 1782 2981 alicujus

47 2983 110 3010 ‘'f’‘
120 3000 123 3010 τ
156 2986 165 2993 '
190 2995 248 3027 per
269 2991 360 3018 certa
382 2987 544 3028 quaedam
557 2987 752 3018 Germaniae
776 2986 849 3017 loca
872 2987 1081 3027 pervestigari
1104 2986 1234 3027 poterit,
1258 2987 1502 3028 praesupposito
1523 2987 1676 3019 nimirum
1700 2997 1780 3029 quo-

62 3068 65 3071 ,
109 3034 240 3075 cognito
271 3033 314 3064 ad
336 3035 496 3066 rationem
519 3043 610 3071 eam,
642 3043 740 3075 quam
763 3031 970 3065 Ptolemaeus
996 3038 1030 3064 et
1054 3032 1251 3073 Copernicus
1275 3038 1506 3065 assumserunt.
1554 3032 1627 3067 Hoc
1651 3035 1678 3066 si
1702 3033 1781 3066 mihi

104 3093 110 3101 -
143 3081 190 3108 π’,
219 3079 337 3118 officii,
369 3090 439 3113 rem
460 3091 526 3113 non
554 3081 657 3113 solum
689 3086 819 3124 gratam
856 3080 915 3112 sed
950 3081 1052 3112 etiam
1081 3080 1299 3114 astronomiae
1322 3081 1516 3122 promotioni
1540 3091 1607 3114 non
1630 3082 1780 3114 inutilem

202 3126 295 3159 Idem
316 3138 442 3171 quoque
466 3129 553 3171 apud
577 3129 678 3166 alios,
710 3132 866 3171 quotquot
894 3128 967 3160 novi
990 3127 1184 3161 coelestibus
1207 3130 1408 3170 apparentiis
1434 3128 1573 3162 fideliter
1596 3129 1778 3168 attendere,
