2028 3242
759 59 800 92 (ιο
822 59 919 92 rebus
944 59 1157 102 astrologia».
1776 54 1861 98 29⁷

174 166 220 199 nit
239 165 296 199 mo
318 170 482 208 tempore,
516 167 610 207 cujus
633 166 821 198 meminisse
847 169 1008 206 oporteat.
1058 164 1151 197 Dens
1181 165 1214 197 iu
1245 164 1390 197 futurum
1421 164 1496 196 lites
1527 167 1675 200 avertat.
1713 172 1863 205 quarum,

275 212 403 250 ‚uuna
425 223 461 246 ιο
485 213 593 245 adhuc
615 213 741 245 indicia
765 212 926 249 offerunt,
952 215 987 244 et
1010 221 1073 254 ego
1096 220 1174 244 mea
1197 211 1372 244 solitudine
1397 211 1514 244 studeo
1539 211 1725 247 declinare,
1750 219 1856 253 quan-

153 305 221 339 Sed
242 315 309 349 qna
331 310 368 339 tn
391 307 498 339 fiunto
528 316 586 339 me
619 306 668 339 de
702 307 804 338 meis
841 305 1006 338 amoribus
1030 306 1212 340 mammas,
1237 314 1314 336 cum
1336 314 1380 336 ne
1404 305 1501 337 verbo
1526 304 1659 346 quidem
1682 307 1862 337 tuorum

58 350 258 387 mm
280 349 416 386 haias!
464 353 512 385 Te
537 354 624 386 enim
648 364 714 385 non
739 353 823 386 adeo
848 353 892 384 ab
915 352 979 384 illis
1003 352 1149 384 alienum
1166 360 1250 388 esse.
1277 351 1378 394 probe
1400 352 1494 388 nori;
1521 361 1597 384 cum
1622 355 1657 383 et
1681 355 1862 394 antequam

60 400 276 434 dcundum
299 399 492 437 Graecinum,
523 401 695 442 dispositos
718 399 764 432 ibi
795 409 923 432 amores
946 398 1115 435 habueris,
1150 402 1184 431 et
1206 399 1316 440 prima
1339 403 1438 431 nocte
1463 398 1506 431 ab
1530 398 1594 431 illis
1618 398 1778 431 inritatus
1802 400 1862 432 tis.

59 446 127 482 Sed
148 456 263 480 vereor
285 447 474 483 admodum.
497 457 542 481 ne
566 446 710 488 Cybelen
735 446 880 488 aliqixam
903 455 961 487 pro
986 445 1117 479 Venere
1142 445 1248 479 ducas
1273 449 1308 477 et
1331 445 1411 478 mihi
1435 454 1529 478 socer
1552 445 1624 478 fias.
1658 468 1667 476 .
1695 469 1702 476 .
1729 468 1739 477 .
1767 469 1775 477 .

151 493 265 527 Datne
287 493 432 528 Hir-avii
457 492 512 527 12.
538 491 630 534 (22.)
655 492 727 526 Gal.
750 493 832 526 Julii
859 491 961 525 159⁵.

1191 539 1255 572 Tui
1279 539 1524 571 amantissimus
1548 539 1653 572 frater

1091 585 1139 618 Π.
1166 585 1236 620 ch.
1262 585 1484 628 ortholph,
1519 586 1729 628 Praeceptor.

149 682 257 716 Anni·
278 682 425 724 ,tui-¹0
448 681 676 723 coquentibus,
701 684 880 722 occupatus
906 663 1200 713 conscribendoset
1224 680 1351 713 edendo
1375 680 1571 718 Prodromo,
1597 681 1752 713 detentus
1777 682 1864 713 curis

55 729 272 772 unpe'alibu.
306 738 360 761 ru
381 729 598 771 molegica
621 728 808 769 Kopion-un.
842 736 1043 770 quamquam
1067 736 1182 760 annua
1206 727 1304 760 edere
1328 728 1490 771 pergebat
1514 727 1715 760 Calendaria
1740 731 1777 760 et
1801 737 1861 760 na-

54 777 202 810 avim
231 776 336 809 erexit
364 776 573 818 petentibus.
610 784 682 808 raro
714 785 772 817 per
795 775 910 807 litem
943 776 1012 817 egit
1038 783 1114 807 cum
1139 775 1263 807 amicis.
1311 775 1409 808 Haec
1433 778 1563 812 nutem,
1595 785 1682 818 quae
1709 775 1859 814 diximus,

54 822 205 867 ποιοῦ,
237 831 367 864 suuper
405 832 479 855 eum
522 822 565 854 ad
595 822 668 854 illas
700 821 916 859 reduxerunt.
952 823 1162 864 animumque
1193 824 1263 863 eiua
1297 822 1512 855 intenderunt
1545 822 1590 855 ad
1627 826 1863 864 tempestatum

54 871 258 904 mundo-ec
288 870 492 912 vit-nmque
527 870 673 901 rationes
709 869 838 902 varias.
876 873 911 901 et
945 869 988 901 ad
1013 870 1251 911 comparandos
1276 879 1352 903 enm
1374 870 1439 902 iuis
1462 870 1672 912 planetarum
1697 874 1862 911 “pectam

56 922 95 951 ut
117 917 259 960 deniq-0
280 917 460 949 emendare
484 921 661 949 conaremr
685 916 897 959 annologiam
923 925 1061 958 eamque
1085 917 1190 949 menti
1223 926 1304 949 snae
1340 921 1374 949 et
1399 917 1519 949 rationi
1545 917 1652 960 magis
1683 922 1858 950 consenta-

55 973 165 1002 neam,
188 974 252 997 nee
275 973 342 996 non
365 964 507 1006 negotiis
531 963 597 995 illis
621 973 688 996 non
714 963 876 996 evitandis
902 963 1147 996 concinniorem
1169 964 1318 997 reddere.

148 1010 245 1044 naec
269 1016 425 1053 spectans
450 1010 712 1053 Tnbingensibns
738 1011 851 1043 amicis
876 1020 975 1043 sensa
998 1020 1062 1043 ma
1086 1012 1236 1052 aperiens
1256 1012 1417 1052 judicium
1442 1020 1553 1043 eorum
1570 1010 1634 1042 sibi
1659 1011 1796 1052 expetiit
1818 1011 1854 1043 in

56 1059 108 1092 hin
139 1068 267 1102 quoqne
302 1057 439 1095 auidiis.
471 1058 557 1090 sient
586 1058 621 1089 in
654 1057 726 1094 aliis
762 1063 994 1094 consueverat,
1031 1068 1107 1090 cnm
1129 1058 1360 1092 Hafenreffero
1397 1057 1486 1099 (vido
1510 1067 1611 1100 supra
1639 1068 1672 1100 p.
1698 1056 1760 1098 37)
1795 1062 1866 1090 tum

55 1105 246 1139 mmmm.
294 1105 334 1138 In
356 1105 461 1138 literis
484 1105 616 1147 quidem
641 1105 683 1137 ad
707 1105 795 1138 hunc
821 1103 870 1144 (d.
898 1103 953 1136 15.
978 1104 1080 1148 Mart.
1108 1103 1169 1146 98)
1196 1106 1283 1139 datia
1307 1106 1391 1139 haec
1416 1106 1576 1149 legimus:

173 1165 305 1218 Pergo
337 1164 389 1204 ad
420 1164 695 1217 astrologiam.
757 1165 814 1205 Et
844 1165 937 1219 quia
966 1165 1163 1217 prolixum
1200 1166 1318 1206 nimis
1348 1170 1478 1213 esset,
1523 1165 1701 1206 rationes
1732 1164 1863 1217 expli-

4 1264 6 1267 .
57 1237 150 1266 care
178 1223 258 1264 mei
287 1223 482 1272 instituti,
524 1237 624 1277 quae
656 1224 814 1264 omnino
846 1224 1098 1264 necessariae
1131 1225 1310 1274 fuerunt,
1349 1230 1513 1277 propter
1542 1228 1702 1264 vestros
1732 1223 1864 1264 homi-

57 1297 147 1332 nes,
190 1283 302 1323 illam
331 1282 556 1336 opinionem
585 1288 696 1323 tuam
728 1283 909 1335 exemplo
941 1283 1144 1332 refellam,
1182 1284 1296 1336 quasi
1341 1289 1411 1324 aut
1441 1288 1570 1323 totam
1602 1283 1865 1335 astrologiam

56 1341 314 1390 traduxerim,
347 1346 419 1382 aut
449 1341 534 1381 sine
565 1342 757 1390 domibus,
791 1341 985 1391 terminis,
1020 1342 1208 1392 faciebus,
1244 1342 1548 1395 triplicitatibus
1589 1343 1710 1393 (quas
1742 1342 1864 1382 etiam

55 1401 96 1442 in
127 1412 217 1440 meo
248 1399 383 1440 libello
413 1400 452 1440 in
485 1400 645 1440 dubium
678 1401 862 1450 vocavi),
901 1401 1123 1453 praedictio
1163 1402 1273 1442 nulla
1310 1401 1466 1442 institui
1496 1400 1641 1453 possit.
1703 1401 1867 1453 Loquor

58 1460 108 1500 de
138 1459 202 1500 bis
231 1458 555 1510 triplicitatibus,
597 1472 697 1512 quae
730 1459 855 1511 signis
895 1459 954 1500 ita
973 1467 1245 1503 *mensuratae
1283 1467 1394 1508 sunt,
1437 1464 1482 1500 ut
1520 1459 1556 1499 si
1585 1460 1699 1500 Mars
1738 1459 1864 1500 sitin

56 1515 140 1563 29⁹
156 1515 228 1560 59¹
252 1517 314 1568 γ’,
345 1517 402 1557 sit
430 1518 469 1558 in
501 1531 576 1559 sua
606 1518 843 1571 triplicitate
854 1532 866 1566 ;
905 1524 948 1558 at
979 1519 1014 1559 si
1052 1519 1090 1558 in
1121 1515 1177 1559 0⁰
1205 1519 1241 1560 1¹
1263 1520 1311 1570 ὅ,
1351 1519 1405 1559 sit
1447 1518 1487 1558 iu
1519 1518 1657 1558 Lunae
1688 1517 1864 1570 triplici-

57 1581 164 1624 tate,
201 1581 245 1616 et
273 1575 376 1616 alias
400 1575 507 1616 vires
538 1577 700 1618 babeat.
761 1577 851 1618 Non
885 1578 1023 1630 loquor
1054 1578 1103 1618 de
1135 1577 1532 1630 triangulationibus,
1577 1589 1667 1617 cum
1697 1577 1865 1630 singulis

58 1634 261 1676 aetatibus
289 1647 363 1688 per
390 1635 643 1688 planetarum
675 1636 920 1688 superiorum
940 1637 1240 1688 conjunctiones
1266 1643 1349 1678 tres
1370 1636 1471 1677 coeli
1490 1634 1674 1687 regiones
1695 1636 1863 1689 signan-

57 1699 124 1735 tur
135 1706 148 1743 ;
198 1705 276 1734 non
306 1693 355 1734 de
385 1694 589 1743 terminis,
623 1694 662 1734 in
696 1694 836 1747 quibus
868 1701 962 1735 sunt
992 1696 1095 1735 fixae
1127 1696 1354 1743 denatura
1383 1696 1655 1747 planetaruu13
1704 1707 1782 1734 non
1815 1695 1864 1735 de

57 1750 259 1800 domibus,
290 1757 486 1806 quatenus
517 1766 596 1793 uua
626 1753 707 1793 alia
738 1759 802 1793 est
833 1753 872 1794 iu
903 1754 1069 1794 zodiaco
1101 1755 1240 1803 altior,
1287 1760 1358 1795 aut
1389 1758 1586 1807 quatenus
1619 1752 1691 1794 Sol
1721 1753 1763 1793 in
1795 1753 1866 1794 illa

57 1811 238 1852 existens
273 1810 378 1852 alias
414 1816 681 1864 tempestates
718 1813 799 1852 ciet
835 1812 990 1852 ratione
1028 1813 1134 1853 anni.
1199 1812 1282 1854 Cur
1319 1813 1423 1853 enim
1470 1810 1495 1853 5
1532 1812 1722 1864 planetae
1766 1812 1866 1852 fines

57 1869 283 1922 partiantur
320 1869 545 1921 signorum,
590 1871 753 1911 excluso
786 1870 881 1911 Sole
925 1877 965 1912 et
996 1872 1138 1912 Luua?
1197 1873 1303 1914 Nam
1342 1873 1418 1912 hae
1463 1884 1591 1922 nugae
1624 1871 1864 1910 manifestae

58 1934 179 1968 sunt:
228 1927 425 1968 Saturnus
457 1933 499 1968 et
531 1927 603 1969 Sol
634 1929 824 1970 contrarii
857 1930 1052 1982 qualitate
1084 1931 1248 1976 caloris,
1289 1930 1517 1971 contrariae
1548 1929 1671 1981 igitur
1702 1929 1864 1969 exalta-

59 1986 188 2027 tiones
219 1986 260 2026 in
289 1985 339 2036 γ’
368 1991 498 2029 et..-.
435 1994 519 2035 ‘²5
548 1986 708 2039 Jupiter
738 1995 780 2028 et
799 1989 911 2029 Mars
942 1989 981 2028 in
1014 1989 1176 2030 humore
1208 1990 1398 2030 contrarii
1430 1988 1736 2041 quodammod0‚
1768 2001 1865 2040 ergo

60 2045 126 2084 ille
157 2044 196 2085 in
229 2054 294 2092 e),
331 2045 396 2085 hic
427 2045 466 2084 in
497 2049 542 2095 ,ὅ
573 2047 791 2086 exaltatur.
855 2046 924 2087 Sic
956 2047 1096 2088 Venus
1130 2054 1170 2088 et
1200 2048 1454 2088 Mercurius
1467 2047 1651 2087 diversae
1682 2053 1865 2094 naturae,

61 2115 156 2154 ergo
186 2103 259 2143 illa
287 2102 326 2142 in
357 2107 428 2151 Χ,
458 2104 522 2143 hic
553 2105 593 2143 in
625 2112 669 2161 τψ
700 2105 924 2153 exaltatum
968 2106 1084 2146 Luna
1114 2119 1208 2147 vero
1240 2108 1280 2146 in
1313 2107 1349 2156 ὅ
1381 2106 1603 2154 exaltatur,
1643 2105 1736 2158 qnia
1765 2118 1866 2146 con-

60 2160 188 2201 traria
205 2161 349 2209 Marti,
381 2162 494 2213 cujus
525 2163 664 2202 domus
697 2168 760 2202 est
790 2164 828 2202 in
853 2171 913 2214 1η.
976 2164 1031 2204 Et
1063 2166 1149 2217 quis
1170 2165 1257 2204 Deo
1288 2165 1461 2205 creatori
1493 2164 1634 2204 tribuit
1659 2164 1770 2204 illam
1799 2164 1865 2204 in-

61 2219 295 2259 concinnam
326 2192 559 2259 divisionem
595 2219 646 2260 12
677 2221 717 2260 in
749 2221 806 2261 7?
867 2221 974 2261 Sane
1006 2223 1164 2263 videtur
1202 2224 1485 2275 antiquissima
1516 2236 1626 2271 esse,
1667 2235 1758 2262 cum
1789 2223 1864 2262 ad·-

62 2277 152 2325 huc,
184 2282 230 2316 ut
260 2283 324 2317 est
353 2277 459 2329 apud
490 2278 765 2327 Aristotelem,
799 2278 870 2319 Sol
900 2286 1109 2331 putaretur
1139 2282 1245 2320 infra
1278 2282 1365 2331 Qu.
1427 2282 1539 2321 Tunc
1570 2281 1676 2320 enim
1707 2286 1868 2320 constat

62 2335 165 2376 ratio
196 2335 360 2375 ordinis.
418 2334 499 2374 Sed
532 2341 574 2375 et
605 2336 752 2376 domini
778 2337 1076 2389 triangulorum,
1110 2345 1156 2378 ut
1176 2340 1294 2387 nosti,
1327 2339 1503 2379 indidem
1528 2344 1633 2378 sunt.
1687 2338 1867 2378 Valeant

61 2394 137 2433 hae
168 2406 311 2445 nugae,
345 2393 416 2432 sed
450 2393 568 2433 alium
602 2395 639 2433 in
659 2395 816 2434 modum
848 2396 1012 2435 valeant
1031 2397 1170 2444 realia,
1205 2397 1279 2436 hoc
1300 2403 1375 2444 est,
1408 2397 1531 2448 probe
1553 2396 1864 2436 considerentur.

63 2452 140 2491 Illa
170 2451 273 2492 enim
303 2457 392 2491 tota
422 2452 526 2491 ratio
558 2452 727 2492 conficta
757 2459 820 2491 est
864 2454 914 2492 ad
947 2455 1190 2494 reddendam
1222 2461 1434 2494 eventuum
1465 2454 1725 2501 varietatem,
1770 2467 1866 2505 per-

63 2510 156 2549 inde
192 2523 241 2550 ac
284 2510 319 2549 si
360 2515 430 2549 aut
472 2522 548 2549 non
590 2516 703 2550 esset
742 2510 896 2550 infinita
937 2513 1114 2552 varietas
1158 2513 1197 2552 iu
1235 2513 1500 2564 permixtione
1531 2519 1768 2564 aspectuum
1798 2519 1870 2553 aut

62 2568 191 2607 omnis
221 2573 432 2608 eventuum
464 2568 747 2621 qualiscunque
779 2569 956 2609 varietas
989 2583 1039 2610 ex
1070 2572 1181 2611 coelo
1213 2573 1279 2618 sit,
1313 2572 1354 2611 id
1375 2572 1479 2623 quod
1505 2576 1613 2611 recte
1634 2583 1723 2611 cum
1748 2571 1868 2611 theo-

64 2625 166 2678 logis
195 2626 395 2679 impugno.
459 2626 620 2678 Optime
660 2633 917 2678 praeceptor,
964 2642 1014 2668 au
1045 2641 1122 2669 non
1163 2635 1273 2669 recte
1306 2642 1403 2681 ago,
1447 2630 1481 2670 si
1513 2642 1678 2681 operam
1708 2629 1780 2678 do,
1824 2628 1905 2676 nt*-

66 2684 196 2724 doctis
228 2690 270 2724 et
298 2684 547 2736 philosophis
579 2685 700 2724 etiam
738 2686 1011 2737 operationem
1041 2688 1142 2727 coeli
1174 2689 1439 2739 persuadeam
1465 2687 1727 2728 distinctam?
1775 2689 1868 2740 Ago
1892 2684 1905 2754 s

65 2742 202 2794 itaque
231 2748 278 2782 ut
294 2743 498 2783 Jesuitae·
532 2744 597 2795 qui
628 2744 755 2783 multa
775 2745 1002 2791 emendant,
1033 2750 1078 2785 ut
1100 2746 1279 2786 homines
1305 2746 1528 2786 catholicos
1561 2738 1896 2788 faciant.1mo
1947 2749 1990 2774 “f

66 2813 142 2840 non
173 2801 233 2840 ita
264 2813 358 2852 ago,
402 2815 494 2841 nam
526 2802 592 2854 qui
633 2815 768 2841 omnes
807 2814 935 2853 nugas
974 2803 1211 2851 defendunt,
1255 2810 1348 2843 sunt
1378 2804 1547 2844 Jesuitis
1579 2804 1749 2850 similes,
1794 2817 1869 2857 ego
1898 2828 1903 2835 «

67 2870 154 2898 sum
186 2858 440 2899 Lutheranus
472 2860 722 2911 astrologus,
762 2860 825 2911 qui
866 2860 981 2911 nugis
1013 2861 1182 2912 abjectis
1222 2862 1373 2902 retineo
1404 2863 1598 2902 nucleum.
1662 2861 1744 2916 Sed
1775 2875 1868 2904 ecce
1895 2838 1911 2909 ,³

68 2929 144 2956 non
177 2922 331 2957 tantum
362 2917 546 2957 volebam
579 2917 724 2957 dicere.
789 2918 854 2957 Ad
886 2919 1110 2969 exemplum
1141 2919 1276 2972 itaque
1310 2920 1439 2960 venio.
1496 2921 1629 2961 Natus
1661 2921 1734 2961 tibi
1766 2922 1869 2962 filius

69 2979 132 3013 est
164 2975 371 3026 Augustus
409 2973 473 3016 13.
494 2975 586 3015 Jan.
627 2975 690 3015 St.
723 2976 776 3015 V.
810 2976 894 3016 hor.
930 2975 969 3017 5.
1003 2974 1074 3017 24‘
1113 2983 1206 3018 ante
1238 2991 1289 3018 m.
1361 2978 1494 3019 Natus
1530 2979 1625 3019 mihi
1663 2984 1729 3019 est
1765 2980 1868 3020 filius
