1982 3268
676 63 1183 133 ’rmssoum
1792 96 1871 140 107

64 203 233 255 quilibet
262 217 290 245 a
318 204 496 256 quolibet
525 203 563 244 in
597 202 821 256 Cepernico
841 203 1070 245 dissideret.
1131 203 1351 244 Plurimum
1385 202 1580 255 temporis
1611 203 1690 244 isto
1722 204 1873 253 labore,

64 262 179 314 quasi
219 263 327 311 lusu,
371 263 551 316 perdidi;
595 275 683 304 cum
727 263 836 303 nulla
882 275 1008 315 neque
1038 262 1226 314 -ipsarum
1277 263 1594 314 proportionum,
1637 275 1766 316 neque
1805 263 1871 304 in-

65 327 353 363 crementorum
396 327 611 374 appareret
656 322 907 374 aequalitas:
953 320 1127 374 nihilque
1170 320 1360 360 utilitatis
1398 320 1489 360 inde
1525 322 1711 374 percepi,
1755 334 1875 376 quam

65 381 168 434 quod
200 380 415 422 distantias
446 381 579 433 ipsas,
625 386 668 420 nt
710 393 736 419 a
767 378 992 432 Copernico
1031 379 1217 432 proditae
1261 384 1377 427 suut,
1421 379 1620 422 altissime
1657 381 1875 422 memoriae

66 439 280 492 insculpsi:
326 441 507 493 quodque
538 440 640 480 haec
669 439 870 479 variorum
901 443 1115 479 conatuum
1145 438 1472 479 commemoratio
1510 443 1621 479 tuum
1652 453 1873 490 assensum,

66 499 360 552 lecton-quasi
389 498 553 540 marinis
583 498 790 546 fluctibus,
831 497 948 538 anxie
984 498 1075 537 hinc
1106 498 1196 538 inde
1220 497 1380 549 jactare
1411 502 1568 553 potest,
1601 498 1743 550 quibus
1774 500 1874 540 fati-

68 563 187 611 gatus
224 557 392 610 denique
432 562 549 598 tanto
585 556 773 597 libentius
805 557 857 597 ad
889 569 1034 597 causas
1065 556 1139 597 hoc
1170 556 1307 596 libello
1339 555 1568 608 expositas,
1600 562 1792 610 tanquam
1823 559 1874 599 ad

68 622 198 658 tutum
233 622 392 670 portum
429 622 470 657 te
501 616 686 668 recipias.
748 614 1074 656 Consolabantnr
1105 628 1167 655 me
1212 621 1348 655 tamen
1389 615 1554 656 subinde
1599 621 1642 656 et
1679 617 1718 656 in
1762 630 1874 670 spem

65 675 270 718 meliorem
310 675 522 728 erigebant
571 688 660 715 cum
697 675 803 715 aliae
847 675 1044 722 rationes,
1091 687 1192 726 quae
1229 673 1335 714 infra
1374 680 1609 727 sequentur,
1654 680 1739 716 tum
1770 678 1874 729 quod

67 747 226 787 semper
267 740 400 775 motus
437 733 671 775 distantiam
710 746 814 786 pone
852 733 966 786 sequi
997 733 1227 782 videbatur,
1272 739 1393 785 atque
1436 732 1503 773 ubi
1540 746 1710 786 magnus
1741 735 1874 776 hiatus

69 799 159 835 erat
195 794 301 835 inter
338 794 477 841 orbes,
522 798 612 833 erat
648 798 689 833 et
720 794 825 833 inter
861 799 1006 832 motus.
1069 790 1187 838 Quod
1219 791 1253 832 si
1286 792 1560 844 (cogitabam)
1588 793 1700 833 Dens
1743 801 1875 834 motus

69 853 121 892 ad
152 852 435 901 distantiarum
465 852 756 905 praescriptum
787 852 946 903 aptavit
978 851 1163 892 orbibus:
1195 850 1332 904 ntique
1365 857 1407 891 et
1436 851 1548 903 ipsas
1572 851 1792 894 distantias
1824 854 1875 893 ad

67 911 237 965 alicujus
266 912 326 952 rei
356 911 648 964 praescriptum
680 911 1008 951 accommodavit.

185 969 288 1012 Cum
316 970 440 1023 igitur
468 970 547 1010 bac
577 982 655 1010 non
687 970 939 1019 succederet,
972 969 1054 1009 alia
1085 968 1169 1016 via,
1201 968 1342 1010 mirum
1373 980 1494 1020 qnam
1524 969 1686 1016 audaci,
1718 971 1873 1011 tentavi

66 1029 233 1071 aditum.
297 1030 410 1071 Inter
443 1029 586 1070 Jovem
625 1034 668 1068 et
709 1029 885 1069 Martem
930 1028 1151 1081 interposui
1194 1039 1338 1068 novum
1379 1027 1657 1080 planetam,·)
1701 1028 1874 1082 itemque

0 1082 7 1128 ,ἶ
68 1089 191 1138 alium
221 1088 328 1130 inter
356 1089 559 1129 Venerem
589 1093 633 1128 et
661 1088 922 1136 Mercurium,
967 1100 1067 1140 quos
1098 1087 1199 1127 duos
1229 1087 1333 1127 forte
1364 1086 1416 1126 ob
1447 1087 1670 1128 exilitatem
1700 1100 1779 1128 non
1810 1089 1874 1129 vi·-

0 1139 4 1196 ἓ
69 1148 256 1196 deamus,
287 1147 415 1200 iisque
446 1159 521 1187 sua
551 1153 732 1199 tempora
762 1151 963 1198 rependum
994 1146 1177 1198 ascripsi.
1238 1145 1308 1186 Sic
1339 1145 1445 1186 enim
1476 1146 1779 1194 existimabam,
1811 1161 1874 1188 me

0 1204 4 1218 ²
69 1206 245 1260 aliquam
274 1206 563 1259 aequalitatem
593 1206 892 1258 proportionum
923 1206 1179 1252 effecturum,
1213 1217 1314 1257 quae
1339 1205 1618 1257 proportiones
1639 1206 1743 1246 inter
1762 1206 1876 1247 binos

70 1278 211 1307 versus
242 1264 379 1307 Solem
424 1266 561 1306 ordine
592 1265 878 1314 minuerentur,
922 1277 1065 1306 versus
1096 1264 1197 1304 fixas
1229 1270 1513 1316 augescerent:
1546 1271 1590 1305 ut
1620 1264 1782 1317 propior
1813 1271 1879 1305 est

6 1374 10 1377 Ὗ
69 1324 195 1366 Terra
224 1324 376 1364 Veneri
418 1324 457 1364 in
495 1324 723 1376 quantitate
754 1324 861 1364 orbis
888 1323 1131 1371 Terrestris,
1176 1334 1292 1374 qnam
1327 1323 1440 1362 Mars
1474 1322 1624 1363 Terrae
1661 1324 1699 1364 in
1745 1328 1875 1376 quan÷

68 1383 190 1424 titate
233 1383 341 1424 orbis
383 1383 537 1424 Martii.
598 1383 749 1423 Verum
793 1396 918 1435 neque
962 1383 1077 1422 unius
1118 1381 1308 1433 planetae
1355 1380 1608 1434 interpositio
1651 1382 1878 1423 sufficiebat

35 1462 48 1475 ι
68 1441 222 1495 ingenti
252 1442 380 1483 hiatui
411 1441 450 1490 'll
481 1447 524 1482 et
554 1447 602 1488 ὅ.
664 1442 858 1482 Manebat
899 1442 1004 1482 enim
1033 1441 1163 1493 major
1199 1439 1317 1480 Jovis
1361 1440 1415 1480 ad
1445 1439 1554 1481 illum
1598 1453 1742 1482 novum
1777 1454 1876 1494 pro-

13 1539 18 1547 ,
70 1501 224 1554 portio,
272 1513 389 1554 quam
436 1506 502 1541 est
538 1499 703 1541 Saturni
750 1501 801 1540 ad
842 1501 1005 1541 Jovem:
1057 1507 1099 1540 et
1144 1498 1218 1538 hoc
1259 1504 1381 1550 pacto
1425 1499 1607 1552 quamvis
1652 1500 1874 1541 obtinerem

70 1560 378 1613 qualemcunque
415 1560 733 1612 proportionem,
773 1561 903 1600 nullus
935 1565 1067 1600 tamen
1100 1571 1190 1599 cum
1228 1557 1382 1598 ratione
1424 1558 1532 1607 finis,
1579 1559 1711 1599 nullus
1741 1565 1875 1600 certus

17 1651 18 1654 η
71 1631 255 1659 numerus
285 1618 487 1659 mobilium
520 1619 673 1659 futurus
706 1624 815 1663 erat.
862 1632 989 1672 neque
1019 1631 1161 1659 versus
1191 1616 1315 1663 fixas,
1354 1629 1479 1669 usque
1511 1618 1604 1658 dum
1636 1619 1730 1658 illae
1761 1618 1874 1671 ipsae

72 1683 348 1718 occurrerent:
390 1690 518 1730 neque
548 1690 690 1717 versus
721 1677 858 1719 Solem
891 1691 1080 1730 unquam,
1125 1675 1216 1729 quia
1248 1675 1390 1715 divisio
1429 1676 1550 1728 spatii
1588 1683 1682 1728 post
1712 1677 1875 1718 Mercu-

72 1737 173 1790 rium
202 1736 350 1777 residui
395 1749 466 1788 per
502 1737 603 1776 hanc
645 1737 940 1789 proportionem
978 1737 1017 1778 in
1054 1735 1248 1778 infinitum
1285 1735 1536 1786 procederet.
1599 1737 1739 1789 Neque
1773 1735 1877 1776 enim

21 1820 23 1822 -
72 1795 123 1835 ab
152 1795 270 1836 ullius
294 1795 446 1836 numeri
472 1795 682 1835 nobilitate
709 1796 924 1848 conjectari
955 1801 1137 1848 poteram
1155 1793 1201 1842 ¹),

71 1866 142 1894 cur
170 1866 242 1906 pro
272 1853 435 1894 infinitis
472 1860 555 1894 tam
586 1868 715 1906 pauca
743 1854 905 1894 mobilia
942 1855 1198 1895 extitissent:
1250 1879 1279 1908 A
1484 1844 1544 1876 ἢ*
1565 1845 1593 1871 ⁸·

69 1912 474 1965 Nequeverisimilia
503 1913 600 1952 dicit
631 1913 825 1954 Rheticus
861 1914 901 1953 in
939 1928 1013 1954 sna
1041 1914 1199 1955 Narra·
1270 1904 1766 1960 ⁸=-⁷
1841 1898 1866 1928 υ

72 1969 197 2020 tione,
226 1984 315 2012 cum
346 1985 371 2011 a
401 1972 619 2012 sanctitate
648 1973 793 2013 senarii
819 1978 1120 2024 argumentatur
1151 1972 1202 2012 ad
1291 1957 1611 1989 —

71 2042 275 2070 numerum
305 2043 378 2071 sex
413 2031 612 2071 coelorum
643 2031 858 2072 mobilium.
918 2033 1025 2072 Nam
1056 2032 1121 2085 qui
1154 2027 1227 2071 de'

72 2088 198 2141 ipsius
216 2090 351 2130 mundi
370 2090 531 2130 conditu
551 2091 743 2143 disputat,
775 2104 851 2131 non
878 2091 997 2131 debet
1026 2091 1203 2131 rationes

26 2181 33 2191 2
73 2148 125 2188 ab
142 2147 193 2188 iis
210 2148 381 2188 numeris
401 2148 557 2198 ducere,
590 2150 656 2202 qui
681 2163 730 2189 ex
748 2150 866 2190 rebus
892 2150 1036 2190 mundo
1061 2155 1202 2202 poste-

36 2251 37 2254 *
73 2205 243 2246 rioribus
273 2206 509 2258 dignitatem
540 2207 713 2260 aliquam
745 2209 880 2260 adepti
912 2213 1018 2248 sunt.
1039 2211 1076 2256 ἔ)

190 2264 367 2305 Rursum
399 2265 477 2305 alio
507 2267 623 2306 modo
646 2267 862 2319 exploravi,
894 2272 1025 2307 utrum
1056 2280 1132 2307 non
1164 2267 1204 2306 in

1261 2166 1281 2209 „2-
1261 2096 1282 2121 θ
1262 1947 1283 2040 Qvo

74 2323 215 2364 eodem
252 2324 473 2376 quadrante
512 2325 704 2365 distantia
759 2325 970 2377 cujuslibet
1017 2326 1205 2377 planetae

74 2381 130 2422 sit
158 2382 358 2422 residuum
391 2396 442 2422 ex
482 2383 590 2431 sinu,
635 2390 676 2424 et
713 2389 843 2424 motus
881 2385 965 2435 ejus
1009 2385 1064 2424 sit
1098 2385 1204 2424 resi-

40 2451 46 2490 ,ζ
75 2441 193 2481 duum
224 2453 274 2481 ex
305 2441 391 2493 ejus
418 2442 696 2493 complementi
721 2443 823 2482 sinu.
875 2443 1070 2495 Fingatur
1103 2456 1204 2495 qua·
1259 2455 1289 2487 e
1826 2458 1855 2488 B

75 2500 235 2540 dratum
262 2500 355 2548 AB,
390 2514 415 2539 a
446 2500 741 2540 semidiametro
771 2501 894 2540 totius
924 2502 1099 2541 universi
1130 2500 1204 2541 AG

75 2558 331 2610 descriptum.
393 2559 456 2598 Ex
487 2560 633 2610 angulo
663 2559 785 2611 igitur
814 2560 848 2599 B
882 2559 966 2600 Soli
997 2560 1082 2599 sive
1121 2565 1258 2600 centro
1301 2561 1436 2602 mundi
1466 2562 1507 2603 A
1547 2562 1750 2615 opposito*
1771 2561 1875 2603 scri-

74 2616 194 2661 batur
223 2630 312 2657 cum
342 2617 454 2657 radio
486 2617 556 2658 BC
590 2619 789 2670 quadrans
823 2617 946 2658 CED.
1003 2618 1157 2658 Deinde
1188 2619 1228 2659 in
1260 2632 1356 2660 vero
1386 2621 1520 2661 mundi
1551 2621 1663 2661 radio
1694 2619 1770 2662 AC
1801 2633 1877 2660 no-

17 2711 18 2714 ,
53 2679 211 2728 *tentur
241 2675 331 2725 Sol,
363 2677 465 2716 fixae
496 2682 538 2716 et
567 2677 728 2717 mobilia
759 2689 830 2728 pro
860 2677 1016 2716 ratione
1048 2677 1352 2718 distantiarum:
1386 2693 1410 2718 a
1441 2679 1582 2731 quibus
1614 2680 1771 2730 punctis
1803 2692 1879 2719 ex-

15 2745 19 2782 3
53 2733 248 2774 'citentur
276 2740 425 2783 rectae,
458 2748 580 2787 usqne
612 2737 664 2775 ad
696 2736 906 2775 obversum
925 2734 1010 2775 Soli
1043 2737 1304 2787 quadrantem
1335 2742 1559 2788 porrectae.
1610 2736 1724 2783 Quae
1756 2737 1879 2790 igitur

53 2791 141 2832 'est
180 2793 383 2844 proportio
429 2794 731 2845 parallelorum,
777 2794 944 2833 eandem
980 2794 1141 2834 virtutis
1179 2795 1376 2835 moventis
1415 2796 1510 2835 finxi
1539 2809 1664 2848 penes
1696 2796 1878 2848 singulos

16 2849 20 2854 ”
60 2850 275 2901 ,planetas
325 2852 371 2891 In
392 2850 500 2892 Solis
527 2852 631 2893 linea
662 2853 836 2892 infinitas
868 2859 1087 2904 permanet,
1121 2853 1213 2905 quia
1245 2853 1322 2893 AD
1354 2854 1534 2906 tangitur
1563 2867 1639 2894 non
1672 2860 1833 2895 secatur
1851 2869 1877 2895 a

78 2909 311 2961 quadrante.
359 2910 518 2957 Infinita
548 2911 760 2963 igiturvis
791 2916 923 2951 motus
946 2911 984 2950 in
998 2910 1135 2967 5912.-
1147 2924 1293 2964 Πέῌέἒβ
1320 2911 1482 2968 nil-nisi
1514 2919 1645 2970 motus
1676 2911 1877 2971 ipsissimo

20 2962 23 2993 ἶ
59 2991 63 2998 ω
77 2972 184 3007 actu.
240 2968 285 3007 In
316 2968 515 3009 Mercurio
545 2969 700 3010 infinita
731 2971 836 3010 linea
867 2970 904 3009 in
938 2969 977 3008 K
1009 2970 1190 3010 abscissa
1221 2975 1297 3010 est.
1349 2969 1483 3017 Quare
1515 2972 1602 3024 ejus
1628 2965 1765 3013 ‘motus
1790 2964 1878 3024 jam

59 3031 142 3082 sest
172 3026 223 3065 ad
250 3032 405 3067 ceteros
425 3028 715 3079 comparabilis.
762 3029 806 3068 In
840 3028 927 3067 fixis
960 3028 1541 3084 MPQQQEWHDiBQ-IQQ
1574 3036 1617 3071 et
1647 3043 1878 3084 compressa

67 3082 116 3126 fin
148 3096 298 3125 merum
328 3090 516 3141 punctum
549 3085 595 3128 C.
658 3087 780 3128 Nulla
805 3079 1039 3140 ”igfffiffibi
1081 3087 1208 3131 virtus
1246 3081 1496 3131 ffi⁷motum
1555 3089 1642 3131 Hoc
1672 3081 1909 3131 theoremTs

262 3149 284 3154 ,Α
299 3145 364 3150 μή...
377 3146 384 3148 >
1214 3143 1455 3152 ω-,ῳ-η-ψ-»ψ-μῆ.

70 3152 237 3166 e—-ae‘ff
673 3160 720 3169 p.-
