2028 3242
141 116 156 158 1
168 114 224 160 68
819 116 971 158 Mysterii
997 113 1263 156 Comographici

137 228 326 272 motuum,
361 234 479 275 quam
511 221 587 262 sibi
619 221 697 275 ipsi
729 235 830 264 unus
863 222 1028 276 quisque
1053 222 1312 275 peculiariter
1337 222 1629 264 constituisset.
1678 222 1818 276 Itaque
1850 233 1950 274 opus

139 295 228 323 esse
261 281 484 328 attentione
517 286 558 321 et
589 281 787 322 industria
819 282 1036 334 singulari,
1079 286 1124 322 ut
1162 281 1303 334 quibus
1335 286 1406 322 aut
1443 281 1540 322 nihil
1578 286 1648 322 aut
1690 293 1830 334 parum
1873 281 1948 320 ad-

136 342 295 382 modum
327 340 458 392 opinio
491 340 763 381 observatoris
796 341 1021 381 addidisset
1059 341 1373 388 detraxissetve,
1417 354 1488 380 eae
1527 355 1552 381 a
1582 341 1780 394 corruptis
1813 352 1950 380 secer-

140 405 339 440 nerentur.
392 399 621 440 Secundam
653 413 816 441 causam
843 413 932 440 esse
966 401 1127 441 dicebat
1159 400 1334 440 siderum
1365 399 1625 441 inerrantium
1657 399 1746 440 loca
1777 412 1802 439 a
1831 404 1951 439 vete-

137 460 247 500 ribus
279 472 356 499 non
388 459 556 499 ulterius
590 472 708 512 quam
740 461 790 500 ad
823 465 1032 500 sextantes
1063 459 1237 513 partium
1269 459 1492 512 exquisita,
1532 464 1575 499 et
1605 459 1822 500 secundum
1851 458 1951 498 haec

138 525 272 559 tamen
304 518 516 571 praecipue
538 519 755 559 errantium
774 520 929 572 positus
951 520 1039 572 capi
1066 526 1274 572 oportere;
1306 531 1436 572 pauca
1468 518 1707 571 excipiebat,
1738 517 1778 558 in
1810 517 1952 571 quibus

139 578 353 619 declinatio
387 577 531 618 sideris
564 578 615 618 ab
641 579 922 630 aequinoctiali
943 583 1139 619 annotata
1163 591 1247 619 rem
1273 579 1497 630 adjuvaret,
1529 578 1634 630 quod
1659 578 1708 618 de
1733 577 1810 618 hac
1839 577 1951 617 locus

139 638 227 690 ipse
261 637 405 677 sideris
439 637 586 677 certius
619 638 808 678 constitui
835 638 922 690 jam
954 643 1105 692 posset.
1156 638 1337 678 Tertiam
1369 650 1532 678 causam
1557 637 1661 677 hanc
1680 635 1949 677 memorabat:

137 697 229 738 Non
262 696 410 736 habere
443 709 515 735 nos
547 697 652 737 tales
685 702 885 744 auctores,
919 697 1057 750 quales
1078 697 1334 738 Ptolemaeus
1353 696 1566 737 habuisset
1589 701 1684 749 post
1703 695 1952 749 Babylonios

138 762 180 795 et
212 754 464 804 Chaldaeos,
504 755 576 796 illa
607 756 911 806 luminaartis,
951 756 1248 808 Hipparchum,
1296 756 1598 805 Timocharem,
1642 755 1888 806 Menelaum,
1910 758 1954 794 et

138 820 307 863 ceteros,
343 827 507 866 quorum
540 820 582 854 et
613 828 684 855 nos
717 815 1066 856 observationibus
1100 829 1147 855 ac
1178 815 1407 868 praeceptis
1439 815 1514 855 niti
1545 828 1592 855 ac
1625 814 1822 855 confidere
1852 825 1952 869 pos-

139 875 276 914 simus.
347 873 400 914 Se
446 873 602 925 quidem
641 875 760 914 malle
804 875 843 914 in
888 875 937 915 iis
981 875 1260 927 acquiescere,
1310 887 1474 928 quorum
1517 874 1733 914 veritatem
1774 872 1953 926 profiteri

137 938 290 985 posset,
326 945 442 985 quam
474 933 512 972 in
547 934 820 985 ambiguorum
853 934 974 974 dubia
1005 935 1231 974 subtilitate
1260 939 1464 974 ostentare
1498 933 1648 986 ingenii
1680 931 1950 974 acrimoniam.

137 992 257 1032 Haud
289 992 447 1044 quidem
480 992 638 1044 longius
670 999 798 1041 certe,
839 994 904 1033 vel
937 993 1058 1033 etiam
1089 993 1252 1046 propius
1286 993 1443 1033 omnino
1476 993 1686 1037 abfuturas
1719 1004 1813 1032 suas
1844 990 1952 1032 indi-

139 1051 321 1092 cationes
355 1056 541 1091 sextante
569 1057 638 1092 aut
668 1053 890 1105 quadrante
921 1053 1050 1104 partis
1082 1053 1199 1093 unius
1232 1066 1256 1092 a
1286 1064 1409 1101 vero;
1438 1052 1553 1105 'cujus
1585 1052 1766 1092 defectus
1798 1055 1955 1091 tantum

141 1111 284 1150 abesse
316 1115 361 1150 ut
393 1123 435 1150 se
467 1111 697 1162 poeniteat,
735 1117 782 1151 ut
817 1124 1057 1164 magnopere
1097 1112 1296 1160 laetetur,
1341 1112 1416 1152 huc
1448 1123 1573 1164 usque
1605 1111 1725 1163 longo
1756 1116 1952 1163 tempore,

137 1169 292 1222 ingenti
324 1169 490 1215 labore,
523 1170 699 1211 maxima
731 1172 1005 1221 contentione,
1039 1172 1173 1212 studio
1207 1176 1248 1212 et
1278 1171 1477 1211 industria
1507 1170 1700 1223 singulari
1738 1170 1955 1224 procedere

137 1229 339 1282 potuisse..
384 1229 625 1269 Mercurium
659 1229 827 1282 quidem,
864 1231 979 1283 quasi
1012 1231 1230 1271 secundum
1261 1230 1515 1284 proverbium
1536 1228 1797 1276 Graecorum,
1827 1230 1954 1271 relin-

138 1288 288 1341 quebat
312 1289 351 1328 in
373 1287 503 1328 medio
525 1302 793 1337 communem3
827 1291 932 1343 quod
958 1290 1007 1330 de
1039 1290 1107 1331 illo
1141 1303 1269 1343 neque
1304 1302 1375 1330 suo
1409 1289 1542 1330 studio
1575 1289 1832 1330 observatum
1865 1302 1954 1331 esse

137 1348 301 1397 diceret,
335 1360 462 1400 neque
495 1348 546 1388 ab
579 1349 669 1388 aliis
702 1362 745 1388 se
778 1350 996 1401 accepisse,
1033 1363 1108 1402 quo
1140 1361 1383 1402 magnopere
1410 1348 1593 1402 adjuvari
1625 1353 1696 1389 aut
1726 1349 1832 1402 quod
1865 1361 1953 1390 om·

138 1407 230 1446 nino
261 1407 431 1459 probare
463 1401 617 1458 posset.
670 1409 736 1448 Me
770 1408 950 1460 quidem
960 1409 1086 1449 multa
1114 1422 1293 1459 monens,
1327 1408 1559 1461 subjiciens,
1591 1408 1856 1461 praecipiens,
1889 1408 1953 1448 in-

137 1466 275 1517 primis
307 1466 557 1519 hortabatur,
593 1471 637 1506 ut
668 1468 876 1508 stellarum
908 1468 1167 1508 inerrantium
1194 1467 1467 1508 observationi
1493 1480 1656 1520 operam
1677 1468 1828 1516 darem,
1859 1467 1954 1509 illa-

138 1538 222 1565 rum
253 1525 524 1577 potissimum,
559 1539 659 1578 quae
692 1527 730 1566 in
766 1527 957 1579 signifero
991 1533 1208 1579 apparent,
1252 1528 1355 1580 quod
1389 1540 1477 1568 cum
1510 1526 1573 1567 his
1605 1527 1824 1567 errantium
1855 1539 1954 1568 con-

139 1597 301 1635 gressus
334 1585 465 1624 notari
502 1590 691 1636 possent,
734 1586 841 1626 etc.“
905 1587 1114 1627 Hactenus
1153 1600 1203 1627 ex
1242 1586 1415 1639 epistola
1445 1585 1608 1627 Rhetici
1646 1599 1718 1636 ea,
1765 1599 1866 1640 quae
1905 1587 1955 1626 ad

138 1656 220 1684 rem
253 1643 375 1687 fuere.
440 1642 546 1689 Quid
578 1650 622 1685 tu
648 1645 761 1698 jam,
807 1645 933 1686 amice
972 1644 1123 1695 lector,
1169 1647 1216 1686 de
1251 1645 1474 1698 Copernico
1515 1645 1670 1686 sentis?
1721 1645 1765 1687 Si
1800 1646 1848 1686 de
1879 1645 1955 1687 hoc

138 1703 298 1754 negotio
332 1703 476 1743 fuisset
506 1704 681 1744 monitus
714 1709 834 1757 atque
869 1705 1222 1757 deprehendisset,
1259 1718 1376 1758 quam
1406 1718 1531 1758 prope
1565 1705 1674 1745 absit
1704 1706 1755 1746 ab
1789 1718 1835 1746 eo
1866 1718 1956 1745 cum
1994 1725 1999 1730 -

141 1761 223 1802 suis
255 1762 491 1811 rationibus,
528 1763 620 1815 quid
652 1768 770 1816 putas
802 1776 880 1804 non
913 1770 1143 1805 tentaturus
1176 1765 1340 1813 fuisset,
1376 1777 1490 1818 quem
1523 1764 1702 1805 laborem
1732 1777 1810 1804 non
1844 1777 1955 1805 sum-

140 1821 274 1869 sisset,
310 1827 353 1861 ut
386 1834 553 1873 corpora
586 1835 674 1862 cum
707 1823 789 1863 suis
822 1822 985 1863 orbibus
1018 1823 1283 1864 conciliaret?
1338 1824 1474 1876 Atque
1505 1824 1581 1864 hoc
1613 1824 1648 1864 si
1680 1824 1855 1873 daretur,
1890 1823 1957 1878 qui

140 1892 380 1926 consensuS,
421 1893 521 1932 quae
560 1882 755 1933 perfectio
788 1894 863 1921 non
898 1883 1097 1934 speranda
1129 1883 1271 1924 esset?
1334 1882 1426 1929 Qua
1456 1883 1495 1923 in
1528 1895 1570 1923 re
1603 1883 1697 1935 quid
1735 1883 1822 1933 alii,
1863 1882 1956 1936 quid

140 1939 226 1990 ipse
258 1938 498 1979 Maestlinus
537 1940 771 1993 aliquando,
817 1941 977 1981 favente
1009 1941 1117 1987 Deo,
1157 1942 1427 1994 praestiturus
1466 1942 1541 1992 sit,
1581 1946 1740 1994 tempus
1781 1941 1954 1983 docebit.

141 1998 304 2037 Interea
335 1998 470 2042 nolim,
506 1999 593 2051 quis
625 2005 773 2040 temere
807 2005 948 2040 contra
973 2014 1035 2040 me
1055 2002 1304 2052 pronunciet,
1338 2006 1379 2040 et
1412 2013 1538 2053 aequo
1572 2000 1704 2040 animo
1738 2001 1840 2041 hanc
1871 2001 1956 2042 litis

143 2056 376 2097 dilationem
409 2057 526 2097 ferat.

609 2181 666 2222 IN
700 2180 888 2224 CAPUT
918 2181 1182 2224 DEOIMUM
1215 2182 1495 2225 OCTAVUM

840 2265 992 2299 NOTAE
1017 2265 1255 2300 aucroms.

249 2332 290 2379 a)
318 2334 399 2370 Etsi
427 2345 554 2371 verum
581 2339 649 2377 est,
679 2336 894 2373 Prutenicas
923 2349 1088 2384 peccare,
1119 2350 1199 2374 cum
1227 2338 1340 2381 alias,
1371 2343 1449 2374 tum
1476 2339 1590 2374 etiam
1616 2338 1654 2374 in
1680 2337 1955 2384 prosthaphae·

142 2388 282 2424 resibus
313 2387 410 2422 orbis
440 2389 569 2430 annui,
607 2389 797 2434 potissima
825 2396 948 2427 tamen
977 2403 1090 2427 causa
1123 2405 1196 2428 non
1224 2393 1334 2438 hujus
1363 2396 1509 2428 tantum
1535 2392 1601 2435 rei,
1635 2393 1730 2438 quod
1756 2391 1956 2427 intervalla

144 2442 283 2477 orbium
311 2453 382 2476 non
411 2447 542 2477 exacte
572 2444 754 2488 quadrant
794 2446 838 2479 ad
878 2445 1132 2491 proportiones
1162 2447 1319 2492 quinque
1352 2457 1542 2491 corporum
1580 2444 1847 2492 geometricas,
1890 2445 1954 2479 sed

145 2496 255 2530 etiam
283 2494 376 2529 alius
405 2496 552 2541 majoris
583 2496 652 2536 rei,
697 2499 790 2542 quod
819 2498 959 2534 scilicet
997 2499 1197 2544 planetarii
1225 2501 1331 2534 orbes
1369 2500 1512 2534 habent
1538 2502 1665 2534 tantas
1695 2498 1832 2544 singuli
1860 2502 1954 2533 tam-

144 2561 212 2594 que
243 2548 449 2583 differentes
479 2549 793 2592 eccentricitates‚
837 2552 1026 2598 utriusque
1055 2553 1202 2598 inquam
1236 2553 1290 2588 rei
1320 2564 1434 2588 causa
1461 2557 1520 2587 est
1547 2552 1584 2587 in
1613 2551 1819 2598 archetypo
1847 2561 1955 2586 exor-

144 2601 300 2636 nationis
329 2606 489 2637 motuum
518 2604 711 2637 secundum
739 2605 902 2640 rationes
931 2605 1182 2641 harmonicas:
1212 2607 1275 2642 ubi
1305 2618 1382 2641 cum
1406 2618 1478 2641 non
1505 2608 1659 2651 possent
1686 2607 1844 2639 exactae
1871 2615 1956 2649 pro-

145 2655 329 2699 portiones
358 2655 535 2701 figurales
567 2661 667 2690 stare
691 2656 806 2701 juxta
834 2659 1090 2705 proportiones
1120 2659 1362 2702 harmonicas,
1391 2669 1542 2694 necesse
1570 2658 1641 2692 fuit
1660 2657 1747 2698 illis,
1775 2661 1818 2692 ut
1836 2656 1955 2703 magis

147 2710 191 2742 ad
219 2708 381 2742 rationes
411 2709 589 2744 materiae
618 2710 908 2753 declinantibus,
952 2713 1124 2760 derogari
1151 2725 1282 2759 parum
1310 2712 1462 2759 aliquid,
1493 2713 1548 2746 ‘ut
1585 2710 1839 2757 proportiones
1871 2711 1957 2745 har-

146 2761 308 2795 monicae
344 2761 459 2805 juxta
497 2764 613 2797 locum
654 2763 852 2806 haberent,
894 2766 981 2800 illae
1012 2767 1154 2813 quidem
1192 2767 1230 2801 in
1258 2765 1387 2812 spatiis
1429 2764 1567 2806 mundi,
1609 2764 1705 2800 istae
1733 2774 1822 2798 vero
1862 2763 1958 2798 inter

149 2819 265 2847 motus
307 2826 372 2858 per
411 2816 544 2860 spatia.
603 2816 694 2851 Vide
731 2818 826 2852 hunc
866 2824 1034 2855 ornatum
1075 2819 1361 2860 ornatissimum,
1404 2819 1466 2854 lib.
1496 2818 1540 2853 V.
1585 2818 1759 2853 Har-mon.
1802 2828 1884 2863 cap.
1921 2816 1956 2852 9.

149 2877 250 2910 prop.
283 2877 305 2900 a
335 2867 396 2901 46.
426 2868 462 2902 in
491 2869 554 2904 49.
587 2871 632 2904 ad
661 2871 821 2930 longum

255 2917 293 2959 b)
325 2920 397 2953 I1no
427 2921 463 2954 in
482 2922 602 2956 Marte
634 2927 720 2963 tres,
753 2923 788 2958 in
820 2925 962 2958 Venere
997 2925 1153 2971 quinque
1185 2898 1323 2972 gradus
1356 2925 1392 2959 in
1424 2930 1685 2964 transversum,
1716 2923 1754 2958 in
1777 2921 1958 2964 Mercurio

155 2971 199 3004 lo
233 2972 290 3004 vel
332 2973 371 3005 ll
396 2975 532 3018 gradus
566 2973 610 3016 (si
642 2976 751 3010 etiam
772 2978 845 3011 de'
837 2978 878 3011 iis
901 2977 999 3019 locis,
1029 2979 1092 3013 ubi
1124 2979 1279 3024 planeta
1305 2978 1364 3013 hic
1382 2977 1496 3013 videri
1523 2977 1659 3023 nequit,
1692 2989 1740 3012 ex
1758 2974 1958 3021 hypothesi

152 3023 314 3057 theoriae
334 3024 504 3060 Mercurii
525 3038 548 3061 a
567 3039 623 3062 me
644 3029 845 3065 constituta
865 3030 952 3065 licet
971 3031 1109 3077 aliquid
1129 3029 1330 3074 affirmare)
1361 3030 1469 3066 certis
1491 3029 1630 3065 orbium
1649 3029 1738 3065 locis
1770 3029 1807 3063 in
1835 3039 1957 3063 errore

151 3079 236 3110 sunt
263 3078 359 3120 apud
387 3078 458 3111 Pru
463 3079 611 3114 tenicas.

258 3125 295 3172 c)
326 3129 460 3164 Centra
484 3132 675 3176 planorum
707 3134 848 3181 figurae
870 3136 1164 3182 circumscriptae
1197 3142 1236 3172 et
1268 3137 1396 3186 anguli
1424 3138 1566 3185 figurae
1586 3134 1784 3181 inscriptae
1804 3145 1873 3169 non
1893 3145 1958 3180 po-
