2028 3242
883 98 992 140 Caput
1014 98 1088 131 111.
1810 96 1887 139 141

89 204 257 256 singulis
286 204 517 257 corporibus
549 204 913 252 accommodentur,
954 216 1032 244 000
1070 203 1131 243 itu
1165 203 1204 252 iu
1239 207 1402 255 promtu
1434 208 1511 253 est.
1533 204 1567 251 ⁹)
1628 203 1732 243 Illud
1764 203 1892 244 solum

88 267 214 315 patet.
246 263 444 317 pyramidi
475 263 612 304 deberi
642 250 1256 315 1131010013111,911311[9111013111
1269 261 1420 308 dicunt,
1452 267 1637 313 quartam
1668 261 1708 302 in
1740 261 1888 310 ordine,

89 321 203 375 quja
211 321 269 367 111
265 333 346 367 ea
364 322 496 365 minor
536 321 667 374 portio
711 325 775 361 est
816 316 855 374 Ἰ,
893 333 989 378 pars
1025 320 1229 374 integrae,
1273 319 1379 359 sicut
1417 319 1524 359 latus
1562 320 1749 372 trianguli
1795 322 1891 373 (quo

86 379 261 432 pyramis
291 380 435 428 utitur)
467 375 671 421 subtendit
712 374 751 433 Ἰ,
794 372 942 420 circuli.
963 378 994 427 ¹)
1053 376 1141 419 Hoc
1177 378 1295 430 plura
1332 378 1437 417 infra
1474 378 1783 427 confirmabunt,
1825 379 1891 419 ubi

87 439 137 479 de
167 439 399 491 aspectibus
432 451 608 490 agemus,
642 451 744 490 quae
770 443 813 478 ut
838 438 900 477 hic
921 438 1042 477 etiam
1061 437 1348 488 intelligamus,
1380 435 1537 476 01110100
1564 437 1622 476 113
1653 437 1888 489 cogitemus,

84 496 202 550 911381
231 497 331 538 fides
362 498 419 538 sit
447 509 524 537 non
556 501 668 538 recta
700 497 817 543 linea,
850 496 920 536 sed
952 496 1136 536 circulus.
1187 494 1312 535 Dabit
1345 494 1466 546 igitur
1491 495 1633 535 divisio
1659 496 1889 536 barmoniae

85 555 217 596 dietae
248 555 488 608 triangulum
518 555 559 596 in
591 567 667 608 quo
699 555 868 606 angulus
907 555 1026 595 lateri
1066 555 1303 607 opponitur,
1349 554 1468 605 plane
1512 559 1556 593 ut.
1600 554 1638 594 in
1681 555 1889 607 pyramide

84 614 254 666 angulus
283 615 419 667 plano:
473 613 704 655 Remanent
733 613 854 666 igitur
885 614 988 654 cubo
1018 619 1062 654 et
1091 613 1283 654 octaedro
1315 619 1464 653 octava
1494 619 1537 652 et
1567 619 1711 665 quarta
1742 613 1887 662 dictae,

83 672 207 715 tertia
236 678 281 713 et
309 671 481 726 septima
510 673 550 714 in
582 674 732 714 ordine.
795 672 878 712 Sed
915 680 1047 713 utrum
1084 684 1220 712 eorum
1256 678 1387 712 utram
1424 671 1672 712 harmoniam
1703 671 1889 712 tenebit?

80 737 214 772 utrum
243 732 421 773 dicemus
452 732 688 772 secundaria
719 732 895 783 recipere
927 744 1016 779 038,
1058 743 1160 783 9030
1199 731 1325 771 110038
1363 730 1565 778 scribant,
1606 736 1648 770 et
1685 730 1885 782 primaria,

81 802 183 842 91130
212 790 448 842 figuras?¹¹)
481 796 565 830 tum
597 791 697 831 cubo
729 790 938 830 debebitur
963 796 1107 842 quarta
1130 790 1254 836 dicta.
1304 789 1409 829 Nam
1443 789 1477 828 si
1510 802 1560 829 ex
1590 789 1666 829 fide
1698 789 1888 830 circulum

82 848 208 888 facias
238 855 285 890 et
311 862 362 889 ex
391 862 470 890 una
500 855 644 901 quarta
675 854 826 889 rectam
858 861 982 900 usque
1009 848 1129 888 aliam
1150 848 1274 888 ducas
1294 847 1458 894 tamdiu,
1490 848 1616 888 donec
1649 848 1686 888 in
1719 848 1887 900 primum

80 912 269 959 punctum
310 908 479 956 redeas,
523 908 593 948 fiet
635 907 974 960 quadrangulum,
1021 908 1137 959 quale
1179 907 1340 958 planum
1384 906 1507 946 etiam
1551 907 1674 946 cubus
1715 907 1884 947 obtinet.

80 964 234 1007 Contra
265 967 455 1008 octaedro
487 966 699 1006 debebitur
729 972 888 1015 octava,
922 978 1023 1018 quae
1057 971 1121 1006 est
1152 965 1338 1005 dimidiae
1370 965 1474 1006 fidis.
1529 965 1635 1006 Nam
1666 966 1706 1005 in
1739 965 1886 1006 circulo

79 1024 221 1064 ductus
262 1025 316 1066 ad
358 1025 562 1066 dimidiam
598 1031 640 1066 et
671 1026 723 1065 ad
753 1025 858 1064 idem
888 1029 1078 1077 puuctum
1111 1024 1211 1064 facit
1241 1024 1295 1064 nil
1327 1024 1403 1064 uisi
1436 1024 1595 1064 lineam.
1659 1023 1727 1064 Sic
1759 1025 1885 1064 dode-

77 1082 224 1124 11οὂὼο
255 1084 465 1125 debebitur
494 1085 600 1136 prior
633 1084 867 1136 imperfecta
897 1083 1056 1135 duplex.
1119 1083 1226 1123 Nam
1264 1083 1407 1123 ductus
1443 1095 1515 1135 per
1547 1082 1708 1135 quintas
1741 1088 1783 1123 et
1813 1095 1885 1135 per

76 1146 217 1183 sextas
247 1143 385 1184 circuli
416 1142 568 1184 faciunt
598 1143 935 1196 quinquangulum
967 1147 1009 1182 et
1039 1142 1314 1194 sexangulum.
1374 1140 1565 1181 Restabit
1595 1141 1716 1192 igitur
1747 1142 1884 1182 icosa-

76 1201 173 1241 edro
201 1202 401 1254 posterior
430 1202 667 1254 imperfecta
698 1201 860 1253 duplex,
892 1201 986 1253 quia
1016 1201 1159 1241 ductus
1190 1213 1261 1253 per
1293 1201 1394 1240 duas
1425 1199 1585 1252 quintas
1616 1201 1780 1252 repetiti
1811 1215 1882 1241 us-

75 1259 222 1312 quein
261 1260 367 1302 idem
407 1267 596 1314 punctum
642 1260 794 1300 faciunt
836 1266 994 1300 tantum
1037 1259 1176 1300 lineas.
1197 1261 1235 1307 v)
1297 1257 1366 1299 Sic
1410 1265 1453 1298 et
1497 1259 1639 1299 ductus
1682 1271 1769 1311 per⁴
1800 1266 1883 1300 tres

75 1323 267 1359 octavas.-
317 1321 386 1360 An
417 1319 615 1360 malumus
646 1319 837 1359 octaedro
869 1325 1052 1370 quartam
1093 1319 1208 1365 dare,
1250 1318 1343 1370 quia
1380 1317 1414 1358 is
1454 1317 1666 1357 duodecies
1699 1325 1883 1370 quartam

73 1377 212 1419 circuli
240 1377 458 1426 subtendit,
493 1378 533 1418 id
565 1378 668 1430 quod
701 1377 851 1416 nullum
883 1377 989 1416 latus
1021 1377 1112 1417 cubi
1145 1376 1275 1416 facit?
1296 1377 1343 1424 ¹¹)
1406 1375 1474 1416 Sic
1506 1376 1750 1428 relinquetur
1780 1379 1881 1418 cubo

73 1440 231 1484 octava,
264 1436 474 1477 baunonia
502 1436 817 1488 perfectissima,
850 1441 896 1475 ut
925 1436 1012 1487 ipse
1043 1435 1378 1487 perfectissimum
1411 1447 1555 1486 corpus
1586 1440 1664 1475 est.
1725 1436 1880 1475 Forsan

73 1498 116 1534 et
145 1494 243 1534 illud
272 1495 573 1536 convenientius
605 1500 687 1538 est.
721 1495 943 1546 relinquere
975 1494 1185 1534 icosaedro
1218 1494 1388 1546 priorem
1414 1493 1689 1545 imperfectam
1715 1500 1881 1546 propter

73 1554 345 1606 sexangulum,
378 1554 483 1607 quod
514 1553 601 1593 basi
634 1553 857 1603 triangulae
890 1557 1104 1604 cognatum
1128 1554 1255 1605 magis
1276 1559 1354 1601 est,
1387 1565 1503 1605 quam
1535 1552 1878 1605 quinquangulae:

72 1611 321 1652 dodecaedro
359 1625 455 1653 vero
496 1613 591 1652 dare
630 1612 864 1652 divisionem
901 1611 1148 1652 octonariam
1183 1616 1349 1664 propter
1384 1623 1588 1651 numerum
1625 1611 1803 1651 cubicum
1837 1610 1876 1660 8,

71 1669 166 1722 quia
196 1670 319 1711 cubus
348 1671 599 1711 dodecaedro
631 1670 879 1723 inscriptilis.
899 1671 936 1718 ¹)
997 1669 1109 1710 Haec
1142 1683 1239 1710 sane
1271 1670 1309 1710 in
1342 1670 1471 1710 medio
1504 1669 1586 1709 sita
1617 1670 1718 1719 siut,
1751 1670 1876 1710 donec

71 1728 218 1770 causas
249 1729 336 1782 quis
366 1730 573 1782 repererit.

185 1787 407 1830 Veniamus
438 1789 555 1829 modo
588 1788 639 1828 ad
672 1793 875 1840 aspectus.
897 1789 934 1836 y)
995 1786 1051 1828 Et
1089 1787 1406 1840 quandoquidem
1443 1786 1560 1827 modo
1599 1799 1649 1826 ex
1684 1786 1761 1826 fide
1794 1787 1874 1827 cir-

67 1845 199 1887 culum
230 1847 410 1899 fecimus,
443 1848 560 1888 facile
581 1853 645 1888 est
664 1848 812 1895 videre,
846 1847 1041 1900 quomodo
1073 1854 1163 1901 tres<
1187 1847 1392 1899 perfectae
1424 1846 1653 1886 harmoniae
1684 1845 1874 1898 pulcher-

66 1904 164 1954 rime
195 1902 284 1947 cum
313 1906 442 1949 tribus
473 1907 665 1960 perfectis
697 1905 927 1958 aspectibus
960 1906 1181 1958 comparari
1212 1906 1372 1958 possint
1396 1918 1454 1946 sc.
1481 1917 1569 1945 cum
1597 1907 1646 1953 ὁ),
1672 1907 1732 1954 Δ,
1759 1906 1820 1953 [J.
1836 1907 1873 1954 ¹)

65 1962 309 2018 Imperfecta
336 1977 432 2007 vero
462 1965 570 2018 prior
600 1966 635 2006 B
674 1965 805 2005 mollis
844 1965 896 2004 ad
933 1976 1104 2016 unguem
1141 1965 1283 2011 similis
1322 1969 1414 2005 est
1424 1963 1581 2013 sextili,
1625 1965 1736 2016 cujus
1773 1965 1872 2004 baec

66 2027 181 2072 nota,
215 2027 274 2072 ak,
308 2037 500 2077 quemque
531 2024 820 2064 debilissimum
852 2036 942 2063 esse
974 2025 1119 2063 ferunt.
1136 2025 1189 2071 ⁸⁸)

181 2081 385 2123 Habemus
416 2095 579 2123 causam
617 2083 796 2135 (qualem
827 2083 985 2134 quidem
1014 2082 1272 2122 Ptolemaeus
1311 2093 1389 2121 000
1421 2065 1553 2128 dedit)
1577 2079 1634 2129 m²)
1673 2093 1742 2120 cur
1778 2081 1870 2133 pla-

65 2144 184 2180 netae
215 2140 413 2182 distantes
443 2154 521 2182 uno
552 2146 623 2181 ant
652 2141 821 2194 9111119110
853 2141 978 2190 signis
1010 2154 1087 2180 non
1119 2145 1358 2181 censeantur
1387 2140 1427 2179 in
1456 2145 1637 2191 aspectu.
1686 2139 1792 2180 Nam
1824 2145 1871 2180 ut

65 2199 248 2247 vidimus,
279 2200 428 2240 nullam
458 2200 581 2240 talem
613 2200 652 2239 10
682 2199 845 2239 vocibus
877 2199 1061 2251 agnoscit
1083 2205 1228 2239 natura
1247 2198 1513 2239 concordiam.
1536 2200 1586 2246 ⁰⁶)
1633 2197 1735 2238 Cum
1767 2199 1871 2238 enim

66 2257 108 2298 111
138 2257 286 2298 0010118
317 2258 458 2298 eadem
489 2258 543 2298 sit
574 2258 676 2298 ratio
707 2258 939 2298 influentiae
971 2263 1014 2298 et
1051 2257 1368 2304 harmoniarum,
1409 2257 1600 2297 credibile
1639 2262 1703 2296 est
1735 2262 1776 2296 et
1807 2257 1870 2297 hic

29 2334 32 2338 >
64 2328 168 2356 0880.
231 2314 367 2357 Causa
398 2312 580 2368 utrinque
612 2317 748 2368 procul
780 2316 899 2356 dubio
932 2316 1071 2356 eadem
1112 2322 1193 2364 est,
1238 2327 1364 2368 eaque
1403 2328 1454 2354 ex
1485 2315 1655 2368 quinque
1687 2316 1868 2367 corpori-

55 2372 160 2415 bus:
182 2373 238 2423 ω)
276 2388 395 2428 quam
432 2376 523 2415 aliis
562 2375 826 2427 quaerendam
857 2374 1050 2427 relinquo.
1115 2374 1215 2415 Cum
1247 2374 1369 2425 igitur
1399 2385 1535 2413 omnes
1568 2378 1739 2426 quatuor
1770 2374 1867 2414 har-

7 2444 28 2450 ‘'
65 2434 218 2474 moniae
249 2440 469 2475 consonent
509 2433 591 2473 suis
629 2432 883 2485 aspectibus,
926 2438 970 2472 et
1013 2446 1104 2472 vero
1149 2433 1277 2472 adhuc
1322 2437 1404 2471 tres
1441 2437 1599 2472 restent
1638 2432 1677 2470 iu
1715 2433 1869 2472 musica

63 2490 306 2540 harmoniae,
339 2493 566 2545 suspicatus
589 2492 803 2544 aliquando
823 2504 922 2540 sum,
955 2503 1033 2530 000
1059 2491 1337 2542 negligendum
1369 2503 1459 2529 esse
1492 2490 1530 2529 in
1556 2489 1723 2541 judiciis
1755 2490 1867 2530 nati-

6 2545 32 2606 ),
63 2542 248 2599 vitatum,
280 2551 316 2591 81
345 2549 622 2604 11130013οἅ2
654 2556 723 2590 aut
763 2547 841 2589 144
871 2555 943 2589 aut
978 2547 1057 2589 135
1090 2550 1281 2600 gradibus
1312 2549 1477 2596 distent,
1509 2548 1746 2600 praesertim
1777 2561 1867 2588 cnm

62 2609 237 2658 videam,
278 2623 398 2650 unam
437 2623 489 2650 ex
524 2609 768 2662 imperfectis
798 2608 946 2648 habere
979 2620 1091 2647 suum
1122 2613 1343 2659 aspectum.
1359 2607 1414 2654 0⁰)
1475 2605 1672 2652 Quamvis
1703 2606 1868 2647 cuilibet

0 2658 10 2702 1¹
33 2675 35 2677 ’
61 2667 220 2708 oculato
250 2674 516 2709 meteororum
549 2666 789 2720 speculatori
832 2667 949 2706 facile
989 2666 1169 2718 patebit,
1216 2671 1347 2705 utrum
1384 2665 1520 2717 aliqua
1556 2665 1596 2704 in
1636 2665 1699 2704 his
1737 2665 1866 2705 tribus

8 2732 10 2737 “
61 2726 184 2766 radiis
214 2727 277 2767 vis
308 2727 422 2775 insit,
462 2740 550 2767 cum
581 2732 737 2766 ceteros
770 2731 958 2776 aspectus
990 2724 1095 2764 aeris
1127 2724 1368 2764 mutationes
1400 2722 1731 2763 constantissima
1759 2723 1866 2764 rati-

31 2812 33 2814 -
60 2784 179 2824 ficent
210 2785 472 2837 experientia.
536 2785 694 2826 Causae
727 2784 902 2836 quidem,
936 2795 1034 2835 quas
1065 2782 1326 2834 probabiliter
1357 2781 1446 2834 quis
1478 2781 1634 2830 reddat,
1669 2781 1773 2834 quod
1801 2779 1862 2833 318,

35 2854 41 2893 j
70 2837 132 2896 ¹l5,
171 2839 214 2896 Ἰ,
250 2844 291 2884 in
321 2844 398 2884 fide
430 2850 586 2893 sonent,
619 2843 657 2883 in
692 2842 854 2882 zodiaco
886 2854 964 2881 non
996 2846 1220 2893 operentur,
1252 2840 1329 2879 hae
1362 2852 1452 2879 esse
1482 2839 1728 2891 possint:“)

183 2901 227 2950 1)
260 2901 479 2955 Oppositus
500 2903 626 2950 solus,
660 2902 736 2941 duo
764 2900 978 2953 quadrata,
1012 2900 1138 2939 trinus
1171 2912 1259 2939 cum
1290 2897 1438 2947 sextili,
1471 2898 1687 2938 absolvunt
1717 2899 1864 2951 singuli

43 2951 370 3001 semicirculum:
415 2966 460 3000 at
497 2966 580 3001 tres
610 2960 652 3000 hi
682 2959 782 3000 radii
814 2959 963 2998 nullum
994 2958 1145 2998 habent
1178 2958 1327 2998 socium
1358 2957 1410 2996 ad
1441 2956 1515 2997 hoc
1545 2969 1707 3006 10110118,
1747 2970 1863 3010 quem

60 3018 213 3059 musica
244 3031 322 3059 non
352 3020 510 3070 penitus
541 3019 735 3071 repudiet.
799 3015 847 3069 2)
880 3016 1041 3069 Reliqui
1080 3016 1181 3056 radii
1213 3015 1409 3056 rationem
1441 3015 1591 3056 babent
1623 3015 1780 3056 facilem
1813 3029 1863 3056 ex

44 3075 279 3127 jffiametro,
317 3078 425 3118 latus
462 3078 768 3130 quinquangnli,
809 3082 850 3116 et
880 3075 1124 3116 subtendens
1156 3075 1232 3115 duo
1267 3075 1396 3117 latera
1433 3074 1742 3129 quinquanguli,
1783 3074 1862 3115 tria
