1982 3268
114 94 196 137 102
858 91 1007 133 Epistola
1031 92 1235 124 deificatoria

107 202 159 238 ris
186 201 370 241 distincto,
400 200 549 235 orbibus
578 199 772 241 caeruleis,
803 198 922 234 limbis
949 210 1058 240 vero,
1083 200 1118 234 in
1149 199 1279 245 quibus
1307 200 1482 244 planetas
1509 200 1702 235 decurrere
1731 197 1915 245 significa-

107 256 230 296 batur,
262 253 378 294 albis,
407 253 604 298 perlucidis
633 253 809 294 omnihus,
840 252 892 287 sic
919 257 961 287 ut
990 253 1053 287 Sol
1081 252 1117 287 in
1147 256 1272 287 centro
1300 253 1485 297 pendulus
1510 251 1627 288 videri
1652 257 1792 298 posset.
1848 253 1915 289 Sa·

109 307 206 343 turni
235 306 333 342 orbis
361 317 428 342 sex
457 306 605 342 circulis
628 307 997 352 repraesentabatur,
1028 306 1088 351 qui
1107 310 1232 340 mutuo
1262 317 1449 346 concursu,
1479 306 1575 341 terni
1595 306 1749 352 quidem,
1779 306 1916 353 angulo

107 360 191 396 cubi
227 360 346 396 locum
383 359 604 407 signabant,
644 360 715 395 bini
746 371 832 395 vero
871 363 996 394 centro
1037 359 1140 405 plani
1169 359 1284 394 cubici
1324 359 1607 404 superstabant;
1647 358 1749 395 Jovis
1778 359 1917 395 orbium

107 412 267 450 extimus
296 412 425 453 tribus,
454 413 602 450 intimus
630 425 698 448 sex
727 412 883 453 circulis,
912 412 1044 447 Martis
1074 412 1232 447 extimus
1261 412 1393 447 iterum
1421 424 1516 453 sex:
1542 412 1688 448 intimus
1715 423 1816 453 vero,
1844 424 1917 447 non

106 465 223 503 minus
251 476 361 512 quam
387 467 544 502 Telluris
573 471 748 512 uterque,
777 466 1004 511 Venerisque
1032 466 1212 506 extimus,
1255 465 1391 512 singuli
1419 465 1521 501 denis
1549 465 1694 502 circulis
1722 466 1915 501 adumbra-

106 521 268 560 bantur,
308 530 461 565 quorum
488 520 586 566 quini
614 519 824 559 duodecies,
863 519 959 554 terni
986 519 1115 560 vicies,
1157 519 1233 554 bini
1274 519 1398 554 tricies
1427 520 1706 555 concurrebant.
1763 518 1917 557 Veneris

107 572 206 609 orbis
234 572 379 609 intimus
409 574 577 619 aequalis
606 577 690 608 erat
716 572 817 608 Jovis
847 572 997 613 extimo,
1027 573 1198 607 Mercurii
1227 573 1323 607 orbis
1352 572 1454 607 Jovis
1478 573 1630 608 intimo:
1666 572 1918 617 spectaculum

106 638 178 662 non
205 626 453 667 inamoenum,
483 627 586 672 cujus
614 626 855 662 rudimentum
884 626 1046 671 quidem,
1076 630 1116 660 at
1144 638 1216 660 non
1243 627 1355 672 plane
1383 626 1602 672 genuinum,
1640 625 1764 660 videre
1794 629 1853 660 est
1881 625 1917 660 in
1951 630 1956 635 “

106 679 230 725 figura
254 678 340 715 huic
365 680 539 715 volumini
566 680 749 725 praefixa.
904 679 907 682 ’

213 728 261 778 g)
287 733 423 768 Locum
451 732 591 768 invenit
618 725 829 768 adhortatio
858 743 956 773 mea,
999 733 1184 767 commodo
1211 743 1291 767 meo
1329 744 1401 767 non
1430 730 1592 778 exig-um
1631 742 1738 778 quam
1767 742 1917 766 comme-

106 785 347 822 morationem
380 786 509 821 honori
546 797 737 831 procerum
765 798 813 820 ex
842 785 1080 831 gratitudinis
1109 786 1195 831 lege
1236 785 1369 820 tribuo.
1425 784 1584 820 illustris
1612 785 1659 820 D.
1690 783 1915 830 Capitaneus

106 840 153 874 de
178 838 327 883 proprio
357 839 504 879 statim
545 839 677 879 ceteri,
704 843 747 874 ut
774 842 884 873 erant
910 839 990 874 loco
1020 838 1181 884 corporis
1209 838 1511 879 Provincialium,
1547 841 1767 883 exspectato
1794 848 1919 873 eorum

107 895 288 928 conventu
326 892 414 928 anni
445 893 567 934 1600,
606 892 836 939 magnificam
877 891 964 926 mihi
1005 895 1093 927 tunc
1131 891 1168 926 in
1195 891 1374 926 Bohemia.
1411 891 1557 927 absenti
1597 890 1918 932 renuntiationem,

107 955 319 990 quanquam
345 946 531 980 exhaust-o
560 946 740 981 continuis
768 945 880 980 bellis
917 945 1115 981 limitaneis
1145 945 1289 980 aerario
1330 945 1585 991 impetrarunt.
1641 945 1701 979 lta
1737 945 1919 979 coelorum

107 998 272 1033 conditor
298 998 385 1034 mihi
415 1010 565 1043 operum
594 1011 739 1035 suorum
766 998 940 1044 praeconi
976 1003 1064 1035 tunc
1091 1000 1135 1034 de
1163 998 1299 1048 viatico
1326 998 1539 1045 prospexit,
1578 997 1755 1034 familiam
1783 997 1821 1034 in
1847 998 1919 1033 Bo-

106 1051 264 1088 hominm
291 1053 534 1089 translaturo.
1147 1050 1154 1055 “

893 1230 1135 1239 ,....-—---——.--

538 1410 815 1452 nnmcsrm
846 1384 1111 1452 anmoins
1142 1410 1488 1455 rosmmoms.

485 1601 1133 1679 REVERENDISSIMO
1190 1575 1542 1695 Panum,

671 1724 961 1766 ADMODUM
992 1725 1358 1767 REVERENDIS

109 1823 551 1896 PRAESULIBU&
584 1824 993 1901 1LLUSTRIBUS,
1027 1824 1381 1902 GENEROSIS,
1412 1827 1462 1885 L.
1477 1827 1528 1887 L.
1551 1826 1921 1901 BARONIBU&

322 1920 668 1996 NOBILIBUS‚
708 1920 1036 1998 STRENUTSJ
1065 1920 1398 1992 EQUESTRIS
1437 1922 1708 2000 0RD1N18,

111 2029 162 2069 D.
182 2029 233 2070 D.
260 2029 578 2071 provincialibus
610 2030 809 2071 universis
842 2031 1153 2084 splendidissimi
1180 2031 1361 2074 Ducatus
1388 2031 1575 2085 Styriae;
1608 2033 1791 2074 Dominis
1824 2034 1922 2077 meis

856 2102 1175 2154 gratiosissimis.

162 2194 525 2236 Reverendz‘ssz‘me
556 2195 767 2250 Princeps
773 2210 790 2244 ;
822 2196 1064 2239 Admodum
1094 2196 1347 2245 Rev-ermeli,
1380 2195 1593 2246 Illa-sires,
1630 2196 1863 2245 aeneo-om

525 2265 717 2315 Nobiles,
753 2267 948 2315 Strenui;
979 2268 1163 2309 Domini
1188 2268 1504 2322 yram-sissima

229 2381 371 2422 Annus
392 2383 454 2422 hic
475 2388 540 2423 est
563 2384 775 2424 vicesimus
803 2385 977 2437 quint-uS‚
1000 2398 1048 2425 ex
1081 2398 1156 2437 quo
1189 2385 1368 2425 libellum
1400 2398 1474 2438 ego
1505 2389 1780 2438 praesentem,
1812 2385 1920 2439 My..
1967 2426 1982 2440 γ’

111 2441 317 2480 sterium
351 2440 818 2495 Cosmographicum
849 2445 1126 2494 indigem-tum,
1149 2444 1459 2496 Magistratibus
1490 2445 1597 2485 illius
1630 2443 1835 2496 temporis,
1869 2444 1918 2484 dc
1980 2461 1982 2499 3

110 2504 272 2539 vestrae
305 2502 598 2547 communitatis
630 2503 939 2543 honoratissimo
972 2517 1136 2556 corpore
1168 2505 1304 2553 lectis,
1344 2504 1576 2556 inscriptum
1609 2504 1712 2544 inter
1741 2502 1921 2543 homines

111 2557 285 2611 vulgavi.
347 2559 439 2600 Etsi
471 2573 564 2600 vero
598 2567 690 2602 tunc
723 2563 868 2614 oppido
895 2563 1054 2616 juvenis
1087 2577 1215 2613 eram,
1248 2564 1494 2618 primumque
1526 2563 1600 2603 hoc
1628 2561 1920 2615 astronomicae
1979 2561 1982 2615 ξ

111 2617 372 2667 professionis
404 2620 641 2672 tyrocinium
675 2622 860 2667 edebam,
894 2635 1102 2663 successus
1133 2628 1267 2663 tamen
1312 2622 1387 2676 ipsi
1426 2626 1731 2663 consecutorum
1759 2626 1919 2675 tempo·
1958 2660 1959 2664 ,

112 2688 195 2717 rum
229 2677 337 2718 elata
368 2690 464 2718 voce
498 2685 712 2729 testantur,
746 2681 895 2722 nullum
927 2681 1212 2728 admirabilius,
1233 2682 1381 2723 nullum
1403 2681 1569 2730 felicius,
1596 2680 1746 2721 nullum
1765 2679 1922 2721 scilicet
1957 2675 1973 2700 2‘

111 2733 149 2773 in
181 2735 352 2776 materia
383 2737 552 2787 digniori
584 2739 757 2790 positum
791 2753 878 2780 esse
913 2753 1084 2793 unquam
1116 2755 1141 2780 a.
1172 2754 1369 2794 quoquam
1401 2739 1650 2794 tyrocinium.
1694 2739 1786 2782 Non
1816 2738 1921 2780 enim
1971 2743 1973 2747 ’

112 2792 249 2832 haberi
281 2795 401 2835 debet
430 2796 525 2836 illud
560 2798 703 2838 nudum
735 2799 882 2850 ingenii
913 2800 988 2840 mei
1020 2796 1286 2840 commentum
1324 2800 1452 2848 (absit
1482 2798 1600 2851 hujus
1631 2798 1689 2840 rei
1714 2796 1918 2850 jactantia.
1971 2798 1974 2803 ’

114 2864 138 2888 a
168 2851 290 2896 meis,
330 2854 540 2895 admiratio
573 2870 598 2895 a
629 2857 791 2897 lectoris
824 2859 1031 2908 sensibus,
1075 2859 1166 2899 dum
1208 2858 1430 2910 sapientiae
1475 2857 1678 2899 creatricis
1716 2855 1918 2908 tangimus
1965 2862 1973 2906 j

114 2908 352 2949 psalterium
397 2912 728 2964 heptachordum)
775 2918 1093 2969 quandoquidem
1136 2930 1212 2957 non
1260 2931 1374 2958 secus
1410 2931 1466 2957 vac
1505 2917 1539 2957 si
1584 2916 1779 2956 dictatum
1821 2913 1920 2955 mihi
1964 2919 1973 2926 '⁴

114 2967 259 3034 fuisset
295 2969 345 3007 ad
384 2971 577 3011 calamum
621 2975 824 3014 oraculum
863 2976 1030 3016 coelitus
1069 2977 1296 3028 delapsum,
1343 2976 1402 3016 ita
1439 2976 1570 3016 omnia
1606 2974 1762 3027 vulgati
1794 2973 1919 3014 libelli
1963 2979 1967 3004 ὲ

115 3028 251 3076 caprta
291 3029 507 3080 praecipua
550 3037 591 3070 et
633 3033 843 3073 verissima
884 3034 1020 3074 statim
1066 3035 1192 3086 (quod
1231 3028 1362 3074 solent
1406 3048 1528 3087 opera
1565 3033 1641 3073 Dei
1682 3033 1916 3079 manifesta)

114 3083 272 3124 fuerunt
305 3085 443 3137 agnita
474 3088 523 3128 ab
556 3088 888 3144 intelligentibus:
924 3099 964 3133 et
995 3105 1067 3147 per
1098 3093 1170 3132 hos
1198 3091 1253 3134 25
1276 3100 1400 3134 a'nnos
1426 3094 1519 3136 mihi
1545 3094 1668 3134 telam
1693 3089 1918 3147 pertexenti
1943 3126 1969 3141 ⁷·
