1982 3268
164 75 231 118 58²
686 71 689 75 ⁴
951 79 1165 113 Prooemium.

165 184 326 227 Vergilio,
361 185 519 227 Episcopo
551 185 791 228 Salisburgensi
823 195 950 229 quoque
984 187 1047 219 fuit
1078 186 1226 220 adversa.
1275 187 1350 226 Hic,
1376 189 1547 222 Aventino
1569 190 1623 222 lib.
1651 188 1671 222 3
1697 192 1782 223 Anu.
1806 189 1959 231 Bojoru'm

164 242 189 265 s.
217 233 416 266 Bavarorum
439 233 617 269 referente,
649 234 711 265 fuit
736 233 913 266 divinarum
947 234 1226 278 humanarumque
1250 245 1358 268 rerum
1381 237 1514 279 peritus.
1562 234 1659 271 Unde
1683 238 1723 271 ob
1747 237 1960 271 eruditionem

165 284 199 312 et
221 280 426 321 prudentiam
451 281 648 323 singularem
672 282 760 314 brevi
784 281 981 323 principibus
1003 282 1240 315 carolomanno
1265 287 1299 315 et
1321 283 1436 325 Pipino
1461 285 1645 318 insinuatus
1674 286 1709 319 in
1740 285 1818 319 aula
1842 293 1959 326 accep·
1979 285 1982 288 ⁴

163 329 306 359 tissimus
328 328 408 360 fuit:
439 328 515 360 inde
540 329 626 370 apud
649 329 813 361 Utilonem
837 328 994 369 Bojariae
1027 330 1175 373 regulum
1198 331 1234 363 in
1258 340 1387 364 summa
1411 332 1607 365 auctoritate
1629 333 1763 366 habitus
1787 335 1847 365 est.
1895 331 1959 364 Hic

163 376 251 407 idem
274 376 308 407 in
333 375 508 417 disciplinis
531 376 773 409 mathematicis
799 380 833 408 et
855 377 890 408 in
914 377 1118 419 philosophia
1141 378 1280 420 profana
1302 380 1420 422 magis,
1446 389 1544 422 qnam
1569 383 1638 412 tum
1656 379 1837 413 Christiani⁴
1854 389 1960 412 mores

164 423 311 456 ferebant
335 421 381 463 (h.
402 434 429 455 e.
455 433 552 466 quam
575 424 660 456 illius
684 424 786 456 seculi
802 424 968 456 barbaries
986 423 1076 465 tulit)
1103 426 1257 464 eruditus,
1285 435 1461 470 earumque
1486 428 1682 460 certitudine
1706 428 1818 465 fretus,
1845 431 1960 459 contra

164 471 345 512 opinionem
369 471 456 513 vulgi
482 475 514 504 et
539 472 638 503 etiam
656 472 843 514 Augustini,
868 471 1039 504 Lactantii
1063 476 1097 506 et
1123 473 1269 511 aliorum,
1295 475 1378 506 forte
1399 475 1567 512 docuerat,
1593 474 1727 508 Terram
1751 484 1823 507 esse
1847 474 1958 518 globo-

164 529 245 556 sam,
272 519 363 560 eique
388 519 526 561 undique
547 519 760 551 circumfundi
776 518 934 551 homines.
973 520 1022 552 Ex
1046 530 1108 562 quo
1133 522 1287 563 seqnitur,
1313 523 1400 563 quod
1422 523 1455 554 in
1481 522 1584 555 Terra
1607 523 1674 555 sint
1698 522 1880 565 antipodes,
1905 522 1959 564 qui

164 567 323 600 conversis
347 567 433 598 inter
456 577 491 599 se
514 568 649 608 pedibus
673 570 774 603 stent,
799 565 858 599 dcc.
908 566 980 598 Hoc
1011 567 1132 610 dogma
1163 570 1213 601 ita
1244 573 1417 611 acceptum
1449 573 1517 607 est,
1552 571 1646 613 quasi
1669 570 1834 613 Vergilius
1859 569 1969 602 alium

162 614 335 648 mundum.
369 614 447 646 alios
472 615 530 647 sub
555 613 656 647 Terra
679 615 847 651 homines,
880 614 980 646 alium
1006 614 1116 648 Solem
1141 620 1176 649 et
1199 617 1330 649 Lunam
1356 621 1502 654 asserat,
1537 618 1669 660 quidam
1695 618 1841 655 addunt,
1866 618 1960 659 quasi

163 663 263 695 alium
288 661 447 694 Christum
470 662 623 694 inducere
648 662 795 694 voluerit.
839 661 934 694 Haec
960 661 1131 695 Vinofrido
1158 661 1230 707 (qui
1254 674 1294 696 ex
1318 665 1439 707 Anglia
1469 665 1622 697 oriundus
1654 675 1676 697 a
1697 665 1848 698 Romano
1871 663 1959 697 Pon·

162 710 251 742 tiflce
277 710 452 751 Episcopus
477 714 510 742 et
533 709 681 751 Legatus
706 709 913 751 Apostolicus
937 719 996 750 per
1021 710 1231 744 Germaniam
1257 712 1466 754 designatus,
1497 717 1531 744 et
1553 716 1680 744 mutato
1704 713 1835 745 nomine
1858 711 1957 744 Boni-
1979 705 1982 735 ἕ

162 758 267 790 sacius
289 757 481 798 appellatus,
507 761 604 799 atque
622 767 643 789 a
661 757 898 789 Carolomanno
924 762 958 789 et
973 757 1088 799 Pipino
1109 759 1371 801 archiepiscopus
1387 758 1599 802 Moguntinus
1624 760 1812 793 declaratus
1835 756 1958 799 fuerat)
1967 749 1982 820 ἑ

162 806 234 837 visa
257 809 333 836 sunt
356 806 456 847 impia
487 808 520 837 et
551 805 773 847 philosophiae
809 804 938 836 divinae
968 807 1198 848 repugnantia.
1250 806 1394 849 Cumque
1418 808 1608 840 Bonifacius
1632 808 1688 840 ille
1712 806 1892 851 Vergilium
1916 806 1977 845 ads

162 852 388 892 revocandum,
414 853 506 894 quasi
526 853 596 884 istis
620 853 747 885 naeniis
773 855 806 884 et
831 852 1053 885 deliramentis
1078 854 1208 886 sincera
1233 858 1266 886 et
1291 854 1427 896 simplex
1447 854 1568 887 Christi
1592 855 1761 896 sapientia
1783 855 1956 896 polluatur,

161 900 347 942 pertrahere
371 911 435 932 uon
458 904 578 942 posset,
603 901 673 942 ipse
697 910 766 932 rem
791 899 834 932 ad
855 899 1054 932 Zachariam
1069 900 1263 934 Pontificem
1279 901 1466 934 Romanum
1491 902 1606 935 defert.
1645 901 1711 935 Sed
1736 907 1770 935 et
1794 903 1856 944 ipsi
1871 901 1959 934 Pon·

161 948 242 980 tifici
264 948 462 989 philosophia
487 947 620 990 Vergilii
644 948 706 980 fuit
731 951 902 989 suspecta,
930 948 1069 980 mandat
1092 949 1210 990 igitur,
1241 953 1281 981 ut
1304 948 1470 992 Vergilius
1494 949 1719 992 philosophus,
1755 951 1782 981 si
1806 949 1970 982 sacerdos·

162 997 224 1032 sit,
259 1005 280 1027 a
307 995 427 1036 templo
452 995 514 1028 Dei
539 999 573 1028 et
597 996 738 1028 ecclesia
769 995 970 1036 depellatur,
1003 996 1310 1043 sacerdotioquein
1334 997 1470 1029 concilio
1497 998 1685 1035 abdicetur,
1717 998 1744 1029 si
1767 997 1859 1029 illam
1885 1004 1974 1038 perh-7

160 1052 286 1077 versam
310 1043 487 1076 doctrinam
511 1043 609 1076 fuerit
633 1044 811 1076 confessus.
861 1042 998 1084 Insuper
1022 1043 1146 1076 Utiloni
1170 1044 1325 1085 Boj0rum
1349 1045 1462 1087 regulo
1486 1045 1684 1083 denunciat,
1716 1048 1755 1077 ut
1778 1044 1974 1088 Vergilium}

162 1091 301 1124 Romam
325 1092 452 1130 mittat,
477 1096 515 1123 ut
537 1092 580 1123 ibi
606 1101 716 1123 coram
740 1092 809 1132 ipso
835 1090 995 1123 Pontifice
1019 1092 1183 1124 rationem
1206 1092 1323 1124 reddat
1348 1091 1407 1124 dte.
1947 1102 1969 1122 τε

256 1140 385 1176 Annon,
411 1140 529 1179 optime
545 1139 657 1176 lector,
684 1138 895 1175 existimabis,
921 1137 979 1170 hos
1003 1139 1088 1170 sedis
1114 1139 1314 1180 apostolicae
1337 1144 1370 1172 et
1387 1140 1726 1182 archiepiscopamum
1748 1139 1834 1172 illins
1858 1125 1970 1250 811ιίΙῆ

163 1187 336 1223 antistiteS,
372 1186 455 1218 adde
487 1188 585 1219 etiam
617 1187 821 1222 cardinales,
858 1190 891 1218 et
925 1195 1132 1228 quoscunque
1163 1187 1197 1218 in
1230 1188 1428 1219 consistoriis
1453 1188 1520 1220 suis
1547 1188 1591 1221 ad
1617 1187 1799 1220 decisiones
1823 1196 1903 1219 casu

162 1235 328 1268 dubiorum
344 1235 541 1266 consiliarios
562 1234 789 1269 adhibuerunt,
817 1243 856 1266 ex
879 1233 981 1265 triviis
1006 1233 1105 1266 fuisse
1130 1235 1280 1275 abreptos
1298 1238 1332 1267 et
1348 1235 1392 1267 ad
1407 1235 1537 1268 illatum
1553 1235 1751 1277 dignitatum
1775 1239 1810 1267 et
1834 1232 1968 1282 officio&

161 1293 232 1315 rum
255 1281 388 1323 fastigia
418 1281 571 1314 evectos?
605 1283 722 1323 quippe
748 1282 802 1324 qui
827 1291 867 1313 ex
898 1282 1116 1314 astronomiae
1140 1282 1249 1322 primis
1273 1283 1466 1315 rudimentis
1491 1287 1524 1315 et
1548 1282 1775 1325 geographicis
1800 1282 1913 1324 aliqui·
1937 1281 1941 1286 ⁴
1957 1300 1962 1306 2

163 1330 387 1370 experimentis
419 1333 547 1362 tantum
573 1329 760 1362 eruditionis
786 1339 850 1361 non
874 1328 1071 1365 hauserunt,
1108 1338 1207 1371 quam
1232 1339 1272 1362 ex
1296 1330 1366 1362 sola
1391 1328 1444 1371 (ut
1469 1330 1550 1363 alias
1575 1329 1759 1362 subtiliores
1783 1335 1962 1372 argaman

161 1378 304 1410 tationes
328 1387 437 1409 omnes
460 1377 514 1409 hic
538 1374 685 1416 taceam)
721 1377 848 1410 diversa
880 1376 1083 1419 longitudine
1109 1377 1234 1409 dierum
1258 1378 1452 1410 aestivorum
1478 1381 1513 1410 et
1534 1378 1741 1410 hibernorum
1763 1378 1800 1410 in
1825 1377 1900 1409 div·

161 1425 259 1461 loeis,
284 1434 311 1456 v·
339 1435 371 1466 g.
396 1425 520 1457 Romae
544 1426 579 1457 in
602 1424 723 1460 Italia,
747 1424 940 1467 Moguntiae
964 1424 999 1455 in
1024 1424 1221 1462 Germania,
1256 1429 1291 1457 et
1321 1426 1356 1457 in
1378 1425 1503 1468 „Anglia
1526 1425 1687 1457 Vinofridi
1711 1434 1770 1458 seu
1793 1425 1867 1456 Bon
1901 1446 1904 1450 ι
1924 1442 1935 1450 νἸ

161 1473 279 1515 patria,
303 1473 488 1504 ratiocinari
510 1476 654 1513 possent,
680 1472 801 1505 Terrae
826 1471 1030 1513 superficiem
1053 1482 1119 1503 non
1144 1482 1214 1504 esse
1239 1472 1384 1513 planam,
1410 1477 1444 1505 et
1467 1482 1552 1515 quae
1571 1473 1648 1505 inde
1667 1473 1852 1505 necessario
1877 1479 1909 1503 c

164 1523 350 1562 sequuntur.
389 1519 524 1561 Sapiens
550 1530 626 1562 ergo
650 1520 840 1562 ignorantia
861 1520 942 1551 istos
971 1520 1136 1560 sapientes
1165 1520 1330 1552 antistites
1357 1521 1497 1562 decepit,
1522 1523 1560 1552 ut
1584 1529 1626 1552 ea
1650 1529 1723 1552 esse
1746 1518 1856 1561 impia,
1882 1529 1904 1560 p
1928 1531 1945 1546 -f

162 1568 261 1604 fana,
301 1566 427 1599 divinae
457 1567 678 1608 philosophiae
714 1567 952 1609 repugnantia,
988 1576 1059 1599 esse
1096 1568 1235 1600 naenias
1271 1571 1306 1599 et
1339 1568 1574 1607 deliramenta,
1609 1577 1694 1610 quae
1727 1567 1888 1600 sinceram

163 1614 338 1656 simplicem
363 1614 478 1647 Christi
503 1615 699 1656 sapientiam
724 1614 873 1656 polluant
897 1618 931 1646 et
957 1615 1192 1652 contaminent,
1217 1616 1481 1656 pronunciarent,
1507 1624 1592 1657 quae
1613 1617 1684 1656 ,iam
1708 1614 1783 1647 olim
1809 1624 1831 1647 a
1853 1612 1909 1657 phi
1928 1616 1944 1640 ν’

163 1662 269 1704 sophis
293 1661 422 1693 fuerunt
446 1663 540 1695 docte
566 1662 790 1694 demonstrata
814 1666 847 1694 et
871 1662 905 1693 in
929 1662 1108 1694 trivialibus
1141 1662 1258 1695 scholis
1289 1662 1432 1700 tradita,
1463 1662 1560 1696 hodie
1590 1672 1664 1695 vero
1695 1662 1793 1695 nullis
1815 1660 1919 1703 ampl

164 1711 287 1752 argutis
308 1710 607 1742 ratiocinationibus
630 1710 880 1751 investigantur,
906 1709 965 1740 sed
990 1710 1220 1750 multiplicibus
1247 1711 1475 1752 experimentis
1499 1720 1540 1743 ex
1562 1710 1693 1751 Europa
1717 1710 1752 1742 in
1775 1707 1896 1746 novas,

164 1762 294 1793 vocant,
318 1762 419 1789 terras
445 1759 629 1790 Americam
653 1761 688 1788 et
709 1757 795 1789 Peru
821 1755 920 1798 (quae
946 1756 1021 1788 olim
1045 1767 1110 1788 non
1134 1758 1401 1790 irrationabiliter
1425 1758 1526 1799 Ophir
1550 1757 1640 1790 dicta
1662 1754 1831 1797 censetur)
1864 1766 1897 1789 n
1915 1755 1918 1758 ⁴

163 1805 310 1847 gantium
333 1804 426 1846 lippis
451 1810 484 1837 et
506 1806 688 1837 tonsoribus
713 1808 789 1836 sunt
814 1804 957 1847 cognita.
998 1804 1134 1836 Interim
1160 1810 1272 1837 autem
1295 1806 1397 1837 bonus
1420 1805 1476 1837 ille
1501 1809 1535 1837 et
1558 1805 1674 1838 doctus
1690 1803 1866 1847 Vergilius*
1885 1819 1890 1831 ·
1938 1801 1939 1806 ’

163 1862 270 1884 reseos
304 1852 365 1884 fuit
398 1852 581 1884 damnatus.
629 1852 702 1884 Hoc
737 1852 823 1884 idem
859 1861 949 1884 nunc
985 1851 1163 1893 Copernico
1199 1853 1362 1895 ipsiusque
1396 1854 1614 1885 astronomiae
1651 1861 1692 1884 ex
1725 1850 1861 1894 hypoth
1908 1866 1931 1878 ι’

165 1899 315 1932 accidit.“
344 1916 388 1922 ——

255 1947 330 1979 Huc
353 1956 454 1989 usque
481 1946 688 1980 Maestlinus.
739 1946 928 1978 Transimus
954 1946 997 1979 ad
1022 1946 1097 1978 alia.

136 2072 144 2081 l
257 2041 287 2074 J.
316 2041 353 2073 G.
379 2041 638 2073 Herwartus
673 2043 714 2074 ab
748 2040 1039 2083 Hohenburg,
1075 2041 1239 2072 Bavariae
1274 2041 1508 2079 cancellarius,
1542 2041 1646 2073 multa
1677 2050 1734 2082 per
1755 2040 1868 2073 literas
1900 2063 1935 2078 -,

167 2098 242 2121 cum
266 2089 428 2130 Keplero,
460 2098 571 2130 quem,
607 2099 647 2121 ex
677 2100 738 2131 quo
763 2088 974 2120 Prodromum
1005 2089 1149 2130 legerat,
1183 2089 1316 2120 maximi
1350 2089 1440 2122 fecit.
1489 2088 1561 2120 Vol.
1586 2088 1642 2121 IX.
1667 2088 1888 2130 manuscripto
1961 2113 1964 2121 ,

164 2136 310 2177 Kepleri,
335 2146 419 2178 quae
436 2137 597 2177 Petropoli
614 2140 858 2173 conservantur,
885 2136 1014 2168 exhibet
1037 2136 1097 2167 has
1121 2136 1245 2172 literas,
1273 2146 1312 2168 ex
1327 2141 1422 2177 parte
1447 2136 1577 2178 quidem
1602 2146 1676 2168 cum
1699 2136 1889 2178 responsio
1908 2154 1910 2161 =

165 2183 318 2225 Kepleri,
350 2184 443 2216 datas
469 2185 509 2216 ab
536 2183 608 2216 Oct.
637 2186 714 2216 anni
741 2181 830 2215 1597
855 2193 957 2225 usque
983 2184 1026 2215 ad
1051 2183 1132 2215 Dec.
1163 2180 1263 2214 1609.
1313 2183 1412 2215 Haud
1436 2184 1602 2226 ingratum
1627 2185 1689 2216 erit
1711 2182 1884 2216 lectoribus
1894 2201 1914 2220 ,-

167 2241 218 2267 ea,
246 2241 329 2274 quae
353 2233 516 2273 pertinent
540 2231 583 2263 ad
606 2232 691 2264 haec
714 2233 947 2272 manuscripta,
974 2231 1116 2272 pluribus
1141 2231 1307 2272 proposita
1329 2232 1495 2263 habeant:
1919 2254 1924 2258 >

258 2279 400 2320 Keplero
424 2283 547 2310 mortuo
577 2277 702 2318 (1630)
727 2279 812 2310 filius
829 2278 1067 2310 Ludovicus
1092 2283 1229 2310 conatus
1254 2284 1305 2310 est
1331 2288 1382 2315 ea,
1409 2288 1493 2321 quae
1517 2282 1635 2310 notatu
1658 2278 1806 2321 digniora
1829 2278 1882 2310 in'

166 2326 267 2368 patris
291 2326 410 2358 relictis
435 2327 683 2368 manuscriptis,
709 2327 861 2368 colligere
886 2330 920 2358 et
943 2327 1027 2367 typis
1052 2326 1219 2357 mandare.
1269 2325 1392 2358 Prodiit
1416 2336 1502 2358 anno
1528 2324 1618 2358 1634
1645 2334 1724 2368 opus
1747 2325 1882 2367 insenp
1924 2330 1928 2367 ζ

169 2372 391 2412 „Somnium
416 2384 473 2406 seu
498 2374 543 2406 de
570 2375 832 2406 Astronomia
856 2373 1021 2405 Lunari.
1071 2373 1283 2415 Divulgatum
1309 2383 1329 2405 a
1353 2374 1398 2405 M.
1426 2373 1510 2406 Lud.
1535 2373 1701 2414 Kepplero
1725 2371 1826 2410 Filio,
1861 2388 1875 2399 a

167 2422 260 2454 cinae
280 2421 493 2454 Candidato.“
539 2422 722 2462 AdJ'unctus
747 2426 797 2453 est
818 2421 894 2452 huic
912 2421 1065 2462 opusculo
1094 2420 1354 2453 „Plutarchi
1377 2421 1504 2454 libellus
1528 2421 1569 2453 de
1592 2421 1690 2457 facie,
1714 2428 1799 2462 quae
1824 2419 1859 2452 iu
1889 2433 1903 2446 ι»
1976 2424 1979 2437 ¹

165 2468 281 2501 Lunae
311 2473 461 2510 apparet.
497 2479 514 2500 e
540 2470 665 2501 Graeco
690 2469 815 2501 lacunis
841 2468 1039 2507 deformato,
1073 2468 1176 2500 latine
1201 2468 1344 2500 redditus
1379 2468 1439 2501 dcc.
1470 2477 1493 2500 a
1523 2468 1696 2500 Joanne
1728 2464 1949 2509 ΚΘΡΡΝ
1975 2475 1979 2492 ῑ

167 2515 441 2554 Mathematico“‚
465 2526 527 2548 nec
551 2527 616 2548 non
644 2517 873 2548 annotationes
898 2516 1032 2557 Kepleri
1058 2516 1100 2547 ad
1124 2520 1294 2556 utrumque
1318 2516 1470 2548 libellum.
1906 2529 1908 2535 s

260 2564 332 2596 Hoc
356 2564 434 2596 libro
459 2568 593 2605 excepto
619 2564 800 2596 Ludovicus
825 2564 1050 2604 manuscripta
1073 2564 1175 2604 patris
1200 2564 1329 2595 intacta
1352 2563 1495 2605 reliquit,
1521 2571 1625 2603 eaque
1650 2561 1730 2593 emit
1753 2560 1882 2594 celeber
1911 2565 1921 2602 ἰἸ

169 2615 370 2643 astronomus
386 2611 608 2644 Dantiscanus
633 2611 653 2643 J
662 2622 690 2642 ο.
718 2611 951 2650 Hevelius,
978 2612 1031 2653 qui
1055 2610 1139 2642 haec
1165 2610 1204 2642 de
1229 2610 1291 2642 illis
1310 2611 1493 2642 Londinum
1516 2609 1703 2642 nunciavit:
1729 2607 1849 2642 Omnia
1875 2612 1917 2647 1„

168 2658 226 2690 leri
242 2660 465 2700 manuscripta
486 2659 527 2691 ab
550 2659 742 2691 haeredibus
767 2663 856 2690 certo
881 2659 983 2698 pretio
1010 2658 1143 2697 obtinui,
1170 2662 1240 2689 tum
1265 2667 1363 2698 opera
1382 2659 1453 2698 jam
1476 2657 1576 2692 edita,
1600 2661 1670 2688 tum
1693 2655 1856 2698 quaedam
1886 2672 1920 2702 '4

169 2709 263 2737 tenus
287 2707 431 2743 inedita;
455 2707 540 2738 inter
564 2711 675 2738 cetera
698 2708 770 2747 ipsa
795 2705 1004 2746 epistolarum
1022 2706 1163 2737 omnium
1189 2702 1339 2746 (quarum
1356 2713 1494 2746 magnus
1510 2701 1680 2742 numerus)
1704 2703 1749 2736 ad
1772 2703 1851 2736 clar.
1872 2724 1874 2726 v

170 2753 360 2793 scriptarum
395 2754 617 2796 autographa,
656 2763 729 2786 cum
759 2753 966 2794 plurimorum
1002 2753 1086 2784 illius
1119 2753 1271 2793 temporis
1302 2752 1346 2783 ill.
1379 2752 1515 2783 virorum
1548 2751 1833 2802 responsionibus„

170 2802 391 2842 manuscripta
414 2801 470 2833 illa
493 2802 699 2833 inveniuntur
723 2810 803 2833 sane
830 2809 913 2842 quae
938 2801 1046 2832 lucem
1069 2804 1251 2832 merentur.
1287 2809 1352 2830 non
1385 2798 1488 2830 solum
1512 2798 1669 2840 plurimae
1694 2798 1868 2840 epistolae.

173 2849 208 2877 et
232 2856 330 2887 opera
354 2849 513 2889 quaedam
539 2848 597 2881 ὅτε.
1834 2852 1838 2857 “
1887 2855 1919 2879 rt

264 2893 350 2926 Huic
375 2896 530 2936 epistolae
565 2894 614 2935 (in
638 2896 757 2927 Philos.
784 2895 955 2926 Transact.
981 2893 1047 2930 IX,
1085 2891 1149 2923 102
1182 2902 1258 2924 ann.
1293 2889 1397 2931 1672)
1432 2892 1556 2924 addidit
1585 2892 1739 2925 Herelius
1770 2891 1871 2924 catal

173 2949 293 2976 eorum,
323 2951 426 2982 „quae
451 2943 598 2974 fasciculi
625 2942 689 2973 22⁴⁶
719 2943 918 2975 contineant.
966 2941 1006 2973 In
1031 2940 1132 2972 literis
1157 2939 1300 2980 ejusdem
1325 2939 1367 2971 ad
1393 2938 1466 2971 Chr.
1493 2939 1687 2976 Pfautzium‚
1713 2939 1802 2980 Lips.
1838 2942 1847 2952 ·
1878 2941 1913 2965 ·‘'

174 2996 277 3018 sorem
303 2986 350 3026 (d.
377 2989 406 3020 d.
434 2987 479 3019 20
504 2989 585 3021 Dec.
616 2988 740 3030 1681),
764 2990 849 3022 haec
873 2990 1025 3031 legimus:
1063 2987 1286 3027 Manuscripta
1310 2986 1369 3018 cel.
1394 2987 1425 3018 J.
1451 2987 1602 3028 Kepleri,
1628 2995 1711 3029 quae
1735 2986 1845 3018 labore

173 3034 261 3066 facili
298 3044 358 3066 nec
389 3035 570 3067 leviusculis
605 3038 762 3068 sumtibus
798 3037 838 3068 ab
863 3039 933 3077 eJus
958 3034 1150 3067 haeredibus
1174 3042 1196 3065 a
1224 3033 1365 3075 plurimis
1394 3035 1464 3074 jam
1496 3035 1590 3065 annis
1613 3035 1658 3066 rei
1682 3033 1848 3073 literariae
1882 3048 1885 3059 ·

174 3082 358 3121 impetravi,
394 3083 622 3120 concederem3
658 3084 683 3116 si
716 3085 865 3116 nimirum
903 3084 1070 3124 quisquam
1101 3081 1265 3114 literarum
1290 3078 1521 3114 Maecenatum
1550 3081 1600 3114 vel
1630 3080 1803 3122 bibliopola
1825 3079 1913 3122 qui
