1982 3268
820 41 1037 75 Prooemium.
1773 42 1823 83 71

28 147 349 227 maffia·
387 157 464 190 ego
504 148 589 180 tibi
629 147 918 180 conditionem
952 151 1162 189 optaram,
1200 152 1241 181 et
1281 147 1375 190 quin
1415 148 1553 184 novit.
1585 146 1687 189 quid
1716 147 1840 181 sitin

48 203 71 227 a
112 204 155 227 s.

122 274 176 308 Aa
197 274 284 309 sm
307 282 385 317 ugo
409 273 574 317 Keploeus
597 253 766 317 'respondit
787 274 876 308 hune
899 274 935 307 in
957 244 1122 307 noemi

871 378 915 420 S.
946 379 995 420 P.
1064 370 1067 373 ¹

148 448 313 490 Literas
343 448 474 496 Tuas,
505 448 719 500 Magnifice
749 448 837 497 Vir,
871 446 911 490 9.
945 447 1060 501 Sept.
1092 448 1188 489 mihi
1218 448 1412 498 traditas,
1445 462 1470 488 a
1499 454 1596 489 voto
1628 453 1670 489 et
1701 450 1840 490 fausta

29 507 273 548 ominatione
302 507 474 559 incipis;
505 508 568 547 cui
599 520 768 560 aequum
800 513 864 547 est
893 506 1079 561 ἀκηχεη.

146 566 342 619 Equidem
373 565 545 618 optarim
576 571 616 606 te
649 567 822 606 fatorum
859 566 1015 606 illorum
1049 565 1271 613 dominum,
1317 570 1387 604 aut
1430 570 1540 605 certe
1577 565 1837 618 interpretem

29 629 73 665 et
101 624 389 666 internuncium
421 635 483 664 me
514 624 618 664 iuter
649 630 691 664 et
723 624 796 664 sati
829 624 1051 664 dominum:
1084 637 1175 664 nam
1207 625 1257 664 de
1288 630 1359 664 tua
1389 624 1428 663 iu
1461 636 1524 663 me
1555 624 1838 665 benevolentia

29 695 200 736 aequum
231 687 308 731 est.
338 695 402 723 me
433 695 587 723 summa
618 683 753 722 omnia
783 695 959 734 sperare.
1001 684 1254 723 Moderatum
1285 687 1327 722 et
1356 682 1673 734 philosophicum
1702 683 1741 723 in
1765 696 1837 724 ac·

30 741 216 794 cipiendo
247 741 420 783 animum
451 741 785 793 deprehenderet,
829 741 1006 794 quisquis
1038 754 1156 794 quam
1187 740 1528 794 speciosissimam
1565 753 1751 787 exercere
1781 742 1837 782 li-

29 799 286 840 beralitatem
315 799 482 852 satagit.
544 800 680 840 Prima
710 799 806 840 mihi
836 813 952 847 cura,
995 806 1039 840 ut
1077 803 1268 854 quantum
1297 799 1383 839 fieri
1413 804 1574 854 potest,
1612 811 1713 839 uxor
1748 812 1839 840 mea

29 864 192 908 teneat,
237 871 338 911 quae
381 858 527 906 habet,
577 858 697 911 idque
734 858 1013 910 patrimonium
1044 859 1095 899 ad
1126 870 1355 899 communes
1392 858 1540 898 liberos
1569 859 1835 899 transmittat.

27 916 190 959 Etenim
244 917 541 970 speculationes
590 917 754 957 interitu
806 917 984 958 familiae
1034 917 1248 965 redimere,
1305 929 1432 969 neque
1487 916 1526 956 iu
1581 917 1838 969 philosophia.

27 976 239 1018 honestum
271 981 371 1024 est,
414 987 540 1027 neque
582 975 688 1027 pium
732 976 770 1015 in
808 975 1016 1028 religione.
1078 976 1175 1016 Inde
1214 980 1420 1028 peteretur
1456 988 1582 1015 coena
1610 975 1836 1024 Platonica,

27 1034 281 1087 habitusque,
315 1034 382 1087 qui
412 1034 597 1074 maritum
630 1035 759 1074 decet.
820 1035 926 1075 Nam
957 1034 995 1074 in
1027 1035 1090 1075 his
1123 1034 1275 1074 duobus
1307 1034 1507 1086 capitibus
1532 1034 1719 1074 consistit·
1746 1038 1837 1075 stu-

28 1092 180 1134 diorum
212 1093 392 1133 libertas.
454 1091 863 1150 QEQ3.2-§QYV.Q
897 1098 941 1133 at
972 1093 1039 1132 vix
1071 1093 1279 1146 quisquam
1312 1098 1454 1144 sponte
1467 1096 1479 1102 “’
1493 1093 1617 1132 servit
1649 1105 1833 1145 unquam.

28 1150 146 1198 Quod
178 1150 416 1192 nativitates
447 1158 487 1191 et
521 1150 765 1192 Calendaria
796 1152 993 1192 interdum
1026 1152 1182 1200 scribo,
1216 1165 1285 1199 ea,
1318 1163 1380 1191 me
1413 1150 1594 1199 Christe,
1627 1150 1863 1192 molestis-‘
1911 1140 1922 1144 ’
1975 1141 1980 1145 ’

27 1210 130 1252 sima
160 1209 459 1251 mihi'servitus
489 1215 574 1258 est,
607 1210 681 1250 sed
711 1211 959 1258 necessaria,
1004 1223 1053 1250 ne
1098 1211 1253 1251 scilicet
1295 1211 1345 1250 ad
1377 1210 1497 1252 breve
1530 1215 1688 1262 tempus
1719 1210 1832 1258 liber,
1896 1229 1898 1231 >

26 1275 121 1321 post
151 1269 306 1321 turpius
337 1269 522 1310 serviam.
569 1269 711 1321 Itaque
743 1274 788 1308 ut
818 1269 1010 1309 salarium
1042 1282 1225 1318 aunuum,
1259 1274 1304 1309 ut
1335 1269 1492 1309 titulum
1523 1274 1564 1307 et
1597 1269 1727 1308 locum
1759 1269 1835 1308 de-

29 1328 202 1373 fendam,
233 1327 582 1368 obsecundandum
614 1332 677 1367 est
709 1328 915 1380 imperitae
948 1328 1188 1368 curiositati.
1836 1375 1842 1379 .

145 1385 228 1427 Sed
258 1386 310 1426 ad
342 1386 543 1425 desideria
573 1399 663 1425 mea
693 1392 884 1426 revertor.
943 1384 1147 1439 Quidquid
1177 1385 1273 1426 mihi
1305 1390 1547 1437 superesset,
1574 1380 1871 1436 jurejurando}

26 1445 246 1492 sancirem,
291 1444 330 1484 iu
367 1445 502 1484 studia
541 1444 818 1496 philosophiae
858 1445 1138 1496 impensurum.
1202 1445 1395 1484 Lectores
1428 1444 1591 1490 alerem,
1620 1449 1668 1483 ut
1695 1443 1836 1492 oculis,

21 1503 110 1556 jam
139 1502 466 1551 hebescentibus,
498 1509 543 1542 ut
574 1510 615 1543 et
645 1503 813 1555 tempori
851 1508 1095 1555 parceretur.
1159 1502 1337 1543 Nuncios
1368 1502 1458 1542 hinc
1501 1502 1594 1542 inde
1636 1502 1837 1542 mitterem

26 1574 99 1615 pro
117 1561 245 1610 libris,
257 1573 331 1614 pro
349 1561 603 1602 consulendis
623 1562 773 1609 doctis;
794 1562 1059 1602 instrumenta
1076 1562 1345 1608 machinarer;
1366 1561 1713 1601 observationibus
1733 1561 1837 1601 alios
1889 1562 1923 1617 “J

3 1623 6 1625 ’
27 1620 267 1669 adhiberem,
293 1620 329 1660 si
353 1620 481 1668 miuus
501 1632 576 1671 ego
601 1620 836 1667 sufficerem,
855 1620 914 1660 sic
934 1626 976 1660 et
995 1619 1359 1673 computationibus
1380 1619 1502 1672 aliqui
1524 1620 1836 1660 destinarentur.
1910 1618 1914 1656 ἒ

2 1676 132 1720 v-Nam
156 1679 339 1731 legendo,
370 1679 636 1730 computando
667 1679 876 1730 plurimum
907 1679 1315 1731 effundospirituum,
1349 1679 1593 1729 speculando
1623 1690 1777 1730 parum.
1820 1711 1831 1716 -
1879 1673 1915 1732 „⁷

145 1737 227 1778 Sed
257 1737 358 1777 haec
388 1749 487 1777 saue
517 1737 556 1777 in
586 1743 792 1788 potestate
824 1738 997 1789 supremi
1029 1738 1201 1778 fatorum
1233 1736 1382 1776 domini
1413 1737 1493 1776 sita
1524 1742 1631 1784 sunt,
1664 1735 1836 1789 quietsi
1862 1734 1881 1738 ”

27 1808 104 1844 non
135 1808 198 1836 me
229 1795 382 1836 attollit
412 1795 552 1843 altius,
588 1797 688 1836 facit
717 1796 758 1836 id
789 1796 926 1847 procul
958 1796 1077 1835 dubio
1109 1797 1147 1836 in
1180 1808 1309 1836 meum
1340 1795 1600 1839 commodum,
1621 1807 1671 1834 ue
1700 1795 1835 1846 inepte

28 1867 91 1894 me
120 1866 194 1907 pro
225 1855 489 1906 antesignano
521 1854 653 1907 aliquo
680 1854 928 1895 literatorum
961 1855 1064 1894 ferre
1095 1855 1297 1907 incipiam.
1332 1875 1387 1881 —
1591 1869 1594 1871 ’

121 1969 383 2003 Hervartus
407 1971 438 2003 d.
464 1969 521 2002 20.
546 1970 624 2002 Jun.
654 1969 745 2002 1600
769 1972 908 2003 nunciat
931 1971 1092 2013 Keplero:
1119 1970 1239 2008 „Naeh
1262 1971 1337 2002 dem
1361 1971 1415 2002 ich
1432 1970 1507 2002 dem
1523 1969 1632 2002 Herm
1659 1970 1713 2002 bei
1729 1971 1836 2003 duem

26 2018 153 2054 meino:
175 2022 343 2061 mosten
366 2017 491 2050 Dieuer
515 2017 634 2050 etliche
657 2018 791 2060 ‚Bucher
818 2018 1031 2061 zugeschiekt
1044 2041 1053 2054 ‚
1091 2018 1139 2049 als
1173 2018 1234 2050 hat
1269 2028 1304 2050 er
1338 2019 1401 2050 mir
1430 2019 1479 2050 sie
1507 2017 1685 2050 wiedemm
1715 2026 1835 2060 suege—

0 2067 6 2098 7
26 2064 153 2104 brachi,
179 2064 225 2096 da
247 2074 283 2096 er
306 2065 371 2096 den
394 2065 502 2097 Herrn
527 2066 577 2096 nit
603 2065 773 2098 anhaimbs
799 2065 1023 2108 augetroffen,
1060 2065 1200 2096 sondern
1238 2065 1316 2097 dass
1351 2074 1387 2097 er
1418 2064 1491 2096 sich
1515 2065 1570 2096 ein
1593 2063 1670 2097 Zeit
1691 2064 1772 2107 lang
1796 2073 1838 2095 zu

29 2111 194 2190 PnssAuf
213 2157 276 2190 deu
299 2121 382 2198 Filii-l,
409 2157 485 2190 dass
511 2158 569 2190 der
592 2158 677 2190 Herr
701 2159 752 2191 bei
777 2158 884 2190 Herm
908 2158 1021 2199 'rycho
1046 2158 1156 2190 Brahe
1188 2158 1259 2190 sich
1288 2157 1470 2197 befunden,
1500 2157 1562 2189 hat
1592 2167 1628 2190 er
1660 2165 1723 2200 gur
1754 2157 1838 2189 wohl

29 2204 98 2237 und
118 2204 213 2237 mehe
235 2203 360 2247 gedum
382 2205 452 2236 und
473 2205 554 2237 vird
577 2205 633 2236 ihn
658 2206 707 2237 nit
732 2215 843 2238 rouen.
894 2206 1003 2237 Wann
1028 2206 1136 2236 meins
1162 2204 1294 2237 Sachem
1317 2215 1354 2237 so
1378 2205 1569 2237 beschaffen
1592 2209 1724 2242 varen,
1761 2204 1838 2237 dan

29 2251 84 2284 ich
107 2251 259 2285 amison
281 2251 417 2290 kanuto,
441 2251 519 2283 volt
541 2251 596 2283 ich
620 2253 670 2284 nit
692 2253 911 2309 untur-lasteli,
935 2252 996 2284 lue
1020 2252 1130 2284 Herm
1154 2252 1263 2284 Brahe
1288 2263 1331 2284 zu
1355 2252 1531 2284 beaucheu.

104 2344 341 2386 -Keplerus
367 2344 398 2376 d.
425 2344 455 2376 d.
485 2342 540 2375 12.
566 2344 631 2376 Jul.
663 2343 752 2376 1600
775 2345 963 2386 respondit:

0 2460 24 2494 i*
873 2449 916 2490 S.
950 2450 995 2490 P.

0 2510 13 2540 ⁵
146 2518 358 2571 Nunquam
391 2517 693 2570 opportuniores
726 2519 777 2557 ad
808 2531 869 2558 me
902 2519 1042 2558 literas
1073 2518 1243 2558 misistis
1274 2518 1326 2558 N.
1360 2523 1402 2558 et
1421 2518 1479 2557 M.
1501 2517 1590 2566 Vir,
1622 2529 1740 2569 quam
1764 2516 1840 2558 hoc

0 2575 117 2644 gipso
148 2583 352 2628 tempore,
402 2589 478 2629 quo
516 2577 564 2615 de
606 2577 730 2615 totius
762 2577 944 2616 instituto
975 2577 1084 2616 vitae
1122 2577 1161 2616 iu
1192 2577 1433 2628 gravissima
1469 2588 1608 2615 versor
1639 2576 1840 2615 delibera-

0 2632 152 2685 {tione
213 2635 374 2675 Etenim
411 2648 479 2674 eas
523 2633 783 2674 humanitatis
828 2642 869 2674 et
917 2635 1219 2675 benevolentiae
1259 2635 1296 2674 iu
1329 2648 1391 2674 me
1423 2634 1735 2686 significationes
1766 2645 1840 2673 ex-

0 2692 245 2745 }{hibuerunt
276 2707 425 2741 omnes,
459 2706 558 2745 quas
590 2693 642 2732 ad
674 2705 734 2732 me
767 2693 966 2745 scripsisti
997 2694 1205 2745 epistolae,
1238 2699 1283 2733 ut
1314 2705 1485 2745 sperem,
1510 2704 1572 2731 me
1599 2702 1675 2731 non
1697 2692 1842 2731 saltem

24 2751 258 2792 *consultore
289 2758 343 2799 te,
377 2753 447 2791 sed
480 2752 603 2791 etiam
636 2751 818 2802 adjutore
852 2752 1020 2791 feliciter
1051 2764 1224 2791 usurum.

26 2808 37 2813 ”
149 2811 254 2850 Nam
286 2816 331 2850 ut
363 2811 414 2850 ad
444 2811 519 2849 has
553 2810 712 2849 ultimas
745 2815 836 2849 tuas
869 2810 1008 2850 literas
1041 2809 1109 2850 20.
1143 2809 1235 2848 Jun.
1270 2810 1400 2855 datas
1435 2808 1571 2853 (binas
1599 2808 1704 2848 enim
1723 2808 1841 2855 alias,

10 2861 104 2912 ³14.
138 2868 237 2908 Dec.
271 2874 312 2908 et
350 2868 411 2908 1⁵3.
439 2869 558 2908 Mart.
593 2869 765 2920 scriptas
798 2869 954 2907 domum
986 2881 1169 2908 reversus
1201 2867 1349 2918 reperi)
1394 2866 1519 2917 primo
1559 2867 1645 2906 loco
1671 2879 1839 2918 respon-

62 2939 164 2974 eam,
198 2928 255 2967 sic
287 2933 371 2975 est,
397 2933 439 2967 ut
471 2927 652 2979 conjicis,
686 2927 738 2966 ad
770 2927 843 2966 ΙΙΙ.
876 2927 935 2966 Id.
968 2926 1061 2966 Jan.
1126 2924 1270 2965 Gratio
1302 2925 1486 2971 discessi,
1518 2925 1744 2979 Tychouem
1776 2925 1841 2964 in-

23 2984 216 3032 wisurus,
258 2991 299 3025 et
341 2998 428 3025 cum
467 2985 623 3037 Pragae
666 2998 738 3036 per
786 2985 940 3036 aliquot
976 2984 1060 3023 dies
1091 2983 1333 3031 haesissem,
1372 2983 1533 3022 tandem
1562 2983 1692 3024 Nonis
1722 2983 1840 3023 Febr.
