2028 3242
818 33 929 77 σφω
950 33 1083 68 x-xi.
1776 31 1857 75 135

52 142 141 190 quia
164 141 371 189 paenoesit
388 146 587 188 conceptus
601 141 702 177 illius
721 141 873 183 numeri,
902 143 966 177 sed
993 141 1075 177 ideo
1101 141 1269 188 sequitur
1291 145 1490 201 conceptus
1517 140 1670 183 numeri,
1696 141 1785 188 quia
1801 151 1863 178 res

50 194 299 243 &auctricae
322 195 463 231 habent
486 195 587 230 illam
613 194 922 240 multiplicitatem
948 194 984 229 in
1003 206 1054 235 se,
1087 194 1291 229 existentes
1317 194 1423 240 ipsae
1443 204 1613 229 numerus
1632 198 1859 229 numeratus.
1902 229 1906 237 ,

154 248 202 294 b)
225 247 323 284 1:0oe
352 247 586 284 manifestam
615 247 963 287 hallucinationem
992 251 1076 282 oea»
1104 258 1176 281 non
1207 251 1267 282 est
1285 258 1372 292 pars
1392 246 1644 292 sexagenarii,
1676 248 1740 282 sed
1765 247 1860 281 bene
1884 276 1895 301 ἶ
1919 279 1928 285 ,

51 311 138 347 pars
165 304 224 336 est
249 300 389 337 numeri
420 300 515 342 120,
545 300 606 347 qui
633 305 692 335 est
720 300 776 335 bis
805 300 869 335 6⁰.

809 584 969 649 Caput
1003 583 1096 637 XI.

474 690 551 731 De
572 690 657 732 situ
682 703 923 744 corpor-mn,
947 695 987 731 et
1010 689 1172 744 oriqine
1194 689 1375 731 zodiaci.
1397 691 1434 738 ⁸)

168 784 348 826 Infestos
378 784 420 826 in
449 784 513 824 his
549 784 750 837 capitibus
787 783 945 824 habebo
980 782 1190 836 physicos,
1233 788 1469 836 propterea,
1513 782 1616 834 quod
1655 782 1861 823 naturales

49 843 301 896 planetarum
329 843 599 896 proprietates
633 856 683 884 ex
714 843 833 884 rebus
864 842 1196 883 immaterialibus
1227 848 1270 882 et
1293 842 1431 894 figuris
1455 841 1753 882 mathematicis
1784 841 1859 881 de-
1885 837 1895 845 ‘

50 901 158 952 duxi,
187 914 308 954 porro
339 915 434 943 vero
465 903 588 943 etiam
619 915 669 942 ex
700 902 807 942 nuda
839 901 1125 954 imaginatione
1151 901 1374 941 sectionum
1406 900 1653 953 quarundam
1685 900 1859 952 origines

50 960 284 1002 circulorum
315 961 561 1014 investigare
592 961 775 1002 audeam.
838 960 913 1000 His
943 961 1083 1013 paucis
1120 972 1355 1013 responsum
1392 959 1511 999 volo:
1549 959 1655 1013 quod
1687 957 1860 1007 Creator

50 1020 186 1065 Deus,
223 1032 312 1061 cum
342 1033 454 1061 mens
485 1020 541 1061 sit
577 1026 618 1060 et
662 1033 773 1075 quae
803 1020 891 1060 vult
909 1019 1095 1067 faciat„
1118 1031 1195 1065 uon
1226 1018 1510 1071 prohibeatur,
1550 1030 1627 1072 quo
1659 1018 1794 1073 minus
1819 1018 1859 1064 ἰιι

50 1073 266 1147 ᾖῖἰῖᾶἰι
271 1078 437 1131 viribus
453 1085 497 1119 et
505 1064 798 1147 designandis
820 1078 981 1120 circulis
1015 1078 1067 1118 ad
1105 1090 1170 1118 res
1200 1077 1266 1118 vel
1297 1077 1382 1117 sine
1414 1077 1585 1118 materia
1603 1070 1698 1121 vel—
1710 1076 1859 1128 imagi-

52 1135 271 1192 natioff
243 1143 478 1179 constantes
510 1135 720 1195 respiciat.²
774 1135 830 1176 Et
861 1150 949 1177 cum
980 1136 1078 1177 nihil
1109 1131 1211 1177 velit
1240 1137 1327 1185 ille,
1366 1136 1443 1176 nisi
1481 1149 1636 1176 summa
1671 1148 1759 1175 cum
1788 1148 1858 1175 ra-

52 1196 183 1246 tione,
226 1183 401 1250 nihilque
431 1203 596 1249 praeter
626 1197 715 1248 ejus
754 1196 1004 1236 voluntatem
1040 1195 1245 1243 extiterit,
1289 1168 1428 1236 dicant
1462 1194 1587 1247 igitur
1624 1194 1857 1242 adversarii,

53 1268 250 1308 quaenam
280 1255 385 1296 aliae
416 1255 595 1296 rationes
626 1256 715 1296 Deo
747 1254 895 1295 fuerint
934 1255 1199 1306 aptandarum
1235 1254 1379 1294 virium
1415 1258 1519 1301 etc.‚
1566 1266 1655 1293 cum
1696 1258 1860 1305 praeter

53 1314 299 1367 quantitates
329 1314 429 1355 nihil
459 1315 601 1355 esset?
662 1312 780 1360 Quod
811 1314 865 1362 si,
899 1314 991 1354 dum
1022 1313 1118 1353 nihil
1150 1313 1375 1361 inveniunt,
1409 1313 1459 1352 ad
1490 1285 1859 1366 iinperscmtabiles

0 1405 2 1407 >
53 1371 297 1414 Conditricis
325 1372 562 1425 Sapientiae
593 1373 699 1413 vires
730 1372 987 1423 confugiant:
1029 1372 1207 1412 habeant
1244 1371 1320 1412 sibi
1358 1384 1456 1411 sane
1494 1371 1597 1411 hauc
1635 1369 1860 1423 inquirendi

53 1431 389 1484 t-perantiam,
433 1432 582 1485 illaque
613 1444 703 1472 cum
733 1431 899 1484 pietatis
931 1430 1116 1483 opinione
1157 1431 1363 1477 fruantur,
1409 1442 1483 1470 nos
1525 1442 1621 1469 vero
1656 1430 1866 1482 patiantur

55 1502 202 1531 causas
231 1503 284 1530 ex
313 1490 606 1543 quantitatibus
638 1490 877 1531 verisimiles
908 1490 1095 1534 reddere,
1136 1489 1347 1530 dummodo
1383 1488 1483 1529 nihil
1513 1488 1719 1540 indignum
1748 1492 1864 1528 tanto

55 1549 234 1590 dicamus
265 1547 432 1602 opifice.
452 1548 491 1598 1’)
555 1549 680 1591 Nulla
711 1549 833 1601 igitur
861 1548 1020 1589 vinctus
1051 1548 1242 1600 religione
1273 1559 1396 1600 pergo
1428 1548 1482 1587 ad
1511 1547 1866 1599 investigationem

54 1607 222 1648 zodiaci.

0 1641 9 1717 Ξ
170 1667 235 1707 Ac
266 1665 382 1707 initio
415 1666 600 1707 existimo
632 1665 950 1705 verisimiliorem
976 1677 1184 1717 corporum
1215 1664 1335 1705 situm
1368 1664 1589 1716 excogitari
1619 1676 1697 1703 non
1727 1675 1863 1715 posse,

0 1718 11 1780 ζ
56 1734 173 1779 q'uam
205 1738 293 1766 cum
325 1725 462 1769 cubus,
496 1725 672 1765 maxima
703 1724 931 1776 figurarum,
963 1724 1167 1764 inseratur
1192 1724 1278 1764 orbi
1304 1724 1670 1791 quomodocunque,
1700 1735 1794 1762 nam
1824 1722 1864 1762 in

0 1781 15 1852 {J
55 1783 203 1824 circulo
222 1784 373 1824 nullum
393 1790 458 1825 est
476 1785 642 1825 initium.
685 1782 859 1835 Oportet
877 1788 1012 1822 autem
1042 1781 1238 1837 principia
1261 1782 1347 1822 sine
1373 1782 1527 1823 ratione
1546 1781 1805 1828 constituere,
1828 1781 1863 1828 ⁶)

0 1852 7 1881 ³
52 1842 669 1911 Q
689 1841 728 1889 ⁴¹)
765 1846 808 1882 et
838 1847 884 1882 ut
913 1842 1129 1894 aliquando
1159 1842 1374 1882 transitum
1405 1841 1626 1881 habeamus
1646 1843 1683 1887 ⁶)
1715 1840 1766 1879 ab
1795 1840 1861 1879 in·-

0 1902 7 1930 '2'
54 1901 170 1941 finita
199 1901 383 1954 potentia
412 1902 463 1941 ad
495 1902 647 1942 finitum
677 1906 846 1941 actuma
834 1896 980 1960 §.Iam
1021 1900 1142 1953 igitur
1183 1913 1263 1940 una
1306 1900 1494 1941 facierum
1538 1904 1752 1940 censeatur
1789 1911 1862 1950 pro

0 1961 25 2013 Ξζ·
57 1959 159 2001 basi.
224 1959 407 2013 Pyramis
438 1960 562 2013 igitur
591 1960 803 2000 inserenda
833 1959 934 1999 cubo
966 1959 1166 1999 mediante
1199 1959 1293 1999 orbe
1324 1959 1443 1999 Jovio
1475 1958 1595 1998 debet
1625 1958 1742 1998 basin
1773 1956 1863 1997 basi

0 2035 12 2054 ;:
57 2018 148 2059 cubi
176 2020 429 2070 παραλληλον
459 2025 597 2059 tenere
615 2018 669 2066 ¹):
710 2024 752 2058 et
789 2018 1068 2058 dodecaedron
1099 2018 1318 2071 pyramidis
1349 2018 1452 2058 basi.
1467 2018 1505 2066 ¹)
1566 2017 1702 2057 Aliter
1732 2017 1866 2056 ferunt

58 2077 380 2118 secundariorum
411 2078 702 2130 proprietates,
741 2083 786 2117 ut
815 2077 1000 2117 vidimus,
1062 2077 1307 2128 Erigendum
1338 2077 1461 2129 igitur
1491 2076 1726 2116 icosaedron
1757 2075 1867 2114 intra

59 2135 356 2184 dodecaedron,
399 2136 458 2176 ita
493 2143 540 2176 ut
570 2136 779 2188 diagonius
810 2135 918 2175 illius
953 2135 1026 2175 fiat
1055 2136 1212 2187 utrique
1243 2136 1519 2189 oppositarum
1548 2135 1705 2174 basium
1736 2133 1864 2173 dode-

0 2195 13 2234 ’ζ
59 2194 196 2234 caedri
225 2195 564 2247 perpendicularis
595 2195 635 2234 in
667 2194 828 2234 centris.
875 2194 1029 2234 Eodem
1048 2200 1168 2246 pacto
1188 2195 1508 2246 suspendendum
1539 2194 1617 2233 erit
1647 2193 1865 2233 octaedron

0 2198 24 2343 ὲ
59 2252 222 2292 minima
250 2253 463 2304 figurarum
493 2254 599 2292 iutra
629 2253 878 2299 icosaedron,
910 2253 970 2292 ita
999 2259 1045 2293 ut
1076 2258 1170 2292 acta
1203 2258 1317 2292 recta
1342 2253 1481 2292 veniat
1514 2252 1558 2300 1)
1588 2264 1661 2304 per
1685 2256 1866 2291 centrum

28 2319 30 2322 ’
59 2311 171 2352 basis
206 2311 247 2351 in
286 2311 410 2359 cubo,
454 2309 503 2359 2)
535 2323 607 2362 per
643 2316 823 2351 centmm
864 2311 976 2351 basis
1019 2311 1307 2359 tetraedricae,
1353 2310 1401 2358 3)
1431 2324 1504 2364 per
1533 2316 1714 2351 centrum
1745 2309 1864 2361 quin-

61 2369 249 2423 quanguli
281 2369 581 2417 dodecaedrici,
613 2367 662 2417 4)
693 2381 765 2421 per
795 2370 982 2421 angulum
1012 2369 1235 2414 icosaedri‚
1268 2369 1316 2417 5)
1347 2382 1420 2421 per
1450 2369 1638 2422 angulum
1670 2366 1865 2415 octaedri,

62 2425 110 2475 6)
140 2441 212 2480 per
242 2434 421 2468 centrum
452 2428 586 2468 mundi
625 2433 666 2467 et
696 2440 837 2479 corpus
870 2427 1031 2475 Solate,
1074 2435 1115 2468 et
1151 2440 1269 2479 porro
1300 2427 1498 2468 similibus
1528 2426 1761 2468 interstitiis
1794 2438 1867 2477 per

6 2493 16 2538 ζ
47 2486 268 2540 oppositos
307 2486 355 2535 7)
387 2487 585 2534 octaedri,
619 2485 668 2534 8)
699 2485 896 2526 icosaedri
928 2487 1109 2538 angulos,
1143 2485 1191 2533 9)
1218 2487 1495 2527 dodecaEdrici
1526 2486 1636 2537 plani
1669 2483 1866 2531 centrum}

67 2543 141 2593 10)
171 2546 366 2587 tetraedri
403 2546 617 2598 angulum,
669 2543 738 2591 11)
777 2544 905 2584 cubici
941 2545 1051 2596 plani
1089 2550 1281 2585 centrum.
1301 2543 1339 2592 ¹²)
1401 2545 1566 2596 Majoris
1603 2544 1704 2584 lucis
1741 2555 1868 2582 causa

63 2604 198 2657 relego
228 2610 269 2644 te
300 2605 352 2644 ad
388 2605 603 2652 tabellam,
647 2603 713 2643 ubi
745 2603 878 2642 omnia
909 2615 1077 2655 corpora
1114 2603 1167 2642 ad
1202 2603 1305 2643 hunc
1346 2604 1504 2643 modum
1535 2614 1728 2654 expressa
1758 2606 1864 2641 sunt.

0 2657 38 2716 ’.ἃ
64 2661 218 2709 Quibus
248 2664 311 2704 ita
339 2663 570 2704 constitutis
602 2675 678 2701 non
709 2667 865 2701 tantum
895 2673 1094 2713 apparens
1124 2661 1164 2700 in
1200 2662 1391 2702 octaedro
1423 2662 1680 2713 quadratum,
1711 2672 1864 2712 aequa-

12 2721 157 2774 {liter
185 2735 213 2761 a
242 2721 360 2762 dictis
391 2723 544 2762 duobus
585 2720 741 2772 angulis
782 2725 1003 2765 remotum,
1049 2721 1082 2760 si
1121 2721 1363 2772 producatur
1402 2719 1681 2767 circumcirca,
1727 2731 1866 2759 omnes

12 2800 34 2833 3
24 2778 211 2846 'figuras
242 2786 364 2833 atque
395 2781 496 2820 adeo
528 2785 655 2820 totum
686 2778 872 2818 mundum
903 2778 942 2817 in
974 2778 1068 2819 bina
1099 2779 1252 2819 dividet
1282 2779 1484 2830 aequalia,
1517 2777 1590 2817 sed
1621 2778 1742 2818 etiam
1773 2790 1863 2817 om-

11 2838 171 2891 guium
213 2838 407 2886 laterum,
456 2851 559 2891 quae
602 2838 691 2890 quis
733 2837 838 2876 inter
880 2837 1008 2876 dictos
1052 2838 1220 2889 angulos
1263 2843 1305 2876 et
1348 2842 1486 2877 centra
1527 2836 1660 2876 media
1699 2849 1863 2876 censere

13 2895 17 2926 ἶ
41 2927 43 2930 ⁴
66 2901 215 2949 potest,
232 2896 264 2945 ι)
295 2909 429 2938 eorum
459 2897 620 2950 inquam
652 2896 823 2935 omnium
854 2895 887 2934 si
920 2895 1158 2946 regulariter
1187 2901 1386 2947 ponantur
1415 2895 1616 2936 sectiones
1635 2889 1810 2944 mutuae,
1824 2894 1864 2944 ¹¹)

67 2967 168 3008 quae
198 2955 457 3008 prospicienti
489 2969 539 2996 ex
570 2960 707 2995 centro
739 2959 945 3021 apparent,
978 2960 1191 2994 versantur
1209 2954 1248 2993 in
1269 2954 1407 2994 eodem
1429 2954 1615 3013 quadrati
1645 2955 1866 2997 octaedrici

67 3013 300 3054 continuato
330 3014 466 3066 plano.
515 3014 639 3067 quue
670 3013 880 3066 praecipue
912 3012 952 3052 in
982 3012 1212 3053 multifaciis
1242 3018 1289 3052 nt
1317 3013 1499 3065 cognatis
1528 3018 1709 3066 apparet.
1757 3014 1864 3054 Nam

153 3096 169 3151 ι
240 3133 248 3139 ,

149 3158 166 3188 -j
196 3151 247 3178 ῘΛ
308 3158 320 3177 .·
361 3168 374 3176 ⁷«

440 3179 445 3190 ι
468 3163 525 3185 ⁸⁴¹⁵
