2028 3242
712 58 754 91 «ιο
777 59 873 91 roim
898 57 1110 101 ιιιωιοςιοιι.
1240 31 1242 33 .
1729 53 1815 99 329

20 176 107 199 vcro
121 164 382 208 taff-decrepito
405 165 655 199 mclinationum
680 164 820 197 affectus
844 160 942 197 esre?
991 164 1046 197 Ad
1068 172 1154 207 qnae
1177 163 1254 196 olim
1277 162 1375 196 valde
1397 162 1642 201 inclinavimus,
1678 171 1721 195 ea
1743 166 1818 204 post

17 214 212 249 dm
236 217 272 246 ot
295 221 500 250 mamur-
542 213 673 245 sordere
697 212 791 244 nobis
814 213 992 254 incipiunt,
1017 221 1082 244 non
1106 211 1211 243 solum
1235 211 1276 243 ob
1299 210 1478 252 pleniorem
1501 211 1638 243 rationis
1663 219 1758 242 usum
1783 214 1815 242 et

16 261 136 301 majus
140 259 322 302 judicium,
359 259 420 292 aod
443 260 586 293 maxime
611 261 652 292 ob
677 260 779 292 erasis
802 260 1050 291 mutationem.
1080 258 1124 290 Et
1155 257 1244 290 hanc
1267 257 1517 290 inclinationum
1541 258 1758 289 mutationem
1783 262 1817 289 et

16 306 236 341 differentiam
270 317 338 340 non
361 307 397 339 in
421 307 577 340 rationali
601 307 706 339 solum
728 306 878 342 homine,
914 306 973 338 ted
1005 307 1040 338 in
1071 305 1175 337 brutis
1209 314 1336 346 quoqne
1367 309 1481 346 aperte
1513 303 1814 336 animadvertimus.

15 354 129 391 Puro,
152 354 181 386 si
203 354 435 388 habandona
458 354 492 386 ιιι
519 355 628 386 animo
653 341 899 387 conformantur
933 363 954 385 a
978 353 1134 385 natalitio
1157 352 1285 389 sidero,
1311 361 1377 383 non
1402 360 1426 383 a
1447 356 1722 392 temperamento,
1746 356 1816 383 tum

15 401 135 436 medici
158 411 200 435 cx
222 405 554 443 temperamentorum
578 402 765 444 cognitione
790 405 826 433 et
850 400 1078 433 observatione
1107 398 1232 432 nullum
1257 403 1382 432 certum
1403 398 1564 439 judicium
1600 398 1642 431 de
1675 399 1814 431 inclina·

15 449 159 483 tionibus
180 449 358 482 manne
382 449 514 480 animae
537 448 679 490 profem
704 451 851 490 possunt.
901 447 947 479 At
971 447 1093 479 medici
1117 450 1152 479 et
1174 445 1355 488 philosophi
1380 446 1500 478 certius
1520 445 1675 487 judicant
1699 446 1742 478 de
1765 447 1817 478 in-

16 494 247 528 clinationibus
269 504 370 538 quam
391 495 689 536 perspicacissimus
716 493 922 536 astrologus:
962 503 1040 536 ergo
1064 497 1168 535 patet.
1194 492 1426 526 inclinationes
1451 503 1516 524 non
1542 493 1584 524 ab
1611 493 1724 530 astris,
1759 493 1817 525 sed

16 551 39 575 a
61 543 329 585 temperamcntk
353 551 436 576 aare·
479 541 616 578 Judicia
638 542 838 574 medicorum
867 551 907 574 ex
933 542 1203 583 temperamentis
1237 540 1320 572 adeo
1351 541 1540 574 constantia
1566 544 1600 572 et
1625 541 1718 581 qu'asi
1743 549 1815 581 per-

18 594 121 631 petua
133 598 206 623 ene
218 599 284 622 nou
292 593 438 632 ponent,
454 598 518 622 nec
529 599 657 630 semper
670 598 732 622 nec
741 589 861 630 ubique
870 589 1028 623 valerent.
1045 589 1074 620 si
1085 588 1317 621 inclinationes
1336 597 1402 619 non
1419 596 1442 620 a
1458 587 1544 619 crasi
1559 586 1741 622 humorum,
1760 586 1817 618 sed

17 645 40 668 a
62 636 156 670 cocio
177 637 396 681 perdunt.
443 636 555 669 fieret
578 635 672 676 alias,
698 641 736 668 ιιι
760 637 861 668 eruis
886 637 1027 678 corporis
1050 645 1151 677 saepe
1176 641 1264 668 esset
1286 634 1521 677 phlegmatica,
1547 633 1717 666 inclinatio
1742 643 1816 666 vero

17 683 98 716 coeli
116 682 378 718 uu-Mminlin.
427 682 588 716 Videmus
612 693 739 726 quoque
756 684 789 716 in
815 684 911 715 rebus
926 683 1118 715 inanimatis
1135 683 1277 715 crasium
1293 682 1497 714 differentias
1517 682 1721 723 potissimum
1738 691 1816 713 cou-

16 731 152 766 stim
172 730 291 764 vidum
314 729 544 768 diffindam,
569 735 607 763 ut
634 731 721 764 aliae
745 731 867 763 herbae
890 730 1038 762 habeant
1062 731 1126 762 vim
1151 729 1331 772 digerendi,
1357 728 1581 767 mollificandi,
1614 728 1818 765 attrahendi,

15 777 228 820 ςὶιιιιιιιιιῶ,7
243 777 332 811 aliae
354 777 588 811 mundificandi
613 783 833 819 potestatem,
867 778 955 810 aliae
981 777 1219 813 calefaciendi,
1254 776 1341 808 aliae
1365 775 1578 818 refrigerandi
1610 776 1694 811 vim,
1725 781 1819 817 prout

16 826 118 858 eruis
141 824 269 858 illarum
293 825 449 858 admitn't.
500 824 596 864 Quod
619 826 654 857 in
678 826 727 856 liis
750 826 835 856 vire·
859 834 900 857 ex
923 825 1029 861 crasi.
1064 823 1099 856 id
1122 826 1156 856 in
1182 824 1337 856 animatis
1362 822 1547 864 corporibus
1572 827 1650 855 sunt
1674 822 1814 854 inclina-

17 872 152 905 tiones..
181 870 277 904 Dicis
300 882 445 914 quoque.
485 872 633 904 animum
667 881 704 904 se
727 872 850 904 habere
887 872 931 905 ad
955 871 1113 904 coelestia
1145 871 1235 904 haee
1253 871 1368 910 παθη.
1405 874 1443 902 ιιι
1467 869 1582 902 oculus
1615 870 1659 901 ad
1695 869 1815 905 lucem,

18 919 105 951 auris
128 918 174 952 ad
196 927 312 952 noum
337 921 386 961 (p.
414 915 513 957 316).
562 919 658 951 Haec
681 929 747 951 non
773 919 914 952 absurde
939 919 1029 951 dicta
1053 924 1148 955 sunt,
1184 925 1309 950 certam
1333 918 1421 950 enim
1455 917 1656 958 superiorum
1681 916 1814 948 relatio-

17 975 92 998 nem
117 965 162 1002 ad
183 966 339 998 inferiora
363 975 436 998 esse
459 967 531 1007 ipse
556 966 644 998 clare
668 966 770 1005 innui,
796 967 855 998 sed
878 977 945 998 ιιοιι
971 975 1010 998 eo
1026 966 1134 1001 modo.
1161 975 1223 1007 quo
1248 969 1284 997 tn
1307 964 1474 1006 intelligis,
1500 974 1566 996 non
1584 963 1671 1006 quod
1687 964 1823 1007 animus.

17 1012 62 1045 ad
85 1013 244 1046 conates
266 1013 503 1046 inclinationes
526 1014 575 1046 sic
601 1023 637 1044 se
661 1013 806 1050 habeat,
840 1014 897 1046 sed
922 1013 1006 1055 quod
1030 1013 1150 1068 singuli
1175 1013 1316 1054 corporis
1345 1011 1497 1043 humores
1523 1010 1741 1043 elementares
1765 1020 1817 1042 re·

14 1061 158 1101 spiciunt
179 1058 327 1103 singulo·
349 1059 517 1101 planetu,
542 1064 581 1092 ut
603 1060 761 1093 videlicet
783 1060 805 1099 Ῑὶ
829 1061 1002 1093 relativam
1026 1061 1090 1092 vim
1126 1060 1251 1091 habeat
1285 1058 1329 1091 ad
1352 1058 1520 1091 humorem
1543 1057 1818 1091 melancholicum

17 1107 247 1144 excitandum,
270 1107 524 1144 stimulandum,
549 1107 790 1150 vegetandum;
817 1107 850 1147 <5
877 1108 920 1140 ad
945 1107 1126 1143 choleram,
1154 1101 1256 1146 Qui
1279 1107 1484 1148 sauguinem.

110 1153 153 1187 Ιιι
172 1163 321 1191 summa,
347 1154 439 1191 dico.
463 1154 571 1187 nullas
594 1154 771 1196 qualitates
794 1156 916 1196 primas
951 1158 1010 1186 ant
1035 1154 1198 1186 secundas
1221 1157 1353 1196 praeter
1381 1153 1583 1185 caliditatem
1610 1156 1645 1185 et
1668 1151 1817 1184 lucidita-

20 1206 106 1238 tem,
133 1205 172 1234 ut
193 1210 258 1235 nee
280 1201 366 1235 unu
389 1200 619 1234 inclinationes
644 1202 751 1234 inesse
775 1202 939 1243 planetis;
974 1202 1021 1233 vis
1046 1211 1122 1233 vero
1147 1201 1324 1243 vegetandi
1349 1201 1381 1231 in
1407 1199 1548 1242 planetis
1582 1210 1647 1231 non
1673 1203 1743 1231 tam
1768 1202 1818 1230 est

17 1247 190 1285 naturalia.
214 1257 313 1290 quam
337 1248 477 1281 relativa
501 1258 541 1281 ex
565 1248 769 1281 ordinatione
795 1249 916 1281 divina.
942 1247 1168 1290 (Keplerus
1193 1249 1227 1279 in
1251 1247 1418 1290 margine:
1444 1247 1531 1278 Pons
1556 1244 1751 1285 asinorum)

110 1294 228 1328 Porro:
261 1295 291 1327 si
318 1295 550 1328 inclinationes
581 1296 624 1328 ab
655 1297 770 1332 astris,
806 1296 935 1328 malitia
957 1305 1035 1328 vero
1058 1305 1169 1328 eorum
1194 1294 1346 1330 aliunde,
1379 1298 1458 1326 tunc
1484 1294 1527 1326 ad
1552 1293 1816 1326 constituendum

16 1346 143 1375 cumn·
167 1341 210 1374 de
232 1341 499 1375 inclinationibus
520 1342 680 1384 judicium
711 1353 777 1375 non
801 1343 905 1375 solum
941 1348 1032 1375 astra
1056 1342 1299 1375 consideranda
1322 1346 1433 1378 erunt,
1469 1341 1528 1373 sed
1565 1341 1666 1373 annui
1690 1350 1818 1383 quoque

17 1398 41 1422 a
62 1389 192 1422 malifla
212 1389 321 1432 magis
343 1389 494 1422 minusve
521 1390 738 1422 contaminati
761 1390 921 1422 habitudo
947 1389 1112 1432 astrologo
1137 1388 1466 1431 praecognoscenda,
1493 1392 1527 1421 et
1553 1387 1648 1419 simul
1672 1388 1708 1420 in
1727 1388 1817 1429 Judi-

16 1436 104 1469 cium
129 1435 319 1474 adhibenda
341 1437 413 1468 erit.
463 1436 587 1469 Verum
612 1437 795 1479 astrologus
816 1437 946 1478 judicat
972 1436 1172 1468 solummodo
1193 1438 1294 1490 juxta.
1312 1436 1452 1477 positum
1479 1435 1562 1468 coeli
1587 1439 1622 1468 et
1646 1434 1816 1468 diversita-

17 1487 84 1516 tem
109 1486 316 1526 aspectuum,
338 1487 434 1526 prout
456 1483 503 1516 illi
528 1488 588 1516 aut
612 1485 719 1525 asperi
745 1488 803 1516 aut
817 1485 963 1516 mitiores
975 1488 1075 1516 sunt.
1124 1483 1211 1526 Ergo
1229 1493 1268 1515 eo
1285 1483 1354 1524 ipso
1378 1482 1526 1514 uolentes
1544 1481 1690 1514 volentes
1707 1486 1818 1514 osten-

16 1530 99 1563 dunt
123 1529 299 1572 anologi.
334 1534 395 1562 ant
418 1530 513 1563 simul
537 1531 718 1563 bonitatem
744 1535 779 1563 et
801 1531 963 1563 malitiam
988 1541 1062 1562 curn
1086 1531 1164 1571 ipsis
1188 1529 1455 1562 inclinationibus
1485 1530 1519 1560 in
1545 1529 1663 1560 animis
1689 1529 1814 1561 confor-

16 1577 111 1612 mari
138 1580 199 1610 ant
220 1577 251 1610 ni
272 1577 336 1610 hoo
358 1577 486 1614 nolunt.
510 1579 671 1610 incertum
695 1579 836 1619 ipsorum
854 1587 927 1610 esse
947 1578 1106 1618 judicium
1131 1576 1381 1619 (Keplerns.
1407 1577 1539 1608 omnino
1550 1573 1594 1615 Ξ.)
1619 1576 1671 1607 vel
1688 1577 1819 1608 omnino

18 1625 123 1656 etiam
147 1624 191 1656 ab
214 1625 312 1656 utria
338 1624 541 1667 originaliter
564 1624 797 1658 inclinationes
820 1636 886 1657 non
910 1625 1048 1666 prodire.
1100 1624 1272 1664 Quomodo
1297 1624 1384 1656 hunc
1409 1623 1531 1655 nodum
1558 1623 1713 1655 Gordium
1730 1633 1818 1655 com-

17 1670 115 1703 mode
137 1670 261 1703 ”lvere
283 1672 388 1713 possis
413 1675 472 1703 ant
494 1671 586 1708 velis.
612 1682 678 1704 non
702 1672 809 1708 video.
837 1682 911 1704 cum
936 1673 1009 1714 ipsa
1032 1672 1155 1704 veritas
1180 1672 1231 1703 sit.
1283 1671 1333 1703 Tu
1349 1671 1448 1713 igitur
1478 1675 1592 1712 aperte
1617 1674 1651 1702 et
1675 1671 1819 1712 ingenue

18 1717 62 1750 ad
84 1716 172 1750 haec
195 1717 238 1750 (le
261 1717 534 1751 inclinationibus
554 1723 752 1760 argumenta
775 1719 947 1761 responde.

86 1772 98 1775 ⁴
111 1763 209 1804 Quod
232 1763 326 1802 dicis,
349 1765 492 1806 plancn’s
515 1775 582 1797 nou
605 1766 714 1798 inesse
738 1766 922 1798 bonitatem
939 1770 1006 1808 aut
1028 1765 1202 1802 malitiam,
1231 1765 1290 1797 sed
1306 1764 1528 1796 fortitudinem
1551 1768 1585 1795 et
1601 1763 1818 1801 debilitatem,

0 1811 189 1853 ἰιιιιΙιιΙιιιιιιι
213 1816 248 1844 et
271 1811 438 1852 abjectum
462 1810 550 1852 (vide
574 1823 607 1853 p.
634 1810 735 1851 315),
763 1814 807 1845 ad
830 1813 864 1845 id
889 1815 936 1845 sic
961 1813 1159 1854 respondeo:
1196 1812 1419 1844 fortitudinem
1444 1816 1478 1843 et
1502 1812 1642 1843 actionis
1667 1811 1818 1843 debilita-

18 1862 85 1890 tem
109 1859 190 1900 ipsit
213 1859 323 1891 inesse
347 1869 413 1890 ιιοιι
436 1869 533 1902 nego,
560 1869 646 1897 cum,
672 1861 800 1892 ratione
825 1860 1004 1892 distantiae
1031 1869 1052 1892 a
1076 1859 1189 1894 Terra.
1216 1861 1298 1891 situs
1325 1865 1358 1891 et
1381 1859 1511 1890 luminis
1535 1857 1596 1890 dte.
1622 1859 1724 1890 etiam
1748 1867 1818 1890 ma-

16 1906 102 1946 iores
129 1908 189 1937 aut
208 1905 350 1938 minores
374 1906 458 1938 vires
481 1905 640 1938 habeant.
692 1906 775 1938 Cum
799 1917 874 1939 vero
898 1907 1165 1943 inclinationem,
1203 1907 1282 1938 item
1307 1906 1530 1938 fortitudinem
1556 1910 1590 1936 et
1615 1905 1819 1937 debilitatem

17 1951 159 1993 planetis
184 1952 298 1984 tribuis
322 1953 448 1986 inesse.
485 1962 528 1984 an
553 1963 618 1985 non
645 1963 683 1986 eo
708 1955 779 1995 ipso
805 1964 973 1986 excessum
999 1959 1033 1986 et
1058 1954 1241 1990 defectum,
1280 1954 1335 1995 qui
1360 1954 1402 1985 ab
1427 1952 1543 1985 ethicis
1569 1962 1633 1993 pro*
1650 1953 1734 1984 vitiis
1759 1951 1819 1983 ha-

18 1999 154 2036 bentur,
189 1999 286 2032 simul
308 1999 447 2032 innuen?
485 1998 718 2042 (Keplerus
742 2002 776 2033 in
801 2003 965 2043 margine:
993 2001 1140 2033 defectus
1174 2011 1239 2032 nou
1266 2005 1316 2032 est
1345 1999 1479 2032 malum.
1531 1999 1652 2032 Omnia
1676 2000 1762 2031 bona
1787 2001 1820 2030 in

18 2045 168 2084 namn.)
215 2046 344 2087 Jupiter
374 2051 409 2079 et
432 2046 548 2080 Venus
571 2048 802 2080 inclinationes
830 2049 994 2089 jucundas
1025 2053 1059 2080 et
1090 2048 1243 2089 pulchras
1277 2053 1335 2080 tuo
1362 2047 1486 2088 judicio
1511 2047 1610 2083 dant3
1645 2047 1672 2078 si
1698 2046 1821 2078 debiles

18 2092 151 2129 fuerint.
170 2094 271 2126 etiam
288 2102 365 2126 suas
379 2093 611 2126 inclinationes
629 2095 780 2136 pulchras
798 2100 832 2127 et
849 2095 983 2134 debiles,
1009 2095 1060 2126 vel
1077 2095 1259 2127 beneficam
1284 2095 1391 2135 potius
1408 2098 1563 2126 naturam
1586 2093 1725 2126 debilius
1742 2098 1821 2125 nato

21 2139 215 2172 attribuunt.
262 2139 409 2172 Necesse
433 2150 515 2173 sane
538 2142 617 2177 erit,
657 2151 697 2173 ex
720 2143 787 2173 ista
811 2142 981 2174 debilitate
1006 2142 1172 2174 defectum
1207 2142 1281 2173 oriri
1306 2142 1339 2173 in
1368 2142 1498 2177 auimo,
1534 2146 1568 2173 et
1592 2141 1671 2173 inde
1695 2150 1821 2182 quoque

18 2185 225 2218 harmoniam
247 2187 413 2218 actionum
438 2191 473 2219 et
495 2187 745 2219 inclinationum
770 2189 903 2221 turbari.
955 2188 1009 2220 Sic
1035 2189 1075 2220 de
1102 2198 1238 2220 excessu
1262 2188 1283 2227 ἦ
1310 2192 1343 2220 et
1370 2187 1403 2227 d*
1426 2187 1643 2228 judicandum
1669 2189 1740 2225 erit,
1767 2188 1822 2218 ubi

21 2236 56 2264 et
79 2232 235 2266 fortitudo
257 2233 292 2264 in
316 2242 374 2264 suo
397 2234 649 2266 inclinationum
674 2244 794 2276 genere
817 2236 932 2267 vitium
955 2236 1062 2276 pariet
1087 2235 1329 2275 (Keplerus:
1355 2238 1391 2266 at
1416 2234 1562 2266 nondum
1587 2238 1639 2266 est
1661 2233 1815 2271 malitia).

20 2279 139 2316 Certe,
173 2280 202 2312 ai
225 2278 456 2312 inclinationes
480 2280 571 2312 coelo
597 2281 773 2318 adscribis,
810 2291 877 2313 non
911 2286 1006 2322 potes
1039 2291 1105 2312 non
1137 2283 1238 2313 etiam
1262 2281 1439 2323 qualitates
1472 2281 1603 2312 illarum
1640 2281 1743 2312 bonas
1768 2281 1819 2312 vel

18 2325 125 2358 malas
149 2326 240 2359 coelo
265 2326 456 2358 attribuere.
504 2326 616 2359 Dicis:
654 2327 755 2365 forte,
789 2328 976 2368 pulchrum,
1015 2329 1198 2368 abiectum,
1231 2328 1336 2359 debile
1361 2333 1492 2360 tantum
1515 2328 1577 2359 illis
1602 2330 1730 2363 inesse,
1754 2338 1819 2358 non

18 2372 139 2405 borium
163 2378 222 2405 aut
244 2373 384 2410 malum
411 2373 528 2410 audio;
554 2374 614 2406 sed
637 2374 714 2415 quid
740 2374 829 2406 aliud
854 2375 888 2407 id
913 2379 974 2408 est
1002 2384 1100 2416 quam
1125 2384 1160 2406 re
1178 2375 1250 2415 ipsa
1274 2375 1394 2406 bonum
1420 2379 1454 2406 et
1477 2374 1611 2413 malum,
1636 2374 1734 2415 idque
1760 2374 1818 2405 ali-

107 2419 148 2452 do
170 2420 303 2455 furtim,
330 2420 505 2461 aliquando
531 2420 668 2452 debilius
692 2426 850 2453 statuere.
901 2421 1007 2453 Video
1032 2426 1066 2453 te
1090 2421 1251 2454 vocabula
1274 2426 1424 2457 mutare,
1450 2430 1516 2452 non
1541 2430 1617 2452 vero
1642 2430 1695 2452 res
1719 2421 1816 2462 ipsas

20 2463 293 2508 (Keplerusz
329 2466 552 2499 Melancholia
583 2477 649 2499 ιιοιι
675 2472 726 2499 est
761 2467 910 2507 furtum.)
958 2468 1064 2505 Vide,
1097 2469 1143 2500 mi
1181 2469 1307 2499 erudite
1331 2468 1493 2508 Keplere,
1528 2476 1627 2508 quam
1664 2468 1775 2508 procul
1801 2478 1821 2498 a

190 2514 324 2546 tramite
347 2523 452 2553 novae
477 2518 556 2546 tuae
582 2514 824 2555 speculationes
850 2519 883 2547 te
909 2515 1096 2552 abducant,
1135 2520 1169 2546 et
1192 2516 1227 2546 in
1252 2524 1336 2556 quae
1363 2515 1459 2546 devia
1483 2514 1651 2546 devenias.
1703 2514 1823 2546 Confer

43 2599 45 2602 Ι
150 2562 350 2593 sententiam
374 2570 448 2593 cum
471 2566 531 2593 tua
555 2565 590 2593 et
612 2561 746 2600 videbis,
773 2571 858 2603 quae
881 2563 988 2594 minus
1013 2561 1159 2594 absurdis
1189 2566 1303 2593 utatur
1326 2561 1518 2593 rationibus.
1581 2559 1823 2602 (Keplerus2

94 2607 184 2639 furta
205 2608 242 2640 in
265 2607 518 2640 melancholiam
542 2608 675 2640 confers
701 2613 760 2640 aut
783 2618 911 2640 mecum
936 2610 1059 2641 sentis·
1051 2633 1059 2640 .
1085 2609 1131 2640 sic
1157 2609 1347 2640 excusanda
1371 2608 1499 2640 scelera
1525 2606 1822 2649 temperamentis.)

91 2654 123 2686 io
147 2658 265 2687 tamen>
284 2664 325 2687 ex
347 2659 382 2686 te
406 2655 542 2687 meliora
567 2655 693 2692 audire,
718 2656 746 2686 si
770 2656 803 2686 in
820 2660 949 2696 promtu
964 2656 1095 2688 fuerint.
1144 2656 1215 2688 Imo
1232 2660 1265 2687 te
1284 2655 1448 2692 adhortor,
1474 2660 1512 2687 ut
1526 2656 1569 2687 ad
1588 2655 1821 2687 excutiendum

76 2700 85 2708 ’
140 2701 149 2709 ”
188 2701 302 2744 ignem
325 2711 455 2734 omnem
479 2702 682 2744 diligentiam
707 2701 875 2738 adhibeas,
911 2706 945 2734 et-
968 2703 1085 2734 validis
1110 2703 1347 2734 contrariorum
1372 2706 1639 2744 argumentorum
1663 2702 1821 2734 arietibus

185 2748 370 2780 oeuoentiae
393 2759 503 2781 muros
526 2759 712 2791 oppugnes,
740 2753 774 2781 et
797 2750 825 2780 si
849 2753 945 2790 potes
969 2749 1116 2790 dejicias.
1166 2749 1237 2791 Ego
1264 2750 1394 2781 veritati
1418 2749 1558 2781 libenter
1584 2749 1712 2782 cedam.

138 2794 407 2846 Keplerus:
440 2796 501 2835 De
532 2795 947 2836 inclinationibus
980 2796 1195 2835 confudisti
1228 2809 1289 2835 me
1321 2796 1425 2835 inter
1454 2797 1679 2846 legendum.
1731 2796 1820 2835 Ve-

37 2850 93 2894 im
122 2853 342 2904 respiceres
374 2854 425 2894 ad
459 2867 572 2894 meas
603 2854 742 2894 literas
774 2855 948 2906 priores,
988 2854 1080 2906 quid
1113 2855 1270 2893 omnino
1303 2854 1542 2905 scripserim.
1606 2855 1712 2896 Nam
1746 2855 1818 2894 hoc

75 2909 190 2958 'dem,
224 2911 327 2963 quod
358 2919 403 2952 tu
433 2913 600 2958 refutas,
630 2913 748 2964 plane
782 2925 856 2952 non
890 2913 1047 2964 scripsi.
1110 2912 1224 2960 Dixi,
1272 2913 1552 2952 inclinationes
1591 2913 1819 2965 implantari

84 2967 98 3007 i
128 2969 282 3010 animae
314 2982 365 3010 ex
395 2978 592 3011 astrorum
625 2984 864 3019 commensu,
901 2971 974 3011 hoc
995 2976 1069 3019 est,
1105 2971 1278 3011 animum
1298 2971 1428 3023 ipsum
1458 2972 1630 3012 transire
1657 2972 1695 3012 in
1717 2972 1815 3012 eha-

45 3030 220 3066 ueterem
250 3028 467 3077 thematis;
498 3034 636 3070 notam
667 3029 726 3070 tui
757 3029 949 3071 thematis
981 3035 1021 3069 et
1052 3029 1093 3069 in
1125 3035 1165 3069 te
1198 3030 1332 3079 fluere,
1366 3029 1507 3070 deiude
1542 3030 1820 3071 inclinationes
