2028 3242
118 54 200 99 152
802 56 951 98 Mysterii
977 56 1242 101 Comographiei

244 1999 360 2046 Quod
395 2002 427 2041 si
461 2002 660 2042 crassitiei
700 2001 808 2042 orbis
841 2002 1004 2042 Terreni
1046 2007 1310 2043 accenseatur
1349 2008 1528 2055 systema
1558 2002 1739 2051 Lunare,
1781 2015 1875 2054 ergo
1907 2002 1941 2042 si

124 2059 204 2099 ima
248 2060 479 2111 superficies
525 2060 631 2100 orbis
664 2061 827 2101 Terreni
861 2061 1090 2101 et-Lunam
1130 2062 1471 2113 comprehendens
1510 2066 1574 2102 est
1609 2059 1740 2110 1000,
1787 2068 1942 2102 summa

124 2118 298 2158 Veneris
321 2124 384 2159 est
403 2119 440 2159 in
464 2119 684 2171 Copernico
706 2116 807 2161 847.
851 2119 907 2159 Et
927 2120 1091 2160 Terreni
1125 2121 1232 2160 orbis
1255 2134 1343 2161 cum
1365 2122 1480 2161 Luna
1511 2133 1686 2161 summus
1718 2133 1858 2172 margo
1879 2125 1943 2161 est

127 2175 235 2218 801:
271 2178 304 2217 si
337 2183 370 2223 d*
400 2178 479 2218 ima
511 2178 635 2218 habet
673 2177 796 2219 1000.
848 2178 924 2219 Hic
957 2179 1075 2219 velim
1107 2184 1147 2219 te
1180 2180 1399 2220 identidem
1431 2180 1632 2232 respicere
1665 2180 1717 2220 ad
1748 2179 1943 2220 tabellam

128 2236 219 2276 huic
240 2235 340 2276 libro
362 2238 641 2289 praemissam,
662 2250 805 2289 nempe
826 2238 876 2277 ad
898 2238 1015 2290 hujus
1036 2238 1355 2290 interpositionis
1383 2240 1695 2292 qualemcunque
1714 2238 1942 2292 imaginem.

246 2295 307 2334 En
353 2309 539 2336 numeros
571 2297 788 2348 parallelos
834 2297 1076 2349 propinquos
1108 2297 1340 2346 invicem‚⁰)
1384 2302 1424 2338 et
1456 2298 1602 2339 Mart-is
1634 2298 1790 2354 quidem
1824 2303 1943 2350 atque

128 2353 302 2394 Veneris
336 2355 511 2396 eosdem.
577 2356 748 2396 Telluris
780 2368 875 2396 vero
908 2361 950 2396 et
974 2356 1162 2397 Mercurii
1194 2371 1269 2397 non
1304 2358 1516 2398 admodum
1537 2356 1799 2412 diversosff),
1819 2356 1943 2397 solius

129 2413 244 2452 Jovis
277 2413 483 2454 immodice
519 2415 808 2466 discrepantes,
843 2416 914 2455 sed
947 2416 1050 2468 quod
1082 2416 1120 2455 in
1156 2421 1273 2457 tanta
1293 2417 1487 2457 distantia
1519 2429 1634 2457 nemo
1655 2414 1832 2457 miretur.
1887 2414 1945 2456 Et

129 2471 167 2511 in
200 2472 334 2512 Marte
369 2474 526 2525 quidem
559 2481 678 2527 atque
712 2475 887 2518 Venere,
921 2474 1061 2515 vicinis
1095 2476 1179 2516 orbi
1207 2476 1398 2525 Telluris,
1432 2477 1545 2516 vides
1578 2480 1770 2528 quantam
1795 2474 1946 2527 efficiat

131 2531 407 2572 diversitatem
442 2533 640 2573 orbiculus
679 2534 817 2574 Lunae
851 2534 1078 2574 accensitus
1111 2535 1309 2575 crassitiei
1343 2535 1450 2575 orbis
1483 2534 1670 2580 Terreni:
1704 2533 1770 2588 qui
1809 2538 1942 2590 tamen

134 2589 333 2631 orbiculus
366 2591 433 2632 vix
467 2589 492 2632 3
526 2593 714 2644 scrupula
746 2598 906 2646 aequat,
941 2593 1116 2646 qualium
1150 2594 1257 2634 orbis
1289 2594 1437 2634 Terrae
1469 2594 1593 2634 habet
1624 2591 1694 2635 60.
1713 2594 1750 2641 ⁹)

251 2650 367 2690 Unde
413 2651 600 2701 colligere
645 2656 782 2704 potes,
831 2666 946 2705 quam
986 2652 1102 2693 facile
1148 2653 1468 2693 animadversum
1513 2652 1672 2701 fuisset,
1719 2655 1946 2704 quantaque

134 2720 382 2749 numerorum
417 2711 624 2750 extitisset
654 2711 936 2763 inaequalitas,
970 2712 1003 2752 si
1039 2712 1137 2752 haec
1170 2717 1311 2752 contra
1330 2712 1430 2752 coeli
1464 2716 1649 2752 naturam
1680 2715 1943 2758 tentarentur,

135 2765 210 2804 hoc
253 2773 336 2813 est,
384 2769 416 2808 si
449 2770 560 2809 Deus
602 2769 688 2821 ipse
731 2771 769 2809 in
810 2771 1012 2811 creatione
1051 2784 1127 2810 non
1168 2772 1217 2810 ad
1257 2771 1331 2810 has
1366 2770 1644 2822 proportiones
1683 2768 1944 2822 respexisset.

137 2822 257 2863 Certe
291 2826 393 2866 enim
427 2828 633 2868 fortuitum
674 2829 748 2869 hoc
782 2842 870 2869 esse
912 2844 987 2869 non
1021 2835 1177 2882 potest,
1223 2835 1268 2870 ut
1298 2835 1383 2869 tam
1418 2829 1663 2881 propinquae
1705 2828 1793 2883 sint
1816 2829 1946 2878 inter:
2011 2836 2028 2879 3¹³

135 2882 254 2921 vallis
293 2883 402 2924 hisce
434 2887 712 2938 proportiones
746 2901 978 2940 corporum,
1023 2902 1121 2939 cum¹
1144 2893 1314 2941 ¹‚propter
1346 2887 1452 2937 alia,
1488 2893 1581 2938 >tum
1613 2887 1947 2940 maximessqquja

132 2940 242 2980 idem
265 2942 358 2982 ordo
381 2948 444 2983 est
463 2945 774 2994 intervallorum,
799 2960 915 2997 quem
936 2961 1055 2998 supra
1075 2947 1298 2989 rationibus
1319 2946 1480 2998 optimis
1510 2946 1740 3001 corporibus
1754 2945 1987 3001 ⁷ascripsidm
2014 2955 2028 2994 *eff

138 2998 229 3037 vide
261 3011 348 3051 cap.
383 2999 421 3041 3.
485 3004 590 3044 Nam
624 3005 698 3044 etsi
734 3003 817 3046 635
853 3020 876 3046 a
909 3004 995 3047 577
1028 3007 1252 3059 discrepat,
1299 3005 1394 3045 nulli
1428 3010 1560 3045 tamen
1595 3001 1852 3059 propinquior
1883 3010 1947 3045 est
2013 3066 2028 3075 e

1719 3089 1722 3092 ·
2008 3077 2028 3114 r

139 3062 257 3109 atque
288 3058 377 3097 huic
410 3060 498 3112 ipsi.
