<?xml version="1.0" encoding="UTF-8"?>
<!DOCTYPE html PUBLIC "-//W3C//DTD XHTML 1.0 Transitional//EN"
    "http://www.w3.org/TR/xhtml1/DTD/xhtml1-transitional.dtd">
<html xmlns="http://www.w3.org/1999/xhtml" xml:lang="en" lang="en">
 <head>
  <title>
</title>
<meta http-equiv="Content-Type" content="text/html;charset=utf-8" />
  <meta name='ocr-system' content='tesseract 3.04.00' />
  <meta name='ocr-capabilities' content='ocr_page ocr_carea ocr_par ocr_line ocrx_word'/>
</head>
<body>
  <div class='ocr_page' id='page_1' title='image "./operaomniaedidit01kepluoft/operaomniaedidit01kepluoft_0144.png"; bbox 0 0 2028 3242; ppageno 0'>
   <div class='ocr_carea' id='block_1_1' title="bbox 191 80 1311 126">
    <p class='ocr_par' dir='ltr' id='par_1_1' title="bbox 191 80 1311 126">
     <span class='ocr_line' id='line_1_1' title="bbox 191 80 1311 126; baseline 0.004 -16"><span class='ocrx_word' id='word_1_1' title='bbox 191 86 206 126; x_wconf 67' lang='grc'>1</span> <span class='ocrx_word' id='word_1_2' title='bbox 217 84 273 126; x_wconf 77' lang='lat'>22</span> <span class='ocrx_word' id='word_1_3' title='bbox 870 80 1020 121; x_wconf 86' lang='lat' dir='ltr'>Mysterii</span> <span class='ocrx_word' id='word_1_4' title='bbox 1046 80 1311 123; x_wconf 83' lang='lat' dir='ltr'>Cosmographici</span> 
     </span>
    </p>
   </div>
   <div class='ocr_carea' id='block_1_2' title="bbox 183 185 2000 874">
    <p class='ocr_par' dir='ltr' id='par_1_2' title="bbox 183 185 2000 874">
     <span class='ocr_line' id='line_1_2' title="bbox 186 185 1998 239; baseline -0.002 -11"><span class='ocrx_word' id='word_1_5' title='bbox 186 204 322 239; x_wconf 88' lang='lat' dir='ltr'>easque</span> <span class='ocrx_word' id='word_1_6' title='bbox 353 203 419 236; x_wconf 89' lang='lat' dir='ltr'>per</span> <span class='ocrx_word' id='word_1_7' title='bbox 446 189 597 224; x_wconf 81' lang='lat' dir='ltr'>similem</span> <span class='ocrx_word' id='word_1_8' title='bbox 627 185 929 234; x_wconf 85' lang='lat' dir='ltr'>praeventionem</span> <span class='ocrx_word' id='word_1_9' title='bbox 958 187 1242 223; x_wconf 85' lang='lat' dir='ltr'>translocabiles</span> <span class='ocrx_word' id='word_1_10' title='bbox 1273 189 1317 222; x_wconf 90' lang='lat' dir='ltr'>de</span> <span class='ocrx_word' id='word_1_11' title='bbox 1336 188 1416 223; x_wconf 91' lang='lat' dir='ltr'>loco</span> <span class='ocrx_word' id='word_1_12' title='bbox 1445 187 1480 222; x_wconf 91' lang='lat' dir='ltr'>in</span> <span class='ocrx_word' id='word_1_13' title='bbox 1507 188 1625 223; x_wconf 75' lang='lat' dir='ltr'>locum</span> <span class='ocrx_word' id='word_1_14' title='bbox 1644 190 1712 224; x_wconf 89' lang='lat' dir='ltr'>sub</span> <span class='ocrx_word' id='word_1_15' title='bbox 1735 188 1840 230; x_wconf 74' lang='lat' dir='ltr'>fixis:</span> <span class='ocrx_word' id='word_1_16' title='bbox 1873 200 1922 224; x_wconf 82' lang='lat' dir='ltr'>ex</span> <span class='ocrx_word' id='word_1_17' title='bbox 1941 188 1998 223; x_wconf 86' lang='lat' dir='ltr'>his</span> 
     </span>
     <span class='ocr_line' id='line_1_3' title="bbox 187 241 1997 289; baseline -0.001 -9"><span class='ocrx_word' id='word_1_18' title='bbox 187 245 347 281; x_wconf 83' lang='lat' dir='ltr'>obtentis</span> <span class='ocrx_word' id='word_1_19' title='bbox 378 244 544 289; x_wconf 89' lang='lat' dir='ltr'>sequitur</span> <span class='ocrx_word' id='word_1_20' title='bbox 563 242 661 276; x_wconf 87' lang='lat' dir='ltr'>ultro</span> <span class='ocrx_word' id='word_1_21' title='bbox 694 241 771 275; x_wconf 81' lang='lat' dir='ltr'>sine</span> <span class='ocrx_word' id='word_1_22' title='bbox 798 242 877 276; x_wconf 88' lang='lat' dir='ltr'>ulla</span> <span class='ocrx_word' id='word_1_23' title='bbox 903 243 1069 287; x_wconf 88' lang='lat' dir='ltr'>polorum</span> <span class='ocrx_word' id='word_1_24' title='bbox 1096 241 1303 283; x_wconf 78' lang='lat' dir='ltr'>libratione,</span> <span class='ocrx_word' id='word_1_25' title='bbox 1337 246 1375 276; x_wconf 88' lang='lat' dir='ltr'>et</span> <span class='ocrx_word' id='word_1_26' title='bbox 1401 241 1682 276; x_wconf 70' lang='lat' dir='ltr'>declinationem</span> <span class='ocrx_word' id='word_1_27' title='bbox 1709 241 1903 288; x_wconf 80' lang='lat' dir='ltr'>eclipticae</span> <span class='ocrx_word' id='word_1_28' title='bbox 1921 251 1997 280; x_wconf 70' lang='lat' dir='ltr'>mu:</span> 
     </span>
     <span class='ocr_line' id='line_1_4' title="bbox 186 293 2000 342; baseline -0.003 -8"><span class='ocrx_word' id='word_1_29' title='bbox 186 299 269 340; x_wconf 86' lang='lat' dir='ltr'>tari,</span> <span class='ocrx_word' id='word_1_30' title='bbox 304 302 343 332; x_wconf 85' lang='lat' dir='ltr'>et</span> <span class='ocrx_word' id='word_1_31' title='bbox 375 294 609 342; x_wconf 72' lang='lat' dir='ltr'>aequinoctia</span> <span class='ocrx_word' id='word_1_32' title='bbox 640 294 804 329; x_wconf 89' lang='lat' dir='ltr'>nonnihil</span> <span class='ocrx_word' id='word_1_33' title='bbox 838 307 933 329; x_wconf 90' lang='lat' dir='ltr'>nunc</span> <span class='ocrx_word' id='word_1_34' title='bbox 961 294 1117 335; x_wconf 84' lang='lat' dir='ltr'>incitari,</span> <span class='ocrx_word' id='word_1_35' title='bbox 1151 306 1247 328; x_wconf 87' lang='lat' dir='ltr'>nunc</span> <span class='ocrx_word' id='word_1_36' title='bbox 1277 294 1480 334; x_wconf 83' lang='lat' dir='ltr'>retardari;</span> <span class='ocrx_word' id='word_1_37' title='bbox 1521 294 1607 340; x_wconf 91' lang='lat' dir='ltr'>quin</span> <span class='ocrx_word' id='word_1_38' title='bbox 1635 293 1705 330; x_wconf 91' lang='lat' dir='ltr'>imo</span> <span class='ocrx_word' id='word_1_39' title='bbox 1738 294 1902 341; x_wconf 83' lang='lat' dir='ltr'>sequitur</span> <span class='ocrx_word' id='word_1_40' title='bbox 1930 295 2000 329; x_wconf 87' lang='lat' dir='ltr'>hoc</span> 
     </span>
     <span class='ocr_line' id='line_1_5' title="bbox 185 347 1998 395; baseline -0.003 -8"><span class='ocrx_word' id='word_1_41' title='bbox 185 352 295 387; x_wconf 88' lang='lat' dir='ltr'>etiam</span> <span class='ocrx_word' id='word_1_42' title='bbox 329 350 504 395; x_wconf 88' lang='lat' dir='ltr'>amplius,</span> <span class='ocrx_word' id='word_1_43' title='bbox 548 349 641 394; x_wconf 89' lang='lat' dir='ltr'>quod</span> <span class='ocrx_word' id='word_1_44' title='bbox 676 348 876 393; x_wconf 86' lang='lat' dir='ltr'>Copernico</span> <span class='ocrx_word' id='word_1_45' title='bbox 922 348 1249 383; x_wconf 86' lang='lat' dir='ltr'>inanimadversum</span> <span class='ocrx_word' id='word_1_46' title='bbox 1294 347 1418 394; x_wconf 79' lang='lat' dir='ltr'>Tycho</span> <span class='ocrx_word' id='word_1_47' title='bbox 1450 348 1619 382; x_wconf 81' lang='lat' dir='ltr'>Braheus</span> <span class='ocrx_word' id='word_1_48' title='bbox 1665 353 1704 382; x_wconf 85' lang='lat' dir='ltr'>et</span> <span class='ocrx_word' id='word_1_49' title='bbox 1739 347 1998 393; x_wconf 83' lang='lat' dir='ltr'>Landgravius</span> 
     </span>
     <span class='ocr_line' id='line_1_6' title="bbox 185 399 1998 447; baseline -0.002 -8"><span class='ocrx_word' id='word_1_50' title='bbox 185 404 342 439; x_wconf 85' lang='lat' dir='ltr'>Hassiae</span> <span class='ocrx_word' id='word_1_51' title='bbox 366 399 415 447; x_wconf 80' lang='lat'>³⁶)</span> <span class='ocrx_word' id='word_1_52' title='bbox 444 404 684 442; x_wconf 83' lang='lat' dir='ltr'>detexerunt,</span> <span class='ocrx_word' id='word_1_53' title='bbox 717 402 875 436; x_wconf 81' lang='lat' dir='ltr'>fixarum</span> <span class='ocrx_word' id='word_1_54' title='bbox 903 402 1037 436; x_wconf 89' lang='lat' dir='ltr'>mutari</span> <span class='ocrx_word' id='word_1_55' title='bbox 1068 400 1294 436; x_wconf 86' lang='lat' dir='ltr'>latitudines.</span> <span class='ocrx_word' id='word_1_56' title='bbox 1351 400 1432 435; x_wconf 90' lang='lat' dir='ltr'>Etsi</span> <span class='ocrx_word' id='word_1_57' title='bbox 1459 411 1546 435; x_wconf 86' lang='lat' dir='ltr'>vero</span> <span class='ocrx_word' id='word_1_58' title='bbox 1575 400 1724 436; x_wconf 89' lang='lat' dir='ltr'>libratio</span> <span class='ocrx_word' id='word_1_59' title='bbox 1751 400 1998 447; x_wconf 85' lang='lat' dir='ltr'>aequinoctio·-</span> 
     </span>
     <span class='ocr_line' id='line_1_7' title="bbox 185 453 1998 500; baseline -0.003 -8"><span class='ocrx_word' id='word_1_60' title='bbox 185 469 262 492; x_wconf 89' lang='lat' dir='ltr'>rum</span> <span class='ocrx_word' id='word_1_61' title='bbox 288 469 359 492; x_wconf 91' lang='lat' dir='ltr'>non</span> <span class='ocrx_word' id='word_1_62' title='bbox 389 460 496 491; x_wconf 88' lang='lat' dir='ltr'>tant-a</span> <span class='ocrx_word' id='word_1_63' title='bbox 524 467 592 489; x_wconf 88' lang='lat' dir='ltr'>nec</span> <span class='ocrx_word' id='word_1_64' title='bbox 618 459 692 489; x_wconf 88' lang='lat' dir='ltr'>tam</span> <span class='ocrx_word' id='word_1_65' title='bbox 713 455 842 489; x_wconf 87' lang='lat' dir='ltr'>celeris</span> <span class='ocrx_word' id='word_1_66' title='bbox 863 460 950 489; x_wconf 90' lang='lat' dir='ltr'>tunc</span> <span class='ocrx_word' id='word_1_67' title='bbox 971 455 1126 495; x_wconf 87' lang='lat' dir='ltr'>elicitur,</span> <span class='ocrx_word' id='word_1_68' title='bbox 1148 459 1288 500; x_wconf 86' lang='lat' dir='ltr'>quant-a</span> <span class='ocrx_word' id='word_1_69' title='bbox 1307 466 1355 488; x_wconf 85' lang='lat' dir='ltr'>ex</span> <span class='ocrx_word' id='word_1_70' title='bbox 1376 453 1634 489; x_wconf 83' lang='lat' dir='ltr'>librationibus</span> <span class='ocrx_word' id='word_1_71' title='bbox 1655 453 1862 500; x_wconf 82' lang='lat' dir='ltr'>Copernici:</span> <span class='ocrx_word' id='word_1_72' title='bbox 1894 457 1936 489; x_wconf 78' lang='lat' dir='ltr'>at</span> <span class='ocrx_word' id='word_1_73' title='bbox 1954 454 1998 488; x_wconf 86' lang='lat' dir='ltr'>de</span> 
     </span>
     <span class='ocr_line' id='line_1_8' title="bbox 184 503 1996 556; baseline -0.002 -11"><span class='ocrx_word' id='word_1_74' title='bbox 184 511 251 545; x_wconf 89' lang='lat' dir='ltr'>illa</span> <span class='ocrx_word' id='word_1_75' title='bbox 269 503 479 556; x_wconf 85' lang='lat' dir='ltr'>quantitate</span> <span class='ocrx_word' id='word_1_76' title='bbox 509 520 580 542; x_wconf 92' lang='lat' dir='ltr'>non</span> <span class='ocrx_word' id='word_1_77' title='bbox 601 512 747 542; x_wconf 87' lang='lat' dir='ltr'>tantum</span> <span class='ocrx_word' id='word_1_78' title='bbox 766 509 923 542; x_wconf 90' lang='lat' dir='ltr'>nondum</span> <span class='ocrx_word' id='word_1_79' title='bbox 943 508 1070 554; x_wconf 86' lang='lat' dir='ltr'>liquet,</span> <span class='ocrx_word' id='word_1_80' title='bbox 1105 509 1166 541; x_wconf 90' lang='lat' dir='ltr'>sed</span> <span class='ocrx_word' id='word_1_81' title='bbox 1197 512 1368 542; x_wconf 73' lang='lat' dir='ltr'><strong>constans</strong></span> <span class='ocrx_word' id='word_1_82' title='bbox 1400 507 1611 552; x_wconf 89' lang='lat' dir='ltr'>aequalitas</span> <span class='ocrx_word' id='word_1_83' title='bbox 1641 512 1728 542; x_wconf 85' lang='lat' dir='ltr'>ante</span> <span class='ocrx_word' id='word_1_84' title='bbox 1747 511 1787 542; x_wconf 86' lang='lat' dir='ltr'>et</span> <span class='ocrx_word' id='word_1_85' title='bbox 1805 510 1892 552; x_wconf 79' lang='lat' dir='ltr'>post</span> <span class='ocrx_word' id='word_1_86' title='bbox 1910 507 1996 542; x_wconf 90' lang='lat' dir='ltr'>Pto-</span> 
     </span>
     <span class='ocr_line' id='line_1_9' title="bbox 185 560 1998 607; baseline -0.003 -8"><span class='ocrx_word' id='word_1_87' title='bbox 185 565 365 599; x_wconf 87' lang='lat' dir='ltr'>lemaeum</span> <span class='ocrx_word' id='word_1_88' title='bbox 395 562 627 607; x_wconf 88' lang='lat' dir='ltr'>deprehensa</span> <span class='ocrx_word' id='word_1_89' title='bbox 665 564 783 595; x_wconf 84' lang='lat' dir='ltr'>totum</span> <span class='ocrx_word' id='word_1_90' title='bbox 828 561 1017 606; x_wconf 73' lang='lat' dir='ltr'>negotium</span> <span class='ocrx_word' id='word_1_91' title='bbox 1061 571 1137 596; x_wconf 88' lang='lat' dir='ltr'>una</span> <span class='ocrx_word' id='word_1_92' title='bbox 1167 572 1246 595; x_wconf 89' lang='lat' dir='ltr'>cum</span> <span class='ocrx_word' id='word_1_93' title='bbox 1278 560 1598 595; x_wconf 85' lang='lat' dir='ltr'>observationibus</span> <span class='ocrx_word' id='word_1_94' title='bbox 1629 560 1835 596; x_wconf 72' lang='lat' dir='ltr'>Ptolemaei</span> <span class='ocrx_word' id='word_1_95' title='bbox 1865 571 1998 606; x_wconf 81' lang='lat' dir='ltr'>prope-</span> 
     </span>
     <span class='ocr_line' id='line_1_10' title="bbox 184 613 1996 661; baseline -0.002 -9"><span class='ocrx_word' id='word_1_96' title='bbox 184 619 327 652; x_wconf 90' lang='lat' dir='ltr'>modum</span> <span class='ocrx_word' id='word_1_97' title='bbox 345 616 382 650; x_wconf 90' lang='lat' dir='ltr'>in</span> <span class='ocrx_word' id='word_1_98' title='bbox 402 615 548 649; x_wconf 89' lang='lat' dir='ltr'>dubium</span> <span class='ocrx_word' id='word_1_99' title='bbox 567 618 687 649; x_wconf 85' lang='lat' dir='ltr'>vocat.</span> <span class='ocrx_word' id='word_1_100' title='bbox 744 614 833 649; x_wconf 89' lang='lat' dir='ltr'>Sola</span> <span class='ocrx_word' id='word_1_101' title='bbox 852 614 947 648; x_wconf 89' lang='lat' dir='ltr'>enim</span> <span class='ocrx_word' id='word_1_102' title='bbox 968 619 1072 649; x_wconf 85' lang='lat' dir='ltr'>aetas</span> <span class='ocrx_word' id='word_1_103' title='bbox 1092 613 1298 649; x_wconf 74' lang='lat' dir='ltr'>Ptolemaei</span> <span class='ocrx_word' id='word_1_104' title='bbox 1317 618 1385 655; x_wconf 85' lang='lat' dir='ltr'>est,</span> <span class='ocrx_word' id='word_1_105' title='bbox 1416 624 1511 660; x_wconf 83' lang='lat' dir='ltr'>quae</span> <span class='ocrx_word' id='word_1_106' title='bbox 1538 613 1746 649; x_wconf 79' lang='lat' dir='ltr'>exorbitat:</span> <span class='ocrx_word' id='word_1_107' title='bbox 1774 613 1996 661; x_wconf 86' lang='lat' dir='ltr'>reliquarum</span> 
     </span>
     <span class='ocr_line' id='line_1_11' title="bbox 184 666 1996 713; baseline -0.002 -8"><span class='ocrx_word' id='word_1_108' title='bbox 184 674 350 705; x_wconf 89' lang='lat' dir='ltr'>aetatum</span> <span class='ocrx_word' id='word_1_109' title='bbox 371 667 647 703; x_wconf 88' lang='lat' dir='ltr'>observationes</span> <span class='ocrx_word' id='word_1_110' title='bbox 669 671 878 713; x_wconf 84' lang='lat' dir='ltr'>congruunt</span> <span class='ocrx_word' id='word_1_111' title='bbox 898 669 943 702; x_wconf 78' lang='lat' dir='ltr'>ad</span> <span class='ocrx_word' id='word_1_112' title='bbox 965 667 1196 713; x_wconf 83' lang='lat' dir='ltr'>aequabilem</span> <span class='ocrx_word' id='word_1_113' title='bbox 1215 667 1406 713; x_wconf 87' lang='lat' dir='ltr'>regulam;</span> <span class='ocrx_word' id='word_1_114' title='bbox 1439 667 1676 712; x_wconf 87' lang='lat' dir='ltr'>Copernicum</span> <span class='ocrx_word' id='word_1_115' title='bbox 1697 667 1802 708; x_wconf 88' lang='lat' dir='ltr'>enim,</span> <span class='ocrx_word' id='word_1_116' title='bbox 1825 666 1886 713; x_wconf 85' lang='lat' dir='ltr'>qui</span> <span class='ocrx_word' id='word_1_117' title='bbox 1905 677 1996 702; x_wconf 81' lang='lat' dir='ltr'>suae</span> 
     </span>
     <span class='ocr_line' id='line_1_12' title="bbox 185 719 1996 765; baseline -0.002 -7"><span class='ocrx_word' id='word_1_118' title='bbox 185 723 322 758; x_wconf 86' lang='lat' dir='ltr'>aetatis</span> <span class='ocrx_word' id='word_1_119' title='bbox 355 721 601 757; x_wconf 82' lang='lat' dir='ltr'>associatione</span> <span class='ocrx_word' id='word_1_120' title='bbox 632 720 863 754; x_wconf 84' lang='lat' dir='ltr'>librationem</span> <span class='ocrx_word' id='word_1_121' title='bbox 894 721 988 755; x_wconf 87' lang='lat' dir='ltr'>hanc</span> <span class='ocrx_word' id='word_1_122' title='bbox 1018 721 1149 755; x_wconf 82' lang='lat' dir='ltr'>enixus</span> <span class='ocrx_word' id='word_1_123' title='bbox 1183 726 1257 760; x_wconf 87' lang='lat' dir='ltr'>est,</span> <span class='ocrx_word' id='word_1_124' title='bbox 1292 719 1448 765; x_wconf 76' lang='lat' dir='ltr'>proximi</span> <span class='ocrx_word' id='word_1_125' title='bbox 1479 723 1604 754; x_wconf 82' lang='lat' dir='ltr'>aetate</span> <span class='ocrx_word' id='word_1_126' title='bbox 1637 721 1896 756; x_wconf 84' lang='lat' dir='ltr'>observatores</span> <span class='ocrx_word' id='word_1_127' title='bbox 1926 720 1996 755; x_wconf 84' lang='lat' dir='ltr'>fide</span> 
     </span>
     <span class='ocr_line' id='line_1_13' title="bbox 183 772 1995 823; baseline -0.002 -12"><span class='ocrx_word' id='word_1_128' title='bbox 183 775 386 823; x_wconf 88' lang='lat' dir='ltr'>dignissimi</span> <span class='ocrx_word' id='word_1_129' title='bbox 413 775 590 809; x_wconf 83' lang='lat' dir='ltr'>refutant.</span> <span class='ocrx_word' id='word_1_130' title='bbox 648 773 738 807; x_wconf 86' lang='lat' dir='ltr'>Vide</span> <span class='ocrx_word' id='word_1_131' title='bbox 768 774 837 808; x_wconf 91' lang='lat' dir='ltr'>hac</span> <span class='ocrx_word' id='word_1_132' title='bbox 866 776 908 808; x_wconf 89' lang='lat' dir='ltr'>de</span> <span class='ocrx_word' id='word_1_133' title='bbox 938 786 977 809; x_wconf 88' lang='lat' dir='ltr'>re</span> <span class='ocrx_word' id='word_1_134' title='bbox 1012 785 1092 809; x_wconf 87' lang='lat' dir='ltr'>mea</span> <span class='ocrx_word' id='word_1_135' title='bbox 1113 773 1383 809; x_wconf 86' lang='lat' dir='ltr'>Commentaria</span> <span class='ocrx_word' id='word_1_136' title='bbox 1414 775 1458 807; x_wconf 89' lang='lat' dir='ltr'>de</span> <span class='ocrx_word' id='word_1_137' title='bbox 1478 773 1600 808; x_wconf 70' lang='lat' dir='ltr'>Marte</span> <span class='ocrx_word' id='word_1_138' title='bbox 1632 773 1816 819; x_wconf 87' lang='lat' dir='ltr'>capitibus</span> <span class='ocrx_word' id='word_1_139' title='bbox 1845 772 1995 814; x_wconf 84' lang='lat' dir='ltr'>ultimis,</span> 
     </span>
     <span class='ocr_line' id='line_1_14' title="bbox 185 826 806 874; baseline -0.003 -12"><span class='ocrx_word' id='word_1_140' title='bbox 185 834 225 864; x_wconf 81' lang='lat' dir='ltr'>et</span> <span class='ocrx_word' id='word_1_141' title='bbox 252 829 410 874; x_wconf 87' lang='lat' dir='ltr'>Epitom.</span> <span class='ocrx_word' id='word_1_142' title='bbox 432 830 583 862; x_wconf 85' lang='lat' dir='ltr'>Astron.</span> <span class='ocrx_word' id='word_1_143' title='bbox 615 826 695 861; x_wconf 90' lang='lat' dir='ltr'>libr.</span> <span class='ocrx_word' id='word_1_144' title='bbox 727 827 806 861; x_wconf 84' lang='lat' dir='ltr'>VII.</span> 
     </span>
    </p>
   </div>
   <div class='ocr_carea' id='block_1_3' title="bbox 939 1054 1221 1119">
    <p class='ocr_par' dir='ltr' id='par_1_3' title="bbox 939 1054 1221 1119">
     <span class='ocr_line' id='line_1_15' title="bbox 939 1054 1221 1119; baseline -0.007 -16"><span class='ocrx_word' id='word_1_145' title='bbox 939 1077 950 1090; x_wconf 77' lang='lat'>=</span> <span class='ocrx_word' id='word_1_146' title='bbox 962 1055 1122 1119; x_wconf 87' lang='lat' dir='ltr'>Caput</span> <span class='ocrx_word' id='word_1_147' title='bbox 1157 1054 1221 1102; x_wconf 93' lang='grc' dir='ltr'>Π.</span> 
     </span>
    </p>
   </div>
   <div class='ocr_carea' id='block_1_4' title="bbox 634 1160 1555 1202">
    <p class='ocr_par' dir='ltr' id='par_1_4' title="bbox 634 1160 1555 1202">
     <span class='ocr_line' id='line_1_16' title="bbox 634 1160 1555 1202; baseline -0.001 -1"><span class='ocrx_word' id='word_1_148' title='bbox 634 1160 886 1201; x_wconf 76' lang='lat' dir='ltr'>Primarz‘ae</span> <span class='ocrx_word' id='word_1_149' title='bbox 917 1162 1286 1202; x_wconf 74' lang='lat' dir='ltr'>demonstrationis</span> <span class='ocrx_word' id='word_1_150' title='bbox 1317 1160 1555 1202; x_wconf 77' lang='lat' dir='ltr'>delineatio.</span> 
     </span>
    </p>
   </div>
   <div class='ocr_carea' id='block_1_5' title="bbox 182 1253 2000 2017">
    <p class='ocr_par' dir='ltr' id='par_1_5' title="bbox 184 1253 2000 1429">
     <span class='ocr_line' id='line_1_17' title="bbox 305 1253 1999 1311; baseline -0.001 -16"><span class='ocrx_word' id='word_1_151' title='bbox 305 1253 458 1300; x_wconf 83' lang='lat' dir='ltr'>Quibus</span> <span class='ocrx_word' id='word_1_152' title='bbox 492 1255 548 1295; x_wconf 89' lang='lat' dir='ltr'>ita</span> <span class='ocrx_word' id='word_1_153' title='bbox 579 1256 811 1307; x_wconf 83' lang='lat' dir='ltr'>praemissis</span> <span class='ocrx_word' id='word_1_154' title='bbox 847 1262 890 1295; x_wconf 90' lang='lat' dir='ltr'>ut</span> <span class='ocrx_word' id='word_1_155' title='bbox 917 1257 966 1295; x_wconf 88' lang='lat' dir='ltr'>ad</span> <span class='ocrx_word' id='word_1_156' title='bbox 997 1257 1244 1311; x_wconf 87' lang='lat' dir='ltr'>propositum</span> <span class='ocrx_word' id='word_1_157' title='bbox 1272 1255 1442 1303; x_wconf 86' lang='lat' dir='ltr'>veniam,</span> <span class='ocrx_word' id='word_1_158' title='bbox 1477 1261 1596 1308; x_wconf 88' lang='lat' dir='ltr'>atque</span> <span class='ocrx_word' id='word_1_159' title='bbox 1631 1255 1745 1295; x_wconf 89' lang='lat' dir='ltr'>modo</span> <span class='ocrx_word' id='word_1_160' title='bbox 1778 1254 1999 1305; x_wconf 67' lang='lat' dir='ltr'>recensitas</span> 
     </span>
     <span class='ocr_line' id='line_1_18' title="bbox 187 1313 2000 1367; baseline -0.001 -13"><span class='ocrx_word' id='word_1_161' title='bbox 187 1313 397 1366; x_wconf 85' lang='lat' dir='ltr'>Copernici</span> <span class='ocrx_word' id='word_1_162' title='bbox 429 1315 672 1367; x_wconf 86' lang='lat' dir='ltr'>hypotheses</span> <span class='ocrx_word' id='word_1_163' title='bbox 700 1316 748 1354; x_wconf 90' lang='lat' dir='ltr'>de</span> <span class='ocrx_word' id='word_1_164' title='bbox 770 1316 914 1355; x_wconf 88' lang='lat' dir='ltr'>mundo</span> <span class='ocrx_word' id='word_1_165' title='bbox 947 1329 1048 1354; x_wconf 92' lang='lat' dir='ltr'>novo</span> <span class='ocrx_word' id='word_1_166' title='bbox 1083 1328 1184 1355; x_wconf 87' lang='lat' dir='ltr'>novo</span> <span class='ocrx_word' id='word_1_167' title='bbox 1215 1321 1449 1367; x_wconf 82' lang='lat' dir='ltr'>argumento</span> <span class='ocrx_word' id='word_1_168' title='bbox 1476 1315 1654 1367; x_wconf 78' lang='lat' dir='ltr'>probem,</span> <span class='ocrx_word' id='word_1_169' title='bbox 1688 1327 1772 1354; x_wconf 88' lang='lat' dir='ltr'>rem</span> <span class='ocrx_word' id='word_1_170' title='bbox 1804 1328 1830 1355; x_wconf 83' lang='lat' dir='ltr'>a</span> <span class='ocrx_word' id='word_1_171' title='bbox 1858 1313 2000 1367; x_wconf 82' lang='lat' dir='ltr'>primo,</span> 
     </span>
     <span class='ocr_line' id='line_1_19' title="bbox 184 1372 1420 1429; baseline 0.002 -17"><span class='ocrx_word' id='word_1_172' title='bbox 184 1374 285 1429; x_wconf 86' lang='lat' dir='ltr'>quod</span> <span class='ocrx_word' id='word_1_173' title='bbox 319 1372 447 1420; x_wconf 87' lang='lat' dir='ltr'>aiunt,</span> <span class='ocrx_word' id='word_1_174' title='bbox 482 1386 556 1412; x_wconf 88' lang='lat' dir='ltr'>ovo</span> <span class='ocrx_word' id='word_1_175' title='bbox 591 1388 668 1425; x_wconf 84' lang='lat' dir='ltr'>qua</span> <span class='ocrx_word' id='word_1_176' title='bbox 699 1374 899 1414; x_wconf 84' lang='lat' dir='ltr'>brevitate</span> <span class='ocrx_word' id='word_1_177' title='bbox 932 1373 1015 1414; x_wconf 82' lang='lat' dir='ltr'>fieri</span> <span class='ocrx_word' id='word_1_178' title='bbox 1048 1375 1197 1427; x_wconf 86' lang='lat' dir='ltr'>poterit</span> <span class='ocrx_word' id='word_1_179' title='bbox 1228 1379 1420 1426; x_wconf 82' lang='lat' dir='ltr'>repetam.</span> 
     </span>
    </p>

    <p class='ocr_par' dir='ltr' id='par_1_6' title="bbox 182 1430 2000 2017">
     <span class='ocr_line' id='line_1_20' title="bbox 303 1430 1997 1485; baseline 0 -14"><span class='ocrx_word' id='word_1_180' title='bbox 303 1431 460 1484; x_wconf 89' lang='lat' dir='ltr'>Corpus</span> <span class='ocrx_word' id='word_1_181' title='bbox 493 1438 581 1471; x_wconf 86' lang='lat' dir='ltr'>erat</span> <span class='ocrx_word' id='word_1_182' title='bbox 613 1434 665 1480; x_wconf 87' lang='lat' dir='ltr'>id,</span> <span class='ocrx_word' id='word_1_183' title='bbox 701 1434 803 1485; x_wconf 90' lang='lat' dir='ltr'>quod</span> <span class='ocrx_word' id='word_1_184' title='bbox 837 1434 948 1473; x_wconf 89' lang='lat' dir='ltr'>initio</span> <span class='ocrx_word' id='word_1_185' title='bbox 977 1435 1085 1473; x_wconf 88' lang='lat' dir='ltr'>Deus</span> <span class='ocrx_word' id='word_1_186' title='bbox 1118 1434 1294 1473; x_wconf 84' lang='lat' dir='ltr'>creavit:</span> <span class='ocrx_word' id='word_1_187' title='bbox 1331 1434 1443 1485; x_wconf 80' lang='lat' dir='ltr'>eujus</span> <span class='ocrx_word' id='word_1_188' title='bbox 1477 1432 1747 1472; x_wconf 84' lang='lat' dir='ltr'>definitionem</span> <span class='ocrx_word' id='word_1_189' title='bbox 1778 1430 1812 1472; x_wconf 88' lang='lat' dir='ltr'>si</span> <span class='ocrx_word' id='word_1_190' title='bbox 1845 1431 1997 1472; x_wconf 82' lang='lat' dir='ltr'>habea-</span> 
     </span>
     <span class='ocr_line' id='line_1_21' title="bbox 184 1490 1997 1544; baseline 0 -15"><span class='ocrx_word' id='word_1_191' title='bbox 184 1504 282 1538; x_wconf 84' lang='lat' dir='ltr'>mus,</span> <span class='ocrx_word' id='word_1_192' title='bbox 315 1490 501 1530; x_wconf 85' lang='lat' dir='ltr'>existimo</span> <span class='ocrx_word' id='word_1_193' title='bbox 522 1492 775 1532; x_wconf 83' lang='lat' dir='ltr'>mediocriter</span> <span class='ocrx_word' id='word_1_194' title='bbox 795 1494 945 1532; x_wconf 81' lang='lat' dir='ltr'>clarum</span> <span class='ocrx_word' id='word_1_195' title='bbox 973 1494 1068 1540; x_wconf 85' lang='lat' dir='ltr'>fore,</span> <span class='ocrx_word' id='word_1_196' title='bbox 1103 1506 1173 1533; x_wconf 86' lang='lat' dir='ltr'>cur</span> <span class='ocrx_word' id='word_1_197' title='bbox 1204 1492 1318 1532; x_wconf 86' lang='lat' dir='ltr'>initio</span> <span class='ocrx_word' id='word_1_198' title='bbox 1351 1505 1494 1544; x_wconf 84' lang='lat' dir='ltr'>corpus</span> <span class='ocrx_word' id='word_1_199' title='bbox 1526 1504 1603 1531; x_wconf 88' lang='lat' dir='ltr'>non</span> <span class='ocrx_word' id='word_1_200' title='bbox 1637 1491 1759 1532; x_wconf 85' lang='lat' dir='ltr'>aliam</span> <span class='ocrx_word' id='word_1_201' title='bbox 1783 1503 1867 1531; x_wconf 88' lang='lat' dir='ltr'>rem</span> <span class='ocrx_word' id='word_1_202' title='bbox 1888 1491 1997 1531; x_wconf 79' lang='lat' dir='ltr'>Dens</span> 
     </span>
     <span class='ocr_line' id='line_1_22' title="bbox 183 1549 1998 1604; baseline 0.001 -16"><span class='ocrx_word' id='word_1_203' title='bbox 183 1549 393 1588; x_wconf 83' lang='lat' dir='ltr'>creaverit.</span> <span class='ocrx_word' id='word_1_204' title='bbox 457 1550 558 1589; x_wconf 84' lang='lat' dir='ltr'>Dico</span> <span class='ocrx_word' id='word_1_205' title='bbox 592 1551 858 1602; x_wconf 86' lang='lat' dir='ltr'>quantitatem</span> <span class='ocrx_word' id='word_1_206' title='bbox 890 1552 977 1590; x_wconf 88' lang='lat' dir='ltr'>Deo</span> <span class='ocrx_word' id='word_1_207' title='bbox 1012 1552 1134 1592; x_wconf 84' lang='lat' dir='ltr'>fuisse</span> <span class='ocrx_word' id='word_1_208' title='bbox 1174 1551 1446 1604; x_wconf 85' lang='lat' dir='ltr'>propositam:</span> <span class='ocrx_word' id='word_1_209' title='bbox 1493 1551 1544 1590; x_wconf 88' lang='lat' dir='ltr'>ad</span> <span class='ocrx_word' id='word_1_210' title='bbox 1583 1563 1701 1602; x_wconf 87' lang='lat' dir='ltr'>quam</span> <span class='ocrx_word' id='word_1_211' title='bbox 1739 1549 1998 1590; x_wconf 80' lang='lat' dir='ltr'>obtinendam</span> 
     </span>
     <span class='ocr_line' id='line_1_23' title="bbox 184 1608 1998 1662; baseline 0.001 -15"><span class='ocrx_word' id='word_1_212' title='bbox 184 1608 364 1648; x_wconf 89' lang='lat' dir='ltr'>omnibus</span> <span class='ocrx_word' id='word_1_213' title='bbox 398 1621 494 1660; x_wconf 87' lang='lat' dir='ltr'>opus</span> <span class='ocrx_word' id='word_1_214' title='bbox 536 1609 628 1654; x_wconf 87' lang='lat' dir='ltr'>fuit,</span> <span class='ocrx_word' id='word_1_215' title='bbox 668 1624 767 1662; x_wconf 86' lang='lat' dir='ltr'>quae</span> <span class='ocrx_word' id='word_1_216' title='bbox 807 1612 857 1650; x_wconf 88' lang='lat' dir='ltr'>ad</span> <span class='ocrx_word' id='word_1_217' title='bbox 891 1612 1066 1662; x_wconf 88' lang='lat' dir='ltr'>corporis</span> <span class='ocrx_word' id='word_1_218' title='bbox 1101 1611 1319 1650; x_wconf 86' lang='lat' dir='ltr'>essentiam</span> <span class='ocrx_word' id='word_1_219' title='bbox 1351 1611 1580 1662; x_wconf 86' lang='lat' dir='ltr'>pertinent:</span> <span class='ocrx_word' id='word_1_220' title='bbox 1625 1615 1670 1650; x_wconf 88' lang='lat' dir='ltr'>ut</span> <span class='ocrx_word' id='word_1_221' title='bbox 1700 1609 1760 1649; x_wconf 88' lang='lat' dir='ltr'>ita</span> <span class='ocrx_word' id='word_1_222' title='bbox 1790 1609 1998 1661; x_wconf 80' lang='lat' dir='ltr'>quantitas</span> 
     </span>
     <span class='ocr_line' id='line_1_24' title="bbox 185 1666 1997 1722; baseline 0.001 -16"><span class='ocrx_word' id='word_1_223' title='bbox 185 1668 375 1718; x_wconf 78' lang='lat' dir='ltr'>corporis,</span> <span class='ocrx_word' id='word_1_224' title='bbox 410 1674 604 1719; x_wconf 86' lang='lat' dir='ltr'>quatenus</span> <span class='ocrx_word' id='word_1_225' title='bbox 638 1682 792 1719; x_wconf 77' lang='lat' dir='ltr'>corpuS,</span> <span class='ocrx_word' id='word_1_226' title='bbox 829 1670 1022 1721; x_wconf 83' lang='lat' dir='ltr'>quaedam</span> <span class='ocrx_word' id='word_1_227' title='bbox 1057 1671 1196 1718; x_wconf 77' lang='lat' dir='ltr'>forma,</span> <span class='ocrx_word' id='word_1_228' title='bbox 1232 1670 1549 1722; x_wconf 81' lang='lat' dir='ltr'>definitionisque</span> <span class='ocrx_word' id='word_1_229' title='bbox 1581 1669 1692 1720; x_wconf 84' lang='lat' dir='ltr'>origo</span> <span class='ocrx_word' id='word_1_230' title='bbox 1725 1668 1792 1708; x_wconf 88' lang='lat' dir='ltr'>sit.</span> <span class='ocrx_word' id='word_1_231' title='bbox 1853 1666 1997 1714; x_wconf 83' lang='lat' dir='ltr'>Quan-</span> 
     </span>
     <span class='ocr_line' id='line_1_25' title="bbox 185 1726 1999 1777; baseline 0.001 -13"><span class='ocrx_word' id='word_1_232' title='bbox 185 1727 342 1765; x_wconf 88' lang='lat' dir='ltr'>titatem</span> <span class='ocrx_word' id='word_1_233' title='bbox 377 1733 509 1766; x_wconf 84' lang='lat' dir='ltr'>autem</span> <span class='ocrx_word' id='word_1_234' title='bbox 543 1728 652 1767; x_wconf 88' lang='lat' dir='ltr'>Deus</span> <span class='ocrx_word' id='word_1_235' title='bbox 686 1728 774 1767; x_wconf 84' lang='lat' dir='ltr'>ideo</span> <span class='ocrx_word' id='word_1_236' title='bbox 808 1735 900 1768; x_wconf 88' lang='lat' dir='ltr'>ante</span> <span class='ocrx_word' id='word_1_237' title='bbox 934 1730 1066 1768; x_wconf 81' lang='lat' dir='ltr'>onmia</span> <span class='ocrx_word' id='word_1_238' title='bbox 1104 1730 1279 1768; x_wconf 84' lang='lat' dir='ltr'>existere</span> <span class='ocrx_word' id='word_1_239' title='bbox 1320 1729 1468 1777; x_wconf 84' lang='lat' dir='ltr'>voluit,</span> <span class='ocrx_word' id='word_1_240' title='bbox 1514 1735 1559 1768; x_wconf 88' lang='lat' dir='ltr'>ut</span> <span class='ocrx_word' id='word_1_241' title='bbox 1604 1734 1715 1768; x_wconf 82' lang='lat' dir='ltr'>esset</span> <span class='ocrx_word' id='word_1_242' title='bbox 1763 1727 1895 1767; x_wconf 88' lang='lat' dir='ltr'>curvi</span> <span class='ocrx_word' id='word_1_243' title='bbox 1947 1726 1999 1766; x_wconf 85' lang='lat' dir='ltr'>ad</span> 
     </span>
     <span class='ocr_line' id='line_1_26' title="bbox 184 1783 1998 1838; baseline 0.001 -15"><span class='ocrx_word' id='word_1_244' title='bbox 184 1791 364 1824; x_wconf 87' lang='lat' dir='ltr'>rectum</span> <span class='ocrx_word' id='word_1_245' title='bbox 405 1787 666 1837; x_wconf 82' lang='lat' dir='ltr'>comparatio.</span> <span class='ocrx_word' id='word_1_246' title='bbox 729 1788 816 1826; x_wconf 87' lang='lat' dir='ltr'>Hac</span> <span class='ocrx_word' id='word_1_247' title='bbox 860 1788 962 1828; x_wconf 87' lang='lat' dir='ltr'>enim</span> <span class='ocrx_word' id='word_1_248' title='bbox 1002 1802 1079 1827; x_wconf 86' lang='lat' dir='ltr'>una</span> <span class='ocrx_word' id='word_1_249' title='bbox 1123 1802 1163 1827; x_wconf 89' lang='lat' dir='ltr'>re</span> <span class='ocrx_word' id='word_1_250' title='bbox 1211 1789 1365 1828; x_wconf 78' lang='lat' dir='ltr'>divinus</span> <span class='ocrx_word' id='word_1_251' title='bbox 1412 1788 1506 1828; x_wconf 89' lang='lat' dir='ltr'>mihi</span> <span class='ocrx_word' id='word_1_252' title='bbox 1546 1786 1731 1828; x_wconf 87' lang='lat' dir='ltr'>Cusanus</span> <span class='ocrx_word' id='word_1_253' title='bbox 1755 1783 1812 1835; x_wconf 75' lang='lat'>⁸⁶)</span> <span class='ocrx_word' id='word_1_254' title='bbox 1852 1785 1998 1838; x_wconf 89' lang='lat' dir='ltr'>aliique</span> 
     </span>
     <span class='ocr_line' id='line_1_27' title="bbox 182 1844 2000 1898; baseline 0.001 -16"><span class='ocrx_word' id='word_1_255' title='bbox 182 1844 380 1891; x_wconf 87' lang='lat' dir='ltr'>videntur,</span> <span class='ocrx_word' id='word_1_256' title='bbox 413 1846 516 1896; x_wconf 89' lang='lat' dir='ltr'>quod</span> <span class='ocrx_word' id='word_1_257' title='bbox 549 1846 647 1885; x_wconf 88' lang='lat' dir='ltr'>recti</span> <span class='ocrx_word' id='word_1_258' title='bbox 681 1847 866 1898; x_wconf 86' lang='lat' dir='ltr'>curvique</span> <span class='ocrx_word' id='word_1_259' title='bbox 901 1847 951 1885; x_wconf 90' lang='lat' dir='ltr'>ad</span> <span class='ocrx_word' id='word_1_260' title='bbox 984 1847 1151 1886; x_wconf 82' lang='lat' dir='ltr'>invicem</span> <span class='ocrx_word' id='word_1_261' title='bbox 1184 1848 1456 1887; x_wconf 84' lang='lat' dir='ltr'>habitudinem</span> <span class='ocrx_word' id='word_1_262' title='bbox 1488 1847 1591 1886; x_wconf 84' lang='lat' dir='ltr'>tanti</span> <span class='ocrx_word' id='word_1_263' title='bbox 1620 1846 1810 1894; x_wconf 86' lang='lat' dir='ltr'>feceruut,</span> <span class='ocrx_word' id='word_1_264' title='bbox 1846 1850 1887 1885; x_wconf 85' lang='lat' dir='ltr'>et</span> <span class='ocrx_word' id='word_1_265' title='bbox 1907 1856 2000 1885; x_wconf 89' lang='lat' dir='ltr'>cur-</span> 
     </span>
     <span class='ocr_line' id='line_1_28' title="bbox 182 1903 2000 1957; baseline 0.002 -17"><span class='ocrx_word' id='word_1_266' title='bbox 182 1916 273 1942; x_wconf 91' lang='lat' dir='ltr'>vum</span> <span class='ocrx_word' id='word_1_267' title='bbox 304 1903 410 1950; x_wconf 90' lang='lat' dir='ltr'>Deo,</span> <span class='ocrx_word' id='word_1_268' title='bbox 456 1909 605 1943; x_wconf 84' lang='lat' dir='ltr'>rectum</span> <span class='ocrx_word' id='word_1_269' title='bbox 639 1906 832 1945; x_wconf 83' lang='lat' dir='ltr'>creaturis</span> <span class='ocrx_word' id='word_1_270' title='bbox 866 1906 952 1944; x_wconf 85' lang='lat' dir='ltr'>ausi</span> <span class='ocrx_word' id='word_1_271' title='bbox 986 1911 1079 1945; x_wconf 86' lang='lat' dir='ltr'>sunt</span> <span class='ocrx_word' id='word_1_272' title='bbox 1117 1919 1374 1957; x_wconf 82' lang='lat' dir='ltr'>comparare:</span> <span class='ocrx_word' id='word_1_273' title='bbox 1419 1911 1462 1946; x_wconf 88' lang='lat' dir='ltr'>ut</span> <span class='ocrx_word' id='word_1_274' title='bbox 1498 1906 1605 1946; x_wconf 91' lang='lat' dir='ltr'>haud</span> <span class='ocrx_word' id='word_1_275' title='bbox 1643 1906 1767 1944; x_wconf 88' lang='lat' dir='ltr'>multo</span> <span class='ocrx_word' id='word_1_276' title='bbox 1799 1904 2000 1944; x_wconf 75' lang='lat' dir='ltr'>utiliorem</span> 
     </span>
     <span class='ocr_line' id='line_1_29' title="bbox 185 1962 2000 2017; baseline 0.002 -18"><span class='ocrx_word' id='word_1_277' title='bbox 185 1974 345 2013; x_wconf 83' lang='lat' dir='ltr'>operam</span> <span class='ocrx_word' id='word_1_278' title='bbox 377 1964 664 2013; x_wconf 85' lang='lat' dir='ltr'>praestiterint,</span> <span class='ocrx_word' id='word_1_279' title='bbox 701 1965 765 2017; x_wconf 90' lang='lat' dir='ltr'>qui</span> <span class='ocrx_word' id='word_1_280' title='bbox 800 1963 1034 2004; x_wconf 82' lang='lat' dir='ltr'>Creatorem</span> <span class='ocrx_word' id='word_1_281' title='bbox 1067 1966 1285 2012; x_wconf 85' lang='lat' dir='ltr'>creaturis,</span> <span class='ocrx_word' id='word_1_282' title='bbox 1319 1965 1447 2004; x_wconf 88' lang='lat' dir='ltr'>Deum</span> <span class='ocrx_word' id='word_1_283' title='bbox 1479 1964 1648 2012; x_wconf 89' lang='lat' dir='ltr'>homini,</span> <span class='ocrx_word' id='word_1_284' title='bbox 1677 1963 1832 2015; x_wconf 87' lang='lat' dir='ltr'>judicia</span> <span class='ocrx_word' id='word_1_285' title='bbox 1863 1962 2000 2006; x_wconf 88' lang='lat' dir='ltr'>divina</span> 
     </span>
    </p>
   </div>
   <div class='ocr_carea' id='block_1_6' title="bbox 118 2020 1996 2077">
    <p class='ocr_par' dir='ltr' id='par_1_7' title="bbox 118 2020 1996 2077">
     <span class='ocr_line' id='line_1_30' title="bbox 118 2020 1996 2077; baseline 0.002 -19"><span class='ocrx_word' id='word_1_286' title='bbox 118 2028 126 2077; x_wconf 61' lang='grc' dir='ltr'>1Ῑ</span> <span class='ocrx_word' id='word_1_287' title='bbox 184 2020 382 2069; x_wconf 85' lang='lat' dir='ltr'>humanis,</span> <span class='ocrx_word' id='word_1_288' title='bbox 417 2034 535 2073; x_wconf 89' lang='lat' dir='ltr'>quam</span> <span class='ocrx_word' id='word_1_289' title='bbox 569 2023 632 2073; x_wconf 90' lang='lat' dir='ltr'>qui</span> <span class='ocrx_word' id='word_1_290' title='bbox 666 2036 825 2063; x_wconf 86' lang='lat' dir='ltr'>curvum</span> <span class='ocrx_word' id='word_1_291' title='bbox 858 2029 979 2071; x_wconf 85' lang='lat' dir='ltr'>recto,</span> <span class='ocrx_word' id='word_1_292' title='bbox 1016 2024 1203 2063; x_wconf 82' lang='lat' dir='ltr'>circulum</span> <span class='ocrx_word' id='word_1_293' title='bbox 1225 2024 1421 2076; x_wconf 87' lang='lat' dir='ltr'>quadrato</span> <span class='ocrx_word' id='word_1_294' title='bbox 1444 2023 1704 2075; x_wconf 83' lang='lat' dir='ltr'>aequiparare</span> <span class='ocrx_word' id='word_1_295' title='bbox 1726 2022 1860 2062; x_wconf 86' lang='lat' dir='ltr'>conati</span> <span class='ocrx_word' id='word_1_296' title='bbox 1892 2027 1996 2062; x_wconf 86' lang='lat' dir='ltr'>sunt.</span> 
     </span>
    </p>
   </div>
   <div class='ocr_carea' id='block_1_7' title="bbox 182 2078 2028 3143">
    <p class='ocr_par' dir='ltr' id='par_1_8' title="bbox 182 2078 2028 2778">
     <span class='ocr_line' id='line_1_31' title="bbox 302 2078 1997 2134; baseline 0.002 -17"><span class='ocrx_word' id='word_1_297' title='bbox 302 2078 480 2131; x_wconf 88' lang='lat' dir='ltr'>Cumque</span> <span class='ocrx_word' id='word_1_298' title='bbox 513 2082 574 2120; x_wconf 89' lang='lat' dir='ltr'>vel</span> <span class='ocrx_word' id='word_1_299' title='bbox 608 2082 645 2120; x_wconf 90' lang='lat' dir='ltr'>in</span> <span class='ocrx_word' id='word_1_300' title='bbox 679 2083 752 2122; x_wconf 83' lang='lat' dir='ltr'>hoc</span> <span class='ocrx_word' id='word_1_301' title='bbox 785 2083 870 2122; x_wconf 88' lang='lat' dir='ltr'>solo</span> <span class='ocrx_word' id='word_1_302' title='bbox 891 2083 992 2122; x_wconf 88' lang='lat' dir='ltr'>satis</span> <span class='ocrx_word' id='word_1_303' title='bbox 1014 2083 1265 2123; x_wconf 81' lang='lat' dir='ltr'>constitisset</span> <span class='ocrx_word' id='word_1_304' title='bbox 1285 2095 1409 2134; x_wconf 89' lang='lat' dir='ltr'>penes</span> <span class='ocrx_word' id='word_1_305' title='bbox 1429 2083 1559 2122; x_wconf 89' lang='lat' dir='ltr'>Deum</span> <span class='ocrx_word' id='word_1_306' title='bbox 1585 2081 1855 2133; x_wconf 81' lang='lat' dir='ltr'>quantitatum</span> <span class='ocrx_word' id='word_1_307' title='bbox 1887 2080 1997 2133; x_wconf 90' lang='lat' dir='ltr'>apti-</span> 
     </span>
     <span class='ocr_line' id='line_1_32' title="bbox 182 2139 1996 2193; baseline 0.001 -16"><span class='ocrx_word' id='word_1_308' title='bbox 182 2139 276 2177; x_wconf 89' lang='lat' dir='ltr'>tudo</span> <span class='ocrx_word' id='word_1_309' title='bbox 311 2144 351 2177; x_wconf 88' lang='lat' dir='ltr'>et</span> <span class='ocrx_word' id='word_1_310' title='bbox 384 2139 491 2178; x_wconf 83' lang='lat' dir='ltr'>curvi</span> <span class='ocrx_word' id='word_1_311' title='bbox 524 2140 727 2190; x_wconf 79' lang='lat' dir='ltr'>nobilitas,</span> <span class='ocrx_word' id='word_1_312' title='bbox 764 2141 937 2181; x_wconf 83' lang='lat' dir='ltr'>accessit</span> <span class='ocrx_word' id='word_1_313' title='bbox 968 2146 1102 2180; x_wconf 86' lang='lat' dir='ltr'>tamen</span> <span class='ocrx_word' id='word_1_314' title='bbox 1138 2148 1178 2181; x_wconf 85' lang='lat' dir='ltr'>et</span> <span class='ocrx_word' id='word_1_315' title='bbox 1210 2143 1379 2182; x_wconf 86' lang='lat' dir='ltr'>alterum</span> <span class='ocrx_word' id='word_1_316' title='bbox 1406 2142 1521 2193; x_wconf 88' lang='lat' dir='ltr'>longe</span> <span class='ocrx_word' id='word_1_317' title='bbox 1553 2141 1704 2192; x_wconf 89' lang='lat' dir='ltr'>majus:</span> <span class='ocrx_word' id='word_1_318' title='bbox 1746 2140 1822 2180; x_wconf 90' lang='lat' dir='ltr'>Dei</span> <span class='ocrx_word' id='word_1_319' title='bbox 1849 2139 1996 2181; x_wconf 85' lang='lat' dir='ltr'>trinuni</span> 
     </span>
     <span class='ocr_line' id='line_1_33' title="bbox 184 2197 1996 2251; baseline 0.002 -16"><span class='ocrx_word' id='word_1_320' title='bbox 184 2197 314 2247; x_wconf 87' lang='lat' dir='ltr'>imago</span> <span class='ocrx_word' id='word_1_321' title='bbox 347 2197 384 2236; x_wconf 91' lang='lat' dir='ltr'>in</span> <span class='ocrx_word' id='word_1_322' title='bbox 420 2198 631 2249; x_wconf 89' lang='lat' dir='ltr'>sphaerica</span> <span class='ocrx_word' id='word_1_323' title='bbox 663 2200 888 2251; x_wconf 87' lang='lat' dir='ltr'>superficie,</span> <span class='ocrx_word' id='word_1_324' title='bbox 929 2200 1063 2240; x_wconf 88' lang='lat' dir='ltr'>Patris</span> <span class='ocrx_word' id='word_1_325' title='bbox 1096 2201 1251 2240; x_wconf 84' lang='lat' dir='ltr'>scilicet</span> <span class='ocrx_word' id='word_1_326' title='bbox 1289 2201 1330 2240; x_wconf 92' lang='lat' dir='ltr'>in</span> <span class='ocrx_word' id='word_1_327' title='bbox 1369 2206 1523 2249; x_wconf 87' lang='lat' dir='ltr'>centro,</span> <span class='ocrx_word' id='word_1_328' title='bbox 1567 2200 1659 2239; x_wconf 81' lang='lat' dir='ltr'>Filii</span> <span class='ocrx_word' id='word_1_329' title='bbox 1695 2199 1734 2239; x_wconf 88' lang='lat' dir='ltr'>in</span> <span class='ocrx_word' id='word_1_330' title='bbox 1775 2198 1996 2251; x_wconf 86' lang='lat' dir='ltr'>superficie,</span> 
     </span>
     <span class='ocr_line' id='line_1_34' title="bbox 183 2255 1995 2312; baseline 0.001 -18"><span class='ocrx_word' id='word_1_331' title='bbox 183 2255 357 2307; x_wconf 87' lang='lat' dir='ltr'>Spiritus</span> <span class='ocrx_word' id='word_1_332' title='bbox 392 2256 428 2295; x_wconf 91' lang='lat' dir='ltr'>in</span> <span class='ocrx_word' id='word_1_333' title='bbox 463 2258 710 2309; x_wconf 84' lang='lat' dir='ltr'>aequalitate</span> <span class='ocrx_word' id='word_1_334' title='bbox 744 2274 917 2312; x_wconf 80' lang='grc' dir='ltr'><strong><em>σχεσεως</em></strong></span> <span class='ocrx_word' id='word_1_335' title='bbox 949 2260 1053 2299; x_wconf 88' lang='lat' dir='ltr'>inter</span> <span class='ocrx_word' id='word_1_336' title='bbox 1083 2266 1272 2311; x_wconf 90' lang='lat' dir='ltr'>punctum</span> <span class='ocrx_word' id='word_1_337' title='bbox 1306 2266 1346 2299; x_wconf 91' lang='lat' dir='ltr'>et</span> <span class='ocrx_word' id='word_1_338' title='bbox 1379 2259 1584 2299; x_wconf 85' lang='lat' dir='ltr'>ambitum.</span> <span class='ocrx_word' id='word_1_339' title='bbox 1638 2259 1744 2298; x_wconf 88' lang='lat' dir='ltr'>Nam</span> <span class='ocrx_word' id='word_1_340' title='bbox 1776 2270 1877 2311; x_wconf 88' lang='lat' dir='ltr'>quae</span> <span class='ocrx_word' id='word_1_341' title='bbox 1910 2256 1995 2298; x_wconf 88' lang='lat' dir='ltr'>Cu—</span> 
     </span>
     <span class='ocr_line' id='line_1_35' title="bbox 182 2315 1995 2371; baseline 0.001 -18"><span class='ocrx_word' id='word_1_342' title='bbox 182 2328 303 2354; x_wconf 86' lang='lat' dir='ltr'>sanus</span> <span class='ocrx_word' id='word_1_343' title='bbox 338 2315 503 2364; x_wconf 82' lang='lat' dir='ltr'>circulo,</span> <span class='ocrx_word' id='word_1_344' title='bbox 544 2316 610 2356; x_wconf 89' lang='lat' dir='ltr'>alii</span> <span class='ocrx_word' id='word_1_345' title='bbox 646 2319 747 2358; x_wconf 89' lang='lat' dir='ltr'>forte</span> <span class='ocrx_word' id='word_1_346' title='bbox 780 2318 898 2369; x_wconf 83' lang='lat' dir='ltr'>globo</span> <span class='ocrx_word' id='word_1_347' title='bbox 931 2318 1175 2364; x_wconf 83' lang='lat' dir='ltr'>tribuerent,</span> <span class='ocrx_word' id='word_1_348' title='bbox 1210 2333 1258 2358; x_wconf 89' lang='lat' dir='ltr'>ea</span> <span class='ocrx_word' id='word_1_349' title='bbox 1290 2332 1363 2370; x_wconf 85' lang='lat' dir='ltr'>ego</span> <span class='ocrx_word' id='word_1_350' title='bbox 1397 2318 1472 2358; x_wconf 89' lang='lat' dir='ltr'>soli</span> <span class='ocrx_word' id='word_1_351' title='bbox 1505 2317 1745 2371; x_wconf 77' lang='lat' dir='ltr'>sphaericae</span> <span class='ocrx_word' id='word_1_352' title='bbox 1773 2315 1995 2369; x_wconf 86' lang='lat' dir='ltr'>superficiei</span> 
     </span>
     <span class='ocr_line' id='line_1_36' title="bbox 184 2375 1995 2430; baseline 0.001 -18"><span class='ocrx_word' id='word_1_353' title='bbox 184 2386 339 2425; x_wconf 83' lang='lat' dir='ltr'>arrogo.</span> <span class='ocrx_word' id='word_1_354' title='bbox 398 2375 483 2414; x_wconf 85' lang='lat' dir='ltr'>Nec</span> <span class='ocrx_word' id='word_1_355' title='bbox 515 2378 746 2427; x_wconf 88' lang='lat' dir='ltr'>persuaderi</span> <span class='ocrx_word' id='word_1_356' title='bbox 779 2389 955 2428; x_wconf 89' lang='lat' dir='ltr'>possum,</span> <span class='ocrx_word' id='word_1_357' title='bbox 989 2390 1195 2417; x_wconf 85' lang='lat' dir='ltr'>curvorum</span> <span class='ocrx_word' id='word_1_358' title='bbox 1229 2378 1438 2430; x_wconf 86' lang='lat' dir='ltr'>quicquam</span> <span class='ocrx_word' id='word_1_359' title='bbox 1471 2378 1642 2418; x_wconf 86' lang='lat' dir='ltr'>nobilius</span> <span class='ocrx_word' id='word_1_360' title='bbox 1676 2389 1765 2416; x_wconf 89' lang='lat' dir='ltr'>esse</span> <span class='ocrx_word' id='word_1_361' title='bbox 1799 2382 1869 2416; x_wconf 85' lang='lat' dir='ltr'>aut</span> <span class='ocrx_word' id='word_1_362' title='bbox 1899 2387 1995 2427; x_wconf 60' lang='lat' dir='ltr'>per÷</span> 
     </span>
     <span class='ocr_line' id='line_1_37' title="bbox 183 2433 1992 2489; baseline 0.002 -18"><span class='ocrx_word' id='word_1_363' title='bbox 183 2433 325 2472; x_wconf 83' lang='lat' dir='ltr'>sectius</span> <span class='ocrx_word' id='word_1_364' title='bbox 358 2433 447 2485; x_wconf 87' lang='lat' dir='ltr'>ipsa</span> <span class='ocrx_word' id='word_1_365' title='bbox 480 2435 690 2485; x_wconf 85' lang='lat' dir='ltr'>sphaerica</span> <span class='ocrx_word' id='word_1_366' title='bbox 717 2436 935 2488; x_wconf 85' lang='lat' dir='ltr'>superficie.</span> <span class='ocrx_word' id='word_1_367' title='bbox 990 2435 1145 2476; x_wconf 89' lang='lat' dir='ltr'>Globus</span> <span class='ocrx_word' id='word_1_368' title='bbox 1180 2438 1281 2477; x_wconf 88' lang='lat' dir='ltr'>enim</span> <span class='ocrx_word' id='word_1_369' title='bbox 1314 2439 1405 2489; x_wconf 89' lang='lat' dir='ltr'>plus</span> <span class='ocrx_word' id='word_1_370' title='bbox 1438 2442 1502 2476; x_wconf 88' lang='lat' dir='ltr'>est</span> <span class='ocrx_word' id='word_1_371' title='bbox 1533 2435 1742 2489; x_wconf 83' lang='lat' dir='ltr'>sphaerica</span> <span class='ocrx_word' id='word_1_372' title='bbox 1773 2433 1992 2488; x_wconf 85' lang='lat' dir='ltr'>superficie,</span> 
     </span>
     <span class='ocr_line' id='line_1_38' title="bbox 182 2491 1995 2547; baseline 0.001 -17"><span class='ocrx_word' id='word_1_373' title='bbox 182 2497 223 2531; x_wconf 89' lang='lat' dir='ltr'>et</span> <span class='ocrx_word' id='word_1_374' title='bbox 255 2491 401 2532; x_wconf 75' lang='lat' dir='ltr'>mixtus</span> <span class='ocrx_word' id='word_1_375' title='bbox 435 2493 684 2543; x_wconf 86' lang='lat' dir='ltr'>rectitudini,</span> <span class='ocrx_word' id='word_1_376' title='bbox 721 2509 798 2547; x_wconf 87' lang='lat' dir='ltr'>qua</span> <span class='ocrx_word' id='word_1_377' title='bbox 830 2495 917 2535; x_wconf 88' lang='lat' dir='ltr'>sola</span> <span class='ocrx_word' id='word_1_378' title='bbox 949 2496 1135 2546; x_wconf 86' lang='lat' dir='ltr'>impletur</span> <span class='ocrx_word' id='word_1_379' title='bbox 1168 2497 1287 2536; x_wconf 90' lang='lat' dir='ltr'>intus.</span> <span class='ocrx_word' id='word_1_380' title='bbox 1353 2495 1536 2536; x_wconf 89' lang='lat' dir='ltr'>Circulus</span> <span class='ocrx_word' id='word_1_381' title='bbox 1570 2507 1663 2535; x_wconf 87' lang='lat' dir='ltr'>vero</span> <span class='ocrx_word' id='word_1_382' title='bbox 1695 2493 1773 2534; x_wconf 87' lang='lat' dir='ltr'>nisi</span> <span class='ocrx_word' id='word_1_383' title='bbox 1803 2495 1844 2533; x_wconf 90' lang='lat' dir='ltr'>in</span> <span class='ocrx_word' id='word_1_384' title='bbox 1874 2493 1995 2545; x_wconf 87' lang='lat' dir='ltr'>plano</span> 
     </span>
     <span class='ocr_line' id='line_1_39' title="bbox 183 2552 2028 2610; baseline 0.001 -21"><span class='ocrx_word' id='word_1_385' title='bbox 183 2556 290 2591; x_wconf 89' lang='lat' dir='ltr'>recto</span> <span class='ocrx_word' id='word_1_386' title='bbox 326 2552 489 2598; x_wconf 83' lang='lat' dir='ltr'>existat,</span> <span class='ocrx_word' id='word_1_387' title='bbox 523 2553 596 2592; x_wconf 88' lang='lat' dir='ltr'>hoc</span> <span class='ocrx_word' id='word_1_388' title='bbox 629 2561 704 2602; x_wconf 84' lang='lat' dir='ltr'>est,</span> <span class='ocrx_word' id='word_1_389' title='bbox 738 2555 813 2594; x_wconf 90' lang='lat' dir='ltr'>nisi</span> <span class='ocrx_word' id='word_1_390' title='bbox 847 2555 1057 2606; x_wconf 88' lang='lat' dir='ltr'>sphaerica</span> <span class='ocrx_word' id='word_1_391' title='bbox 1089 2556 1318 2607; x_wconf 83' lang='lat' dir='ltr'>superficies</span> <span class='ocrx_word' id='word_1_392' title='bbox 1353 2560 1422 2595; x_wconf 87' lang='lat' dir='ltr'>aut</span> <span class='ocrx_word' id='word_1_393' title='bbox 1452 2555 1594 2606; x_wconf 87' lang='lat' dir='ltr'>globus</span> <span class='ocrx_word' id='word_1_394' title='bbox 1630 2554 1750 2605; x_wconf 83' lang='lat' dir='ltr'>plano</span> <span class='ocrx_word' id='word_1_395' title='bbox 1783 2557 1893 2593; x_wconf 88' lang='lat' dir='ltr'>recto</span> <span class='ocrx_word' id='word_1_396' title='bbox 1925 2564 1995 2591; x_wconf 87' lang='lat' dir='ltr'>se·</span> <span class='ocrx_word' id='word_1_397' title='bbox 2024 2563 2028 2610; x_wconf 73' lang='lat' dir='ltr'><strong>j</strong></span> 
     </span>
     <span class='ocr_line' id='line_1_40' title="bbox 182 2611 1993 2663; baseline 0.004 -16"><span class='ocrx_word' id='word_1_398' title='bbox 182 2615 305 2657; x_wconf 88' lang='lat' dir='ltr'>cetur,</span> <span class='ocrx_word' id='word_1_399' title='bbox 341 2611 510 2650; x_wconf 86' lang='lat' dir='ltr'>circulus</span> <span class='ocrx_word' id='word_1_400' title='bbox 544 2613 672 2652; x_wconf 87' lang='lat' dir='ltr'>nullus</span> <span class='ocrx_word' id='word_1_401' title='bbox 706 2614 795 2653; x_wconf 90' lang='lat' dir='ltr'>erit.</span> <span class='ocrx_word' id='word_1_402' title='bbox 848 2614 963 2653; x_wconf 89' lang='lat' dir='ltr'>Unde</span> <span class='ocrx_word' id='word_1_403' title='bbox 996 2614 1132 2653; x_wconf 87' lang='lat' dir='ltr'>videre</span> <span class='ocrx_word' id='word_1_404' title='bbox 1165 2620 1241 2663; x_wconf 86' lang='lat' dir='ltr'>est,</span> <span class='ocrx_word' id='word_1_405' title='bbox 1274 2614 1421 2654; x_wconf 87' lang='lat' dir='ltr'>multas</span> <span class='ocrx_word' id='word_1_406' title='bbox 1454 2613 1534 2653; x_wconf 90' lang='lat' dir='ltr'>illic</span> <span class='ocrx_word' id='word_1_407' title='bbox 1568 2628 1592 2652; x_wconf 90' lang='lat' dir='ltr'>a</span> <span class='ocrx_word' id='word_1_408' title='bbox 1617 2613 1715 2652; x_wconf 88' lang='lat' dir='ltr'>cubo</span> <span class='ocrx_word' id='word_1_409' title='bbox 1747 2612 1786 2652; x_wconf 88' lang='lat' dir='ltr'>iu</span> <span class='ocrx_word' id='word_1_410' title='bbox 1819 2611 1993 2663; x_wconf 71' lang='lat' dir='ltr'>globum3</span> 
     </span>
     <span class='ocr_line' id='line_1_41' title="bbox 184 2660 2028 2724; baseline 0.002 -18"><span class='ocrx_word' id='word_1_411' title='bbox 184 2668 245 2706; x_wconf 80' lang='lat' dir='ltr'>hic</span> <span class='ocrx_word' id='word_1_412' title='bbox 279 2683 303 2707; x_wconf 88' lang='lat' dir='ltr'>a</span> <span class='ocrx_word' id='word_1_413' title='bbox 335 2670 530 2721; x_wconf 87' lang='lat' dir='ltr'>quadrato</span> <span class='ocrx_word' id='word_1_414' title='bbox 564 2671 601 2710; x_wconf 94' lang='lat' dir='ltr'>in</span> <span class='ocrx_word' id='word_1_415' title='bbox 636 2672 823 2712; x_wconf 78' lang='lat' dir='ltr'>circulum</span> <span class='ocrx_word' id='word_1_416' title='bbox 858 2672 1093 2712; x_wconf 87' lang='lat' dir='ltr'>secundario</span> <span class='ocrx_word' id='word_1_417' title='bbox 1120 2673 1291 2713; x_wconf 85' lang='lat' dir='ltr'>defluere</span> <span class='ocrx_word' id='word_1_418' title='bbox 1311 2672 1593 2724; x_wconf 85' lang='lat' dir='ltr'>proprietates,</span> <span class='ocrx_word' id='word_1_419' title='bbox 1626 2663 1790 2723; x_wconf 72' lang='lat' dir='ltr'>propter</span> <span class='ocrx_word' id='word_1_420' title='bbox 1809 2668 1993 2710; x_wconf 85' lang='lat' dir='ltr'>diametri</span> <span class='ocrx_word' id='word_1_421' title='bbox 2008 2660 2028 2723; x_wconf 81' lang='grc' dir='ltr'>Ξ</span> 
     </span>
     <span class='ocr_line' id='line_1_42' title="bbox 184 2727 2028 2778; baseline 0.003 -14"><span class='ocrx_word' id='word_1_422' title='bbox 184 2727 471 2769; x_wconf 86' lang='lat' dir='ltr'>rectitudinem.</span> <span class='ocrx_word' id='word_1_423' title='bbox 2005 2736 2028 2778; x_wconf 59' lang='grc' dir='ltr'>,ςέ-</span> 
     </span>
    </p>

    <p class='ocr_par' dir='ltr' id='par_1_9' title="bbox 184 2785 2028 3143">
     <span class='ocr_line' id='line_1_43' title="bbox 302 2785 2028 2841; baseline 0 -16"><span class='ocrx_word' id='word_1_424' title='bbox 302 2785 383 2825; x_wconf 88' lang='lat' dir='ltr'>Sed</span> <span class='ocrx_word' id='word_1_425' title='bbox 415 2800 483 2826; x_wconf 90' lang='lat' dir='ltr'>cur</span> <span class='ocrx_word' id='word_1_426' title='bbox 515 2789 682 2840; x_wconf 90' lang='lat' dir='ltr'>denique</span> <span class='ocrx_word' id='word_1_427' title='bbox 715 2789 824 2828; x_wconf 89' lang='lat' dir='ltr'>curvi</span> <span class='ocrx_word' id='word_1_428' title='bbox 857 2796 897 2830; x_wconf 90' lang='lat' dir='ltr'>et</span> <span class='ocrx_word' id='word_1_429' title='bbox 939 2791 1037 2830; x_wconf 85' lang='lat' dir='ltr'>recti</span> <span class='ocrx_word' id='word_1_430' title='bbox 1078 2789 1305 2830; x_wconf 86' lang='lat' dir='ltr'>discrimina</span> <span class='ocrx_word' id='word_1_431' title='bbox 1344 2788 1529 2839; x_wconf 87' lang='lat' dir='ltr'>curvique</span> <span class='ocrx_word' id='word_1_432' title='bbox 1563 2786 1870 2830; x_wconf 77' lang='lat' dir='ltr'>nobilitasDeo</span> <span class='ocrx_word' id='word_1_433' title='bbox 1903 2787 2028 2841; x_wconf 37' lang='lat' dir='ltr'>fue-fg</span> 
     </span>
     <span class='ocr_line' id='line_1_44' title="bbox 184 2840 2028 2902; baseline 0.002 -21"><span class='ocrx_word' id='word_1_434' title='bbox 184 2848 274 2882; x_wconf 84' lang='lat' dir='ltr'>runt</span> <span class='ocrx_word' id='word_1_435' title='bbox 304 2846 510 2895; x_wconf 90' lang='lat' dir='ltr'>proposita</span> <span class='ocrx_word' id='word_1_436' title='bbox 543 2848 581 2886; x_wconf 92' lang='lat' dir='ltr'>in</span> <span class='ocrx_word' id='word_1_437' title='bbox 616 2849 844 2887; x_wconf 85' lang='lat' dir='ltr'>exornando</span> <span class='ocrx_word' id='word_1_438' title='bbox 878 2850 1048 2888; x_wconf 81' lang='lat' dir='ltr'>inundo?</span> <span class='ocrx_word' id='word_1_439' title='bbox 1101 2848 1181 2890; x_wconf 89' lang='lat' dir='ltr'>Cur</span> <span class='ocrx_word' id='word_1_440' title='bbox 1208 2848 1339 2887; x_wconf 86' lang='lat' dir='ltr'>enim?</span> <span class='ocrx_word' id='word_1_441' title='bbox 1373 2847 1449 2886; x_wconf 89' lang='lat' dir='ltr'>nisi</span> <span class='ocrx_word' id='word_1_442' title='bbox 1481 2846 1573 2897; x_wconf 89' lang='lat' dir='ltr'>quia</span> <span class='ocrx_word' id='word_1_443' title='bbox 1606 2859 1629 2884; x_wconf 87' lang='lat' dir='ltr'>a</span> <span class='ocrx_word' id='word_1_444' title='bbox 1661 2845 1865 2885; x_wconf 86' lang='lat' dir='ltr'>conditore</span> <span class='ocrx_word' id='word_1_445' title='bbox 1896 2840 2028 2902; x_wconf 51' lang='lat' dir='ltr'>per-ff]</span> 
     </span>
     <span class='ocr_line' id='line_1_45' title="bbox 186 2901 2028 2960; baseline 0.007 -21"><span class='ocrx_word' id='word_1_446' title='bbox 186 2901 403 2941; x_wconf 87' lang='lat' dir='ltr'>fectissimo</span> <span class='ocrx_word' id='word_1_447' title='bbox 437 2918 600 2944; x_wconf 83' lang='lat' dir='ltr'>necesse</span> <span class='ocrx_word' id='word_1_448' title='bbox 645 2907 802 2946; x_wconf 90' lang='lat' dir='ltr'>omnino</span> <span class='ocrx_word' id='word_1_449' title='bbox 844 2908 919 2947; x_wconf 89' lang='lat' dir='ltr'>fuit</span> <span class='ocrx_word' id='word_1_450' title='bbox 963 2914 1005 2947; x_wconf 85' lang='lat' dir='ltr'>ut</span> <span class='ocrx_word' id='word_1_451' title='bbox 1040 2907 1348 2960; x_wconf 59' lang='lat' dir='ltr'>pulcheerwAE</span> <span class='ocrx_word' id='word_1_452' title='bbox 1394 2918 1491 2957; x_wconf 76' lang='lat' dir='ltr'>Opus</span> <span class='ocrx_word' id='word_1_453' title='bbox 1525 2905 1848 2944; x_wconf 65' lang='lat' dir='ltr'>constitueretur·</span> <span class='ocrx_word' id='word_1_454' title='bbox 1911 2905 2028 2958; x_wconf 54' lang='lat' dir='ltr'>Fassfi</span> 
     </span>
     <span class='ocr_line' id='line_1_46' title="bbox 185 2957 2010 3019; baseline 0.003 -22"><span class='ocrx_word' id='word_1_455' title='bbox 185 2959 287 2998; x_wconf 89' lang='lat' dir='ltr'>enim</span> <span class='ocrx_word' id='word_1_456' title='bbox 321 2973 390 2999; x_wconf 89' lang='lat' dir='ltr'>nec</span> <span class='ocrx_word' id='word_1_457' title='bbox 424 2968 487 3000; x_wconf 88' lang='lat' dir='ltr'>est</span> <span class='ocrx_word' id='word_1_458' title='bbox 531 2977 601 3003; x_wconf 84' lang='lat' dir='ltr'>nec</span> <span class='ocrx_word' id='word_1_459' title='bbox 648 2978 814 3017; x_wconf 87' lang='lat' dir='ltr'>unquam</span> <span class='ocrx_word' id='word_1_460' title='bbox 856 2966 929 3006; x_wconf 83' lang='lat' dir='ltr'>fuit</span> <span class='ocrx_word' id='word_1_461' title='bbox 972 2969 1035 3014; x_wconf 89' lang='lat' dir='ltr'>(ut</span> <span class='ocrx_word' id='word_1_462' title='bbox 1061 2957 1245 3019; x_wconf 54' lang='lat' dir='ltr'>&#39;loquitur</span> <span class='ocrx_word' id='word_1_463' title='bbox 1285 2978 1333 3004; x_wconf 82' lang='lat' dir='ltr'>ex</span> <span class='ocrx_word' id='word_1_464' title='bbox 1366 2964 1529 3016; x_wconf 79' lang='lat' dir='ltr'>Timaeo</span> <span class='ocrx_word' id='word_1_465' title='bbox 1560 2962 1743 3002; x_wconf 87' lang='lat' dir='ltr'>Platonis</span> <span class='ocrx_word' id='word_1_466' title='bbox 1777 2961 1919 3002; x_wconf 85' lang='lat' dir='ltr'>Cicero</span> <span class='ocrx_word' id='word_1_467' title='bbox 1951 2961 2010 3018; x_wconf 55' lang='lat' dir='ltr'>in*</span> 
     </span>
     <span class='ocr_line' id='line_1_47' title="bbox 187 3018 2015 3081; baseline 0.003 -24"><span class='ocrx_word' id='word_1_468' title='bbox 187 3018 286 3057; x_wconf 86' lang='lat' dir='ltr'>libro</span> <span class='ocrx_word' id='word_1_469' title='bbox 307 3019 354 3057; x_wconf 90' lang='lat' dir='ltr'>de</span> <span class='ocrx_word' id='word_1_470' title='bbox 376 3019 657 3068; x_wconf 80' lang='lat' dir='ltr'>universitate.)</span> <span class='ocrx_word' id='word_1_471' title='bbox 693 3024 899 3075; x_wconf 85' lang='lat' dir='ltr'>quicquam</span> <span class='ocrx_word' id='word_1_472' title='bbox 922 3025 995 3064; x_wconf 87' lang='lat' dir='ltr'>nisi</span> <span class='ocrx_word' id='word_1_473' title='bbox 1016 3025 1321 3081; x_wconf 54' lang='lat' dir='ltr'>pufflfflffl&#39;fflgss</span> <span class='ocrx_word' id='word_1_474' title='bbox 1350 3024 1480 3062; x_wconf 83' lang='lat' dir='ltr'>facere</span> <span class='ocrx_word' id='word_1_475' title='bbox 1506 3019 1850 3075; x_wconf 50' lang='lat' dir='ltr'>effluunt-Q&amp;</span> <span class='ocrx_word' id='word_1_476' title='bbox 1881 3019 2015 3072; x_wconf 47' lang='lat' dir='ltr'>opti-&#39;4¹</span> 
     </span>
     <span class='ocr_line' id='line_1_48' title="bbox 185 3067 2006 3143; baseline 0.004 -28"><span class='ocrx_word' id='word_1_477' title='bbox 185 3090 281 3143; x_wconf 65' lang='lat' dir='ltr'>mus.</span> <span class='ocrx_word' id='word_1_478' title='bbox 347 3076 446 3117; x_wconf 87' lang='lat' dir='ltr'>Cum</span> <span class='ocrx_word' id='word_1_479' title='bbox 485 3079 603 3130; x_wconf 87' lang='lat' dir='ltr'>igitur</span> <span class='ocrx_word' id='word_1_480' title='bbox 647 3081 776 3122; x_wconf 83' lang='lat' dir='ltr'>ideam</span> <span class='ocrx_word' id='word_1_481' title='bbox 821 3076 1188 3125; x_wconf 65' lang='lat' dir='ltr'>1fiux1ffi‘“Cb&#39;ndit01·</span> <span class='ocrx_word' id='word_1_482' title='bbox 1233 3074 1363 3137; x_wconf 61' lang='lat' dir='ltr'>anin&#39;io</span> <span class='ocrx_word' id='word_1_483' title='bbox 1408 3079 1733 3137; x_wconf 79' lang='lat' dir='ltr'>praeconceperit</span> <span class='ocrx_word' id='word_1_484' title='bbox 1776 3067 2006 3137; x_wconf 49' lang='lat' dir='ltr'>(lde-iffififfit·</span> 
     </span>
    </p>
   </div>
   <div class='ocr_carea' id='block_1_8' title="bbox 2006 2982 2028 3242">
    <p class='ocr_par' dir='ltr' id='par_1_10' title="bbox 2006 2982 2028 3242">
     <span class='ocr_line' id='line_1_49' title="bbox 2006 2982 2028 3170; baseline 0 0"><span class='ocrx_word' id='word_1_485' title='bbox 2006 2982 2028 3170; x_wconf 95' lang='lat' dir='ltr'>   </span> 
     </span>
     <span class='ocr_line' id='line_1_50' title="bbox 2007 3170 2028 3242; baseline 0 0"><span class='ocrx_word' id='word_1_486' title='bbox 2007 3170 2028 3242; x_wconf 95' lang='lat' dir='ltr'> </span> 
     </span>
    </p>
   </div>
   <div class='ocr_carea' id='block_1_9' title="bbox 1364 3069 1526 3080">
    <p class='ocr_par' dir='ltr' id='par_1_11' title="bbox 1364 3069 1526 3080">
     <span class='ocr_line' id='line_1_51' title="bbox 1364 3069 1526 3080; baseline 0 162"><span class='ocrx_word' id='word_1_487' title='bbox 1364 3069 1526 3080; x_wconf 95' lang='lat' dir='ltr'> </span> 
     </span>
    </p>
   </div>
  </div>
 </body>
</html>
