2028 3242
132 72 218 115 282
247 94 252 95 .
366 66 370 69 ’
400 56 410 60 ”
754 73 791 104 In
818 72 911 114 Apol.
939 72 1043 112 Tych.
1072 77 1188 106 contra
1210 54 1329 106 Ursuin

234 181 297 216 De
325 181 411 215 lite
440 190 588 214 causa
613 179 953 225 hypothesium
981 179 1212 225 dominum
1239 180 1498 226 Tychonem
1527 181 1663 218 iuter
1696 186 1744 217 et
1770 182 1938 218 Ursum.

234 257 323 292 Cum
351 267 375 291 a
402 267 459 291 me
488 260 634 302 peteret
661 255 809 302 quidam
835 257 962 291 doctus
993 256 1062 295 vir.
1103 260 1144 291 ut
1173 267 1285 302 super
1313 257 1383 292 hac
1410 268 1450 292 re
1473 248 1649 303 judicium
1677 263 1796 294 meum
1824 260 1870 294 ad
1901 270 1942 294 se

128 309 402 357 perscriberem,
432 309 604 355 respondi
630 309 668 343 in
696 310 792 344 hunc
820 310 897 344 fere
927 311 1079 350 modum,
1110 314 1286 355 quantum
1321 310 1408 345 mihi
1437 311 1627 347 succurrit.
1682 311 1841 348 Primum
1868 324 1942 348 non

126 363 361 404 dissimulavi,
392 374 448 397 me
477 362 582 398 irasci
614 363 716 404 Urso,
747 362 808 409 qui
836 363 997 408 epist-ola
1026 374 1109 397 mea
1138 363 1343 398 inconsulto
1372 375 1428 399 me
1456 364 1650 409 publicata
1675 365 1781 410 foede
1802 366 1941 400 abusus

126 422 196 453 est.
255 418 386 464 Itaque
416 417 534 461 ipsum
562 415 794 451 considerare
817 416 931 460 jussi,
963 427 1011 450 an
1041 417 1175 451 affectu
1205 417 1379 462 abripiar.
1437 417 1579 452 Deinde
1615 417 1796 462 judicium
1821 429 1940 454 meum

126 473 170 506 de
199 470 457 506 scommatibus
486 469 582 504 ferre
611 480 733 504 coram
761 469 905 504 homine
933 469 1083 515 politico
1113 470 1223 504 nolui.
1283 471 1385 510 Quod
1421 475 1544 506 autem
1573 470 1825 517 quaestionem
1853 471 1940 507 atti-

129 529 208 565 net,
251 529 334 558 uter
363 523 517 558 alterius
546 527 700 568 usurpet
729 523 977 568 hypotheses,
1020 522 1089 557 etsi
1130 523 1354 569 hypothesin
1383 524 1494 559 aliam
1522 536 1594 571 ego
1624 534 1774 571 sequar,
1818 528 1940 560 tamen

125 577 239 612 videri
267 588 368 612 reum
398 577 528 611 Ursum
568 575 766 611 insimulati
809 575 978 610 criminis.
1035 577 1287 611 Fundamenta
1327 577 1420 611 haec
1461 579 1584 614 fuere:
1633 578 1774 613 fatetur
1813 578 1939 619 Ursus,

125 643 165 666 se
195 631 366 665 schedam
402 629 562 675 aliquam
603 641 622 663 e
650 629 775 664 Dania
815 630 969 663 allatam
999 631 1094 674 apud
1123 630 1411 676 Rollenhagium
1449 630 1670 672 ostendisse,
1713 635 1752 666 et
1778 631 1847 666 hoc
1875 642 1940 677 ap-

125 685 244 730 pellat
273 683 408 718 furtum
437 682 749 728 philosophicum,
790 687 986 728 monetque
1015 682 1244 729 Tychonem‚
1275 683 1392 718 discat
1419 684 1577 729 posthac
1604 695 1664 719 res
1693 695 1780 719 suas
1809 684 1940 729 melius

126 736 319 772 custodire.
376 737 531 771 Fatetur
559 735 663 776 idem,
694 747 766 770 non
793 747 832 770 se
862 735 1015 780 primum
1037 747 1117 770 esse
1138 736 1389 782 hypotheseos
1410 737 1508 772 illius
1529 741 1728 784 au-ctorem,
1763 737 1831 772 nisi
1851 748 1940 784 qua-

51 822 67 829 ..
126 796 231 826 tenus
253 791 400 824 Terram
433 789 520 823 fecit
538 788 1118 835 rggolutione-diumamobilem.
1159 789 1225 824 Ait
1244 789 1417 835 denique,
1451 790 1606 825 indidem
1626 801 1677 825 ·se
1709 791 1940 836 excerpsisse

124 844 363 891 hypotheses,
385 843 481 877 unde
501 846 539 876 et
558 842 683 887 Tycho
704 842 952 887 excerpserit:
986 853 1070 877 nam
1103 847 1254 877 exstare
1288 842 1323 877 in
1345 842 1544 888 Copernico
1575 846 1615 878 et
1631 843 1847 879 Ptolemaeo
1873 855 1940 878 ex-

123 907 263 943 presse.
321 898 373 930 At
399 896 468 930 hoc
498 895 666 929 ultimum
698 895 832 929 falsum
864 899 931 936 est,
955 892 1033 930 ‘nec
1053 896 1147 930 enim
1172 900 1326 931 exstant
1345 895 1450 931 dictis
1469 895 1558 931 locis
1589 896 1677 932 illae
1695 896 1938 943 hypotheses.

122 951 225 997 Ergo
245 961 293 984 ex
313 949 382 983 hoc
413 949 508 984 falso
528 952 566 983 et
586 948 704 983 tribus
735 948 860 994 primis
880 948 987 989 veris,
1023 951 1114 994 quod
1145 961 1216 984 non
1236 948 1285 984 sit
1303 949 1472 984 inventor
1502 949 1641 995 primus
1671 949 1953 996 hypotheseos,

124 1004 219 1050 quod
238 1003 319 1037 inde
340 1003 482 1037 habeat
500 1001 723 1047 hypothesin
744 1002 837 1036 unde
858 1006 897 1036 et
910 1002 1045 1048 Tycho,
1068 1003 1160 1048 quod
1181 1003 1353 1037 schedam
1372 1003 1566 1048 Tychonis,
1594 1002 1634 1038 irr
1651 1013 1724 1049 qua
1743 1007 1827 1038 erat
1843 1002 1939 1038 haec

123 1056 362 1103 hypothesis,
396 1055 609 1096 abstulerit,
644 1054 748 1101 quasi
779 1067 827 1090 ex
859 1055 1049 1090 elementis
1083 1055 1297 1101 quibusdam
1330 1056 1559 1102 componitur
1588 1056 1682 1091 haec
1713 1055 1937 1101 conjectura,

122 1109 305 1155 Tychonis
325 1108 551 1154 hypothesin
573 1108 619 1142 ab
641 1108 732 1143 Urso
753 1112 899 1153 raptam
920 1113 958 1143 et
980 1120 1045 1153 pro
1066 1120 1135 1144 sua
1163 1109 1395 1144 vindicatam.
1455 1110 1556 1150 Quod
1577 1114 1702 1144 autem
1721 1121 1793 1144 non
1812 1113 1939 1144 exstet

124 1162 308 1210 Tychonis
329 1162 547 1208 hypothesis
581 1161 618 1196 in
639 1161 839 1206 Copernico
860 1167 899 1196 et
918 1162 1145 1203 Ptolemaeo,
1180 1167 1285 1208 patet
1318 1174 1366 1222 ex
1399 1162 1664 1208 depravatione
1697 1163 1858 1198 locorum
1891 1163 1950 1198 ab*

124 1218 216 1252 Urso
237 1216 498 1262 allegatorum‚
521 1225 610 1260 quos
631 1215 755 1249 ordine
776 1215 987 1250 videbimus.

229 1269 311 1304 Lib.
346 1270 372 1304 Ι.
406 1279 486 1313 cap.
525 1269 583 1302 10.
642 1268 734 1302 Toto
767 1268 831 1303 illo
863 1268 984 1314 capite
1006 1269 1227 1315 Copernicus
1259 1270 1422 1304 modeste
1454 1273 1492 1304 et
1523 1269 1625 1304 lento
1656 1279 1857 1316 progressu
1889 1276 1937 1303 ex

123 1323 232 1358 Mart.
254 1323 410 1368 Capella
430 1321 621 1357 occasione
642 1322 752 1356 ducta
784 1323 829 1356 ad
848 1322 1134 1368 explicationem
1166 1327 1205 1356 et
1224 1333 1398 1357 summam
1418 1321 1694 1357 necessitatem'
1709 1333 1799 1357 suae
1818 1322 1935 1368 hypo-

124 1377 271 1411 theseos
291 1375 443 1411 accedit.
500 1375 592 1409 Nam
625 1375 712 1420 quia
737 1375 894 1420 Capella
931 1372 994 1416 ait,
1032 1377 1209 1411 Venerem
1241 1380 1279 1410 et
1298 1374 1518 1410 Mercurium
1549 1374 1648 1411 circa
1678 1386 1809 1421 corpus
1840 1374 1936 1410 Solis

123 1441 318 1464 conversas
350 1428 494 1463 absides
529 1428 679 1469 habere,
713 1427 762 1463 ex
793 1428 862 1463 hoc
895 1434 1063 1474 apparet,
1097 1429 1200 1464 illum
1221 1429 1384 1464 conferre
1405 1434 1533 1464 centra
1552 1428 1691 1464 orbium
1723 1428 1868 1463 illorum
1899 1427 1935 1462 in

71 1483 77 1493 '
123 1483 258 1518 Solem.
314 1483 365 1517 Et
396 1486 528 1527 postea
561 1481 744 1527 sequitur:
778 1481 861 1517 hinc
881 1487 1001 1517 sumta
1021 1483 1227 1523 occasione,
1263 1483 1290 1517 si
1313 1483 1392 1528 quis
1413 1478 1619 1528 (intellige:
1653 1482 1683 1517 si
1708 1493 1780 1529 ego
1801 1482 1935 1527 Coper-

124 1533 244 1579 nicus)
265 1536 462 1571 Saturnum
482 1546 635 1580 quoque,
656 1535 783 1569 Jovem
804 1540 844 1570 et
862 1534 1019 1570 Martem
1039 1538 1084 1571 ad
1104 1537 1195 1571 illud
1215 1536 1332 1581 ipsum
1352 1540 1516 1570 centrum
1537 1535 1714 1576 conferat,
1744 1546 1816 1569 non
1835 1545 1934 1571 erra·

124 1590 188 1631 bit,
223 1589 256 1623 id
290 1590 384 1635 quod
417 1588 592 1623 canonica
624 1587 769 1623 illorum
800 1593 962 1623 motuum
993 1589 1089 1624 ratio
1121 1589 1298 1630 declarat,
1332 1593 1371 1623 et
1391 1589 1484 1634 quod
1516 1587 1724 1624 declarabit
1754 1588 1823 1623 hoc
1843 1599 1934 1633 opus

123 1654 251 1684 meum,
273 1642 309 1676 in
329 1653 398 1688 quo
419 1640 631 1676 canonicam
650 1642 746 1676 hanc
764 1642 945 1677 rationem
965 1655 1014 1677 ex
1033 1643 1102 1678 tali
1122 1641 1319 1689 hypothesi
1339 1641 1540 1677 construxi.
1598 1641 1668 1676 Hic
1687 1641 1800 1676 Ursus
1826 1640 1934 1676 simu-

122 1697 189 1736 lat,
222 1695 421 1740 Copernico
442 1695 485 1729 de
506 1694 709 1729 mutatione
730 1695 855 1741 aliqua
882 1706 972 1730 suae
992 1697 1243 1741 hypotheseos
1264 1707 1464 1730 sermonem
1485 1706 1577 1737 esse,
1612 1707 1693 1730 cum
1712 1694 1934 1740 Copernicus

122 1750 279 1784 nondum
311 1759 415 1783 suam
447 1747 634 1793 propriam
667 1747 903 1793 explicuerit,
940 1751 1002 1783 sed
1027 1749 1106 1794 jam
1137 1749 1192 1784 his
1214 1749 1304 1794 ipsis
1324 1748 1445 1783 verbis
1478 1748 1615 1784 aditum
1645 1747 1714 1783 sibi
1740 1747 1857 1783 faciat
1888 1748 1934 1782 ad

122 1803 226 1837 illam
258 1802 527 1847 explicandam.
585 1801 679 1835 Nam
712 1801 741 1835 si
772 1801 991 1846 Copernicus
1025 1803 1178 1837 vidisset
1209 1804 1302 1848 quod
1323 1802 1459 1848 Tycho,
1489 1812 1597 1846 posse
1617 1801 1737 1836 Solem
1752 1801 1933 1836 ‘mobilem

123 1867 244 1890 annuo
263 1859 364 1889 motu
396 1853 627 1888 nihilominus
660 1865 807 1889 manere
839 1859 1002 1889 centrum
1024 1856 1045 1890 5
1068 1857 1301 1901 planetarum
1323 1853 1413 1900 (non
1445 1854 1566 1900 potuit
1585 1860 1708 1890 autem
1741 1854 1775 1889 id
1795 1854 1931 1894 videre,

123 1909 209 1954 quia
220 1907 433 1942 realitatem
449 1906 589 1941 orbium
602 1906 782 1950 credidit),
805 1919 868 1942 cur
880 1909 993 1953 paulo
1010 1913 1095 1953 post
1110 1909 1275 1950 dixisset,
1299 1909 1519 1943 alterutrum
1533 1919 1683 1942 necesse
1697 1919 1790 1949 esse,
1810 1911 1854 1942 ut
1867 1911 1934 1942 aut

122 1962 228 1996 nulla
248 1961 296 1995 sit
316 1960 413 1995 orbis
435 1959 586 1994 Terreni
604 1961 793 2006 proportio
815 1962 859 1995 ad
882 1962 1005 1996 orbem
1024 1963 1193 2002 fixarum,
1217 1966 1283 1996 aut
1308 1962 1452 1996 infinita
1471 1961 1538 1995 illa
1570 1962 1766 1996 secundum
1785 1965 1931 1996 veteres

124 2014 264 2049 orbium
283 2013 478 2048 multitudo
493 2014 738 2049 concedatur?
784 2015 876 2049 Nam
897 2014 956 2060 qui
978 2026 1055 2049 cum
1077 2015 1250 2061 Tychone
1271 2014 1395 2055 sentit,
1430 2014 1483 2048 illi
1505 2018 1673 2049 neutrum
1693 2017 1752 2048 est
1767 2025 1930 2048 necesse.

338 2074 396 2105 fig.
420 2076 446 2100 s,
762 2067 842 2102 Lib.
865 2068 927 2102 111.
960 2079 1039 2112 cap.
1064 2068 1125 2102 25.
1186 2068 1254 2102 Hic
1274 2079 1344 2102 non
1365 2067 1592 2102 intellectum
1614 2068 1662 2101 ab
1682 2067 1774 2102 Urso
1796 2067 1931 2113 Coper-

656 2122 774 2156 nicum
802 2125 867 2155 aut
898 2120 932 2155 id
963 2121 1082 2156 studio
1116 2133 1186 2155 non
1215 2122 1310 2156 bono
1343 2120 1619 2162 dissimulatum,
1652 2131 1756 2155 nemo
1783 2118 1845 2167 qui
1865 2120 1931 2155 Co·

657 2173 841 2219 pernicum
874 2174 1053 2220 intelligit
1084 2174 1254 2209 dubitare
1282 2179 1418 2220 potest.
1477 2173 1678 2219 Copernico
1710 2175 1754 2208 de
1786 2172 1933 2210 theoria

277 2241 307 2273 Β
657 2227 751 2263 Solis
772 2232 830 2262 est
850 2239 977 2267 sermo,
1010 2228 1066 2262 cui
1095 2228 1189 2262 liber
1221 2228 1284 2262 ille
1304 2227 1510 2262 destinatus
1540 2232 1608 2261 est.
1665 2227 1779 2262 Ursus
1809 2231 1932 2261 autem

656 2285 777 2326 putat,
811 2280 913 2315 illum
932 2281 1031 2326 loqui
1060 2283 1103 2316 de
1136 2281 1377 2316 universitate
1411 2279 1671 2327 hypothesium
1701 2281 1818 2326 deque
1844 2290 1930 2325 par-

657 2334 746 2369 tium
766 2335 1030 2369 mundanarum
1051 2339 1176 2369 mutuo
1197 2345 1388 2370 consensu.
1429 2333 1477 2368 Ut
1496 2344 1555 2368 res
1569 2337 1711 2378 pateat,
1729 2334 1803 2368 duo
1824 2332 1929 2367 sohe-

409 2385 440 2420 A
658 2392 760 2422 mata
788 2398 932 2432 ponam,
962 2399 1073 2422 unum
1101 2387 1401 2433 repraesentabit
1425 2387 1542 2432 ipsam
1563 2386 1753 2432 Copernici
1778 2385 1932 2431 primam

661 2441 891 2482 sententiam,
926 2442 1084 2476 alt-erum
1103 2453 1189 2476 vero
1210 2441 1363 2476 habebit
1382 2441 1483 2475 illam
1502 2439 1762 2479 variationem,
1795 2440 1840 2473 de
1859 2449 1933 2484 qua

661 2494 735 2529 illic
767 2494 968 2540 Copernico
1003 2506 1118 2529 sermo
1157 2499 1224 2529 est.
1282 2497 1315 2528 A
1347 2491 1429 2540 (fig.
1465 2489 1507 2537 8)
1539 2497 1703 2527 centrum
1739 2491 1930 2526 eccentrici

661 2549 809 2588 Terrae,
841 2559 969 2592 nempe
990 2548 1050 2583 Sol
1072 2548 1162 2593 ipse,
1184 2548 1213 2581 B
1235 2547 1461 2593 epicyclium,
1484 2546 1578 2591 quod
1598 2555 1718 2580 annuo
1737 2549 1839 2580 motu
1858 2543 1932 2579 una

660 2612 739 2635 curn
770 2601 974 2636 eccentrico
1008 2601 1043 2635 in
1063 2606 1190 2646 partes
1211 2601 1399 2646 oppositas
1415 2598 1642 2649 restituitur,
1676 2599 1788 2643 paulo
1808 2602 1932 2633 tamen

659 2655 849 2688 deficiente
863 2654 1110 2694 restitutione,
1131 2654 1182 2688 sic
1196 2659 1237 2688 ut
1257 2666 1304 2688 ex
1319 2653 1383 2688 illo
1403 2653 1546 2687 defectu
1569 2655 1745 2697 sequatur
1758 2662 1929 2697 progres-

660 2718 720 2742 sus
740 2707 918 2753 apogaei;
950 2708 976 2742 C
992 2712 1154 2742 centrum
1185 2706 1352 2752 epicyclii
1379 2705 1536 2744 secundi,
1567 2704 1602 2738 in
1628 2715 1698 2750 quo
1718 2704 1845 2739 Terra·
1864 2704 1931 2739 cir-

659 2761 769 2795 cumit
789 2760 892 2795 annis
915 2760 1028 2801 3434,
1053 2762 1145 2794 unde
1166 2760 1297 2794 accidit
1316 2757 1601 2793 eccentricitatis
1622 2758 1789 2792 mutatio.
1827 2758 1932 2792 Haec

596 2836 603 2852 x
659 2814 878 2859 Copernicus
901 2813 1077 2859 allegatis
1099 2814 1145 2847 ab
1167 2813 1259 2847 Urso
1285 2812 1405 2846 verbis
1426 2811 1478 2846 sic
1509 2810 1564 2845 ait
1581 2810 1718 2845 variari
1738 2821 1872 2857 posse„
1887 2814 1931 2845 ut

659 2867 706 2901 sit
726 2867 867 2913 quidem
887 2869 919 2900 A
940 2866 1061 2900 mundi
1081 2870 1256 2906 centrum,
1282 2866 1344 2900 sed
1365 2877 1436 2899 non
1454 2863 1626 2909 ipsissimi
1646 2864 1806 2909 corporis
1826 2864 1929 2899 Sola-

658 2920 718 2960 ris,
750 2920 846 2954 circa
877 2922 969 2965 quod
1004 2921 1118 2966 Terra
1148 2918 1184 2954 in
1209 2919 1243 2953 D
1277 2917 1353 2964 (fig.
1383 2915 1422 2959 9)
1454 2921 1555 2952 motu
1587 2927 1708 2952 annuo
1734 2917 1931 2952 circumeat

659 3026 801 3070 quidem
835 3026 869 3060 in
890 3025 1077 3072 epicycliis
1097 3026 1139 3067 B,
1175 3025 1213 3065 C,
1242 3025 1306 3059 sed
1337 3023 1391 3058 ita
1423 3024 1539 3064 tarde,
1572 3027 1615 3058 ut
1642 3035 1714 3058 uno
1743 3022 1838 3058 anno
1858 3035 1930 3058 non

660 2970 754 3016 (NB.
789 2974 904 3007 Terra
923 2971 1121 3007 etiamnum
1149 2969 1339 3013 circumit).
1396 2971 1458 3006 Sol
1491 2969 1540 3004 sit
1567 2969 1604 3004 in
1625 2971 1650 3005 C
1683 2974 1722 3004 et
1741 2972 1930 3006 moveatur

660 3079 773 3112 faciat
794 3078 1002 3113 sensibilem
1016 3089 1263 3136 progressum.
1293 3069 1430 3112 NamB
1451 3076 1668 3122 epicyclium
1682 3076 1786 3111 annis
1800 3075 1929 3112 25000
1985 3075 1990 3086 ²

660 3132 727 3165 sub
759 3131 841 3166 fixis
862 3132 1090 3172 restituitur3
1124 3124 1162 3166 C'
1182 3142 1269 3166 vero
1302 3129 1519 3177 epicyclium
1551 3130 1655 3164 annis
1675 3129 1791 3165 3434.
1847 3129 1929 3164 Jam
1986 3168 1988 3170 v
