2028 3242
141 96 224 140 252
879 96 1042 139 Apologia
1065 96 1230 138 Tychonis

141 203 374 245 eccentricis
417 206 669 255 permutatos
715 203 936 244 fabuletur:
982 202 1204 244 videbimus
1249 215 1298 244 ex
1338 203 1583 252 Aristotele,
1627 203 1720 258 quid
1764 202 1863 244 certi
1908 202 1957 244 de

137 263 293 303 Eudoxi
332 261 537 302 sententia
574 262 714 302 haberi
756 262 915 315 possit:
960 262 1174 315 praecipue
1221 275 1308 303 cum
1347 263 1450 304 hunc
1482 263 1614 304 locum
1645 277 1671 304 a
1701 262 1848 304 ceteris
1887 265 1958 302 aut

136 322 363 374 neglectum
394 325 465 362 aut
484 322 589 362 male
610 326 830 362 tractatum
856 321 1141 374 interpretibus
1175 335 1321 373 operae
1355 321 1529 374 pretium
1560 322 1749 363 videatur
1779 320 1956 374 diligen-

137 382 216 422 tius
250 381 489 433 expendere.
553 379 655 422 Cum
686 387 819 422 autem
850 381 890 421 in
913 381 1070 433 gemina
1090 381 1299 422 constituti
1323 381 1448 421 simus
1470 381 1725 429 difficultate,
1759 393 1819 430 e0,
1852 379 1958 433 quod

137 446 178 481 et
210 439 473 488 Aristoteles,
520 453 650 481 rerum
692 440 1066 481 mathematicarum
1108 441 1329 493 imperitior
1374 445 1417 481 ut
1447 440 1585 480 multis
1629 440 1730 481 locis
1772 445 1955 492 apparet,

92 543 95 550 ἶ
135 499 293 540 Eudoxi
325 504 499 539 mentem
529 499 594 539 vel
626 499 787 540 sinistre
819 500 1047 552 perceperit
1078 501 1142 540 vel
1175 500 1382 540 obscurius
1425 499 1683 551 expresserit,
1729 503 1771 539 et
1806 497 1957 540 numeri

137 558 349 599 manifeste
383 572 407 598 a
439 558 573 598 verbis
606 559 849 599 dissideant:
884 560 1078 599 faciamus
1111 560 1216 612 quod
1246 571 1471 612 possumus,
1506 559 1718 611 verborum
1752 557 1960 598 involucra

85 646 90 659 .,
138 617 381 670 conjecturis
415 617 668 657 sublevemus
700 631 1027 670 numerorumque
1061 631 1216 658 errores
1249 618 1497 659 correctione
1517 617 1652 658 verbis
1684 621 1959 658 consentanea

96 684 106 699 ²
136 677 339 717 tollamus.
403 676 531 728 Igitur
569 690 656 717 cum
689 677 757 717 lib.
790 677 885 718 XII.
918 677 1101 729 Metaph.
1132 677 1375 717 Aristoteles
1416 678 1455 717 in
1488 676 1828 730 contemplatione
1862 688 1958 716 ver-

139 740 249 776 setur
293 736 611 776 substantiarum
656 735 893 788 simplicium
941 741 982 776 et
1021 736 1191 776 materia
1234 736 1473 785 carentium,
1525 749 1651 789 eoque
1697 734 1957 776 sublimi-tatis

137 795 331 835 evehatur
363 800 554 835 accurata
586 799 716 835 motus
749 800 792 835 et
821 796 972 847 primae
1005 801 1181 835 motuum
1214 808 1362 836 causae
1390 795 1681 847 disquisitione,
1720 799 1764 835 ut
1793 795 1957 834 invento

137 867 188 894 ex
219 854 400 906 simplici,
435 853 623 894 uniformi
656 859 697 894 et
729 859 893 894 aeterno
926 859 1049 903 motu,
1084 868 1201 907 quem
1226 855 1398 908 primum
1419 854 1613 903 dicimus,
1632 858 1786 894 motore
1814 853 1956 906 primo,

137 914 187 953 ad
220 911 579 964 intelligentiarum
610 914 874 954 secundarum
905 919 946 953 et
977 914 1128 968 primae
1162 914 1513 954 snbordinatarum
1544 925 1750 954 numerum
1781 912 1958 953 investi-

137 973 311 1024 gandum
345 985 432 1024 cap.
467 969 507 1012 8.
542 973 735 1012 accedat:
768 972 867 1012 illud
899 973 1112 1025 praecipue
1144 986 1305 1024 urgens,
1334 973 1502 1025 singulis
1527 972 1741 1013 mobilibus
1774 971 1957 1023 singulas

135 1044 326 1083 praeesse
359 1030 663 1083 intelligentias,
698 1045 769 1071 nec
801 1032 1135 1072 introducendum
1169 1032 1380 1085 quicquam
1403 1032 1667 1084 inmundum,
1700 1031 1807 1084 quod
1827 1030 1957 1072 officio

136 1095 274 1131 careat
315 1091 536 1131 otiosumve
583 1090 646 1131 sit.
720 1091 930 1132 Mobilium
980 1104 1073 1131 vero
1120 1092 1355 1132 coelestium
1400 1104 1610 1143 corporum
1655 1102 1862 1131 numerum
1908 1102 1958 1130 ex

135 1155 323 1198 motuum,
358 1150 424 1202 qui
456 1150 643 1190 videntur
673 1149 713 1190 in
746 1151 870 1199 coelo,
906 1150 1106 1191 varietate
1140 1151 1330 1192 instituit.
1394 1150 1454 1191 At
1473 1155 1605 1190 motus
1637 1149 1763 1203 ipsos,
1795 1149 1957 1203 quinam

137 1215 178 1249 et
210 1214 307 1261 quot
339 1210 702 1261 deprehendantur,
737 1210 894 1262 quaerit
927 1210 977 1250 ab
1010 1210 1264 1252 astronomis.
1328 1210 1432 1250 Hinc
1459 1210 1544 1262 ejus
1563 1210 1707 1250 verba:
1740 1220 1820 1258 „ac
1851 1208 1956 1249 mul-

135 1273 198 1308 tos
240 1268 398 1321 quidem
438 1274 568 1309 motus
601 1282 691 1309 esse
729 1281 864 1309 eorum
908 1283 1009 1322 quae
1050 1270 1248 1318 feruntur,
1295 1269 1344 1309 iis
1389 1269 1512 1309 etiam
1552 1268 1718 1309 evidens
1761 1271 1847 1316 est,
1891 1267 1956 1320 qui

136 1327 389 1368 mediocriter
426 1327 465 1367 in
510 1329 585 1368 hac
616 1342 658 1368 re
692 1328 845 1369 versati
879 1334 991 1378 sunt.⁴
1048 1329 1155 1370 Nam
1195 1329 1374 1381 pluribus
1411 1327 1492 1368 una
1529 1327 1770 1368 motionibus
1811 1325 1957 1378 singuli

136 1399 297 1427 errones
343 1388 533 1428 feruntur.
610 1386 722 1434 Quot
766 1393 901 1428 autem
945 1388 1045 1437 sint,
1093 1401 1194 1428 nunc
1240 1388 1399 1440 quidem
1441 1400 1491 1427 ea
1535 1399 1636 1440 quae
1680 1385 1957 1427 mathematici

137 1446 312 1486 nonnulli
344 1447 522 1495 tradunt,
557 1447 796 1499 cognitionis
829 1461 952 1488 causa
984 1447 1177 1495 dicimus3
1223 1452 1268 1487 ut
1299 1447 1430 1487 animo
1462 1451 1615 1487 certum
1647 1445 1847 1499 quendam
1879 1458 1955 1486 nu-

138 1518 286 1546 merum
318 1506 516 1557 possimus
549 1507 903 1558 comprehendere:
941 1511 1077 1546 cetera
1095 1507 1243 1558 partim
1264 1506 1380 1546 nobis
1411 1505 1650 1558 inquirenda
1669 1509 1774 1552 sunt,
1806 1503 1956 1557 partim

136 1564 184 1612 ii,
231 1565 296 1617 qui
328 1565 427 1604 haec
458 1565 683 1617 inquirunt,
724 1565 1017 1618 interrogandi,
1061 1579 1153 1606 num
1186 1565 1279 1618 quid
1310 1570 1474 1618 praeter
1505 1577 1554 1604 ea
1585 1577 1687 1617 quae
1719 1563 1830 1604 dicta
1861 1561 1956 1610 sint,

137 1623 186 1663 iis
226 1623 413 1664 videatur
455 1625 519 1676 qui
564 1625 664 1665 haec
703 1630 903 1674 tractant3
950 1638 997 1664 ac
1035 1630 1119 1665 tum
1160 1625 1316 1677 utrique
1350 1623 1511 1664 amandi
1548 1623 1608 1664 illi
1653 1622 1808 1676 quidem
1842 1626 1959 1662 erunt

138 1682 274 1734 eisque
307 1683 442 1734 gratia
472 1683 683 1732 babenda3
718 1685 790 1723 sed
821 1684 872 1724 iis
905 1684 1061 1724 demum
1094 1684 1281 1725 habenda
1311 1684 1425 1732 fides,
1458 1683 1524 1736 qui
1549 1682 1777 1723 accuratius
1798 1685 1841 1722 et
1860 1680 1955 1721 dili·-

136 1741 293 1793 gentius
326 1742 623 1783 tradiderunt.“
687 1743 774 1783 Hoc
806 1744 1026 1795 proemium
1062 1744 1200 1784 audiat
1232 1743 1437 1784 Osiander
1469 1747 1512 1782 et
1542 1742 1671 1783 Ursus
1713 1746 1757 1781 et
1785 1740 1954 1794 quicun-

138 1814 212 1852 que
253 1806 572 1841 astronomorum
611 1802 660 1841 de
697 1815 827 1842 rerum
867 1807 1012 1842 natura
1050 1807 1267 1854 conceptus
1305 1802 1420 1854 parvi
1462 1802 1571 1842 facit.
1636 1799 1824 1853 Sequitur
1867 1799 1958 1851 ipsa

135 1872 226 1900 res:
259 1860 479 1908 „Eudoxus
512 1860 620 1901 Solis
653 1866 695 1901 et
725 1862 863 1901 Lunae
897 1861 1100 1914 utriusque
1133 1862 1325 1901 lationem
1357 1861 1396 1900 in
1428 1861 1556 1901 tribus
1587 1860 1766 1912 ponebat
1803 1859 1975 1912 sphae-=

137 1918 214 1964 ris,
258 1932 423 1970 quarum
463 1920 633 1971 primam
673 1933 763 1960 esse
804 1933 880 1960 non
921 1921 1141 1960 errantium
1173 1919 1427 1960 stellarum.“
1488 1920 1600 1959 Haec
1633 1918 1672 1958 in
1707 1917 1954 1970 compendiis

138 1978 418 2017 astronomicis
449 1979 569 2030 vulgo
603 1979 831 2031 depingitur
863 1980 1053 2032 amplecti
1086 1985 1214 2019 totum
1246 1979 1414 2030 alicujus
1446 1979 1634 2030 planetae
1664 1982 1854 2031 systema,
1886 1976 1952 2016 id-

137 2048 210 2087 que
244 2036 342 2076 facit
373 2038 688 2086 concentricum;
735 2043 916 2078 movetur
948 2051 1067 2090 super
1097 2039 1201 2089 polis
1240 2037 1472 2090 aequatoris
1505 2038 1556 2077 ab
1584 2041 1674 2076 ortu
1700 2036 1739 2076 in
1767 2035 1955 2075 occasum

140 2099 181 2134 et
221 2095 439 2136 revolvitur
476 2109 555 2136 una
598 2110 685 2136 cum
724 2110 771 2136 eo
815 2097 924 2137 horis
957 2095 1027 2138 24.
1097 2098 1302 2137 Interdum
1345 2096 1381 2136 ei
1422 2096 1530 2136 aliud
1566 2096 1729 2148 insuper
1767 2094 1954 2143 officium,

139 2154 342 2194 deferendi
375 2155 513 2203 nodos,
549 2155 794 2203 attribuitur,
827 2157 929 2196 unde
961 2157 1192 2209 plerumque
1225 2169 1366 2195 nomen
1399 2156 1542 2204 habet3
1581 2155 1654 2195 sed
1686 2155 1760 2194 hoc
1793 2167 1871 2194 non
1905 2165 1955 2193 ex

137 2213 293 2253 Eudoxi
325 2219 469 2254 mente.
532 2214 788 2263 „Secundam
821 2220 954 2255 autem
986 2229 1057 2268 per
1090 2229 1177 2255 eum
1209 2215 1399 2255 circ-ulum
1432 2215 1546 2260 ferri,
1579 2213 1644 2266 qni
1675 2211 1748 2266 per
1778 2212 1951 2253 medium

138 2272 291 2312 zodiaci
324 2272 431 2313 est,“
492 2274 678 2326 Apparet
707 2274 919 2315 Eudoxum
960 2275 1061 2315 hunc
1101 2275 1237 2315 orbem
1275 2274 1333 2314 sic
1373 2274 1618 2326 disposuisse
1659 2272 1698 2312 in
1731 2272 1865 2321 Luna,
1911 2277 1957 2311 ut

140 2331 224 2382 ejus
255 2332 338 2383 poli
369 2331 491 2384 priori
525 2333 610 2373 orbi
642 2334 903 2374 revolutionis
936 2334 1100 2374 diurnae
1132 2334 1389 2382 insisterent,
1431 2333 1680 2373 declinantes
1711 2331 1896 2383 utrinque
1929 2343 1954 2369 a

137 2390 239 2441 polis
271 2390 378 2431 illius
411 2391 448 2431 in
482 2393 615 2432 coluro
649 2393 912 2433 solstitiorum
946 2393 1079 2446 spatio
1113 2393 1365 2445 obliquitatis
1400 2391 1625 2443 eclipticae.
1689 2390 1826 2430 Motus
1857 2401 1953 2429 vero

139 2449 223 2500 ejus
256 2455 319 2490 est
351 2451 424 2490 sub
456 2451 578 2503 priori
612 2452 662 2492 ab
696 2457 785 2492 ortu
817 2453 856 2491 in
890 2466 1077 2492 occasum
1110 2465 1179 2492 seu
1213 2452 1252 2491 in
1287 2451 1589 2498 antecedentia,
1623 2449 1852 2490 restituitur
1883 2461 1953 2488 se-

139 2508 217 2547 mel
257 2509 306 2548 ad
345 2509 450 2549 idem
489 2510 596 2550 illius
632 2512 747 2563 primi
792 2512 876 2551 sive
916 2512 967 2551 ad
999 2512 1103 2551 idem
1142 2511 1296 2551 zodiaci
1340 2515 1530 2563 punctum
1573 2508 1686 2549 annis
1730 2505 1796 2549 19.
1865 2505 1956 2553 Quo

140 2568 269 2618 spatio
302 2568 532 2609 circumfert
563 2571 701 2611 nodos.
765 2569 907 2616 Qualis
927 2583 1021 2610 vero
1054 2575 1186 2611 motus
1218 2570 1335 2622 hujus
1369 2569 1506 2609 circuli
1539 2568 1593 2609 sit
1623 2567 1661 2607 in
1690 2565 1847 2607 theoria
1873 2565 1956 2606 So-

140 2626 201 2675 lis,
236 2627 364 2668 dicam
391 2628 476 2679 jam
509 2635 699 2680 quantum
732 2629 810 2670 dici
840 2635 976 2682 potest
1008 2630 1046 2670 in
1074 2630 1207 2670 tertio.
1273 2629 1481 2677 „Tertiam
1502 2633 1636 2668 autem
1663 2639 1735 2678 per
1755 2625 1956 2677 obliquum

140 2685 326 2726 circulum
361 2688 411 2726 ad
444 2687 695 2728 latitudinem
729 2689 977 2741 signorum.“
1040 2688 1108 2729 Sic
1140 2688 1342 2739 intellige,
1383 2687 1548 2727 tertium
1583 2686 1635 2726 ad
1667 2684 1883 2725 secundum
1913 2683 1955 2723 in

141 2744 265 2783 latum
303 2746 491 2786 inflexum
531 2760 634 2789 esse.
698 2747 777 2788 Est
817 2759 914 2800 ergo
954 2747 1036 2796 hic,
1085 2747 1149 2800 qui
1181 2747 1338 2787 Lunam
1379 2744 1509 2797 ipsam
1541 2745 1682 2784 defert.
1743 2743 1842 2795 Ejus
1873 2742 1956 2795 poli

141 2804 314 2843 secundo
346 2805 573 2857 infiguntur,
610 2807 872 2847 deflectentes
904 2807 1087 2859 utrinque
1122 2805 1255 2858 spatio
1287 2804 1513 2844 latitudinis
1541 2803 1738 2843 maximae
1761 2800 1954 2841 Lunarisz

142 2866 322 2902 movetur
365 2864 401 2902 in
444 2866 728 2918 consequentia
770 2879 840 2906 seu
879 2866 928 2906 ab
966 2879 1112 2906 occasu
1151 2865 1188 2904 in
1223 2868 1353 2904 ortum
1391 2868 1432 2902 et
1471 2862 1699 2902 restituitur
1737 2861 1788 2900 ad
1825 2859 1955 2912 primi,

142 2932 211 2958 seu
245 2921 294 2960 ad
334 2922 485 2962 zodiaci
531 2924 636 2964 idem
673 2930 861 2977 punctum
907 2925 1040 2977 spatio
1074 2925 1156 2964 fere
1187 2927 1402 2963 menstruo.
1466 2922 1530 2961 Ita
1566 2921 1628 2968 fit,
1674 2924 1719 2960 ut
1750 2919 1815 2971 qui
1847 2917 1956 2963 orbis

141 2983 303 3028 propter
334 2986 483 3021 motum
516 2982 773 3034 longitudinis
805 2983 977 3035 ponitur,
1011 2983 1046 3023 is
1066 2981 1270 3022 latitudini
1302 2980 1466 3029 serviat,
1500 2979 1681 3032 quivero
1703 2977 1956 3026 latitudinem

143 3036 284 3076 stellae
315 3044 524 3089 praestare
558 3041 689 3089 debet,
724 3042 984 3093 longitudinis
1017 3047 1167 3082 motum
1199 3039 1362 3080 efficiat.

261 3094 327 3135 Sit
358 3096 478 3137 ADG
516 3100 689 3151 sphaera
726 3101 891 3141 fixarum
930 3106 971 3141 et
1012 3101 1051 3140 in
1097 3113 1145 3140 ea
1187 3099 1272 3152 ipse
1315 3095 1435 3138 ADG
1477 3097 1634 3136 colurus
1677 3094 1956 3144 solstitiorum,
