1982 3268
77 3022 82 3024 ’
141 3031 154 3036 ’
156 3024 327 3077 multos
361 3047 485 3072 annos
519 3033 637 3073 dicta.
689 3033 793 3078 Quid
827 3033 975 3084 agam?
1017 3033 1157 3085 Neque
1183 3030 1423 3084 hypotheses
1449 3043 1560 3070 meae
1587 3037 1692 3080 sunt,
1726 3027 1852 3083 neque
1883 3043 1930 3075 co

162 135 217 178 32
953 134 1167 169 Prooemium.

161 242 496 299 &tatibus-,geu
505 241 799 310 suae-griffini:
832 241 882 281 ab
913 241 975 281 his
1008 255 1083 295 quo
1098 242 1292 301 longius
1294 243 1506 297 delihet
1508 214 1960 304 Qus

162 303 429 352 tenebrarum
448 306 494 353 et
522 315 697 343 errorum
722 296 886 357 existit?
916 298 1103 342 Affert
1098 301 1203 342 enim
1232 315 1343 343 mens
1375 308 1514 344 nostra
1544 309 1686 358 suapte
1717 309 1862 345 natura
1893 317 1961 344 se-

162 375 249 402 cum
281 361 332 400 ad
364 346 586 402 divinarum
615 373 745 402 rerum
760 350 913 400 stud1a'
942 361 1123 401 notiones
1165 374 1258 402 suas
1298 362 1336 402 in
1368 363 1688 415 praedicamento
1721 309 1982 419 quantitatis}

163 426 392 461 extructas:
436 419 575 473 quibus
608 421 643 461 si
675 419 887 472 spolietur,
921 420 1018 460 nihil
1050 420 1127 461 nisi
1158 421 1276 462 meris
1309 422 1588 474 negationibus
1620 423 1781 464 definire
1811 427 1982 476 potest

162 481 265 521 Hinc
291 480 361 520 illa
381 478 694 521 calvinistarum
720 478 872 527 ἐκςασις
905 479 956 519 ad
987 491 1127 520 nomen
1159 482 1475 532 praesentiae
1508 481 1739 524 illocalis.
1782 482 1889 524 Nam
1921 477 1982 522 et

162 554 240 580 vox
273 540 542 594 (praeseutia)
576 546 616 580 et
647 553 710 579 res
743 539 948 578 intellecta
974 539 1047 579 sub
1071 551 1168 579 voce
1202 540 1385 581 desumta
1419 547 1483 581 est
1513 554 1563 582 ex
1589 541 1813 582 conditione
1844 538 1961 593 hujus

163 599 298 648 seculi,
333 599 418 639 loco
451 604 492 639 et
522 605 700 652 tempore
733 599 968 644 constantis,
1003 598 1246 652 digitumque
1278 601 1342 640 vel
1374 600 1614 642 cautissimis
1639 601 1692 641 ad
1717 601 1962 654 quantitates

163 659 347 700 intendit.
394 659 506 698 Haec
532 665 573 699 et
599 658 745 699 similia
771 657 804 697 si
832 658 997 710 quilibet
1016 659 1223 698 occasione
1250 672 1299 699 ex
1328 672 1416 700 meo
1450 660 1584 701 libello
1617 660 1800 701 desumta
1831 661 1982 705 secum?

161 719 447 771 perpenderet;
480 719 631 771 opinor,
664 729 740 757 uno
772 718 898 769 gradu
931 718 1092 769 propius
1118 724 1383 759 conventuras
1414 725 1550 772 partes
1582 721 1623 760 in
1654 719 1845 772 religione
1877 719 1978 779 dis-5

164 779 354 818 sidentes.
417 776 500 818 Sed
532 778 637 818 enim
668 790 718 817 ex
748 789 885 816 musca
921 777 990 816 fiet
1029 777 1101 816 hoc
1133 782 1253 830 pacto
1287 779 1453 831 denique
1485 780 1663 832 elephaS.
1725 778 1814 832 Ego
1846 791 1980 832 quamx

163 839 238 878 sim
270 838 342 878 hoc
374 838 509 877 nuntio
541 841 758 884 recreatus,
793 835 923 876 dicere
955 837 1102 876 rectius
1133 850 1209 877 non
1241 849 1415 889 possum,
1448 851 1564 892 quam
1598 839 1632 879 si
1662 838 1736 879 tibi
1767 838 1982 893 sollicita-j

164 897 297 938 dinem
328 896 460 937 mariti
490 909 560 949 pro
593 896 772 949 pariente
805 907 938 945 uxore,
973 896 1236 948 gaudiumque
1268 909 1318 936 ex
1344 897 1511 950 denique
1543 903 1638 938 nato
1669 910 1790 951 puero
1821 910 1966 951 ponam
1977 899 1982 939 ἶ

164 958 213 997 ob
234 957 383 996 oculos
436 955 629 1002 Quamvis
650 955 755 995 haud
775 967 914 1006 parum
933 968 1061 995 meam
1088 955 1351 996 festivitatem
1375 957 1617 998 interturbat
1646 970 1815 1006 remora,
1849 970 1966 1010 quam

165 1029 275 1056 meus
307 1016 384 1055 iste
415 1022 554 1068 paitus
587 1021 654 1055 tuo
689 1014 836 1068 scripto
871 1015 1028 1067 objecit,
1062 1014 1253 1068 simulque
1287 1016 1409 1056 totius
1434 1016 1619 1070 Europae
1647 1017 1968 1070 expectationem

166 1078 213 1116 de
247 1076 314 1116 illo
348 1075 494 1115 diutius
528 1074 748 1127 suspendit.

283 1134 400 1181 Quod
429 1135 477 1174 de
505 1133 718 1174 offensione
745 1138 908 1173 senatus
930 1132 1146 1173 academici
1168 1133 1353 1186 quereris,
1388 1134 1538 1186 opinor,
1572 1139 1613 1175 te
1644 1134 1779 1176 tamen
1812 1134 1967 1188 aliquos

166 1208 215 1234 ex
246 1194 313 1235 illo
345 1194 571 1234 habiturum
614 1206 760 1246 aequos
799 1198 953 1233 tuorum
994 1192 1174 1232 laborum
1211 1205 1408 1234 censores.
1471 1194 1663 1243 Memini,
1709 1206 1797 1234 cum
1827 1193 1878 1235 D.
1912 1194 1964 1235 D.

167 1254 541 1307 superattendentes
583 1252 775 1305 superiori
815 1256 972 1292 aestate
1018 1264 1066 1290 ex
1109 1265 1170 1292 me
1210 1257 1470 1304 quaererent,
1518 1253 1659 1307 ecquid
1697 1254 1746 1294 de
1781 1253 1861 1293 isto
1898 1258 1968 1294 tuo

166 1314 315 1366 scripto
352 1313 490 1362 fieret;
529 1312 768 1365 respondere
807 1325 895 1351 me:
936 1310 1039 1364 quod
1072 1311 1251 1364 equidem
1282 1317 1438 1352 tantum
1477 1313 1625 1354 laboris
1657 1310 1896 1354 tibi¹sumas
1927 1312 1967 1353 in

167 1387 257 1413 mea
298 1386 440 1421 causa,
487 1378 531 1412 ut
573 1372 721 1424 partim
757 1372 900 1424 pudor,
947 1370 1092 1422 partim
1129 1378 1257 1411 metus
1297 1384 1358 1411 me
1397 1371 1608 1424 prohibeat
1638 1372 1677 1413 in
1711 1377 1780 1413 tua
1809 1371 1970 1424 privata

169 1433 304 1473 studia
335 1432 526 1472 curiosius
559 1431 768 1484 inquirere.
832 1429 920 1475 Quo
952 1429 1010 1470 illi
1044 1430 1178 1470 audito
1211 1436 1420 1471 tacuerunt
1451 1437 1492 1472 et
1522 1432 1660 1484 procul
1691 1431 1808 1472 dubio
1841 1431 1969 1472 adbuc

167 1505 361 1533 memores
395 1496 498 1532 sunt.
561 1492 652 1532 Non
684 1491 805 1542 igitur
835 1495 1044 1541 tantopere
1076 1490 1149 1529 tibi
1180 1495 1337 1530 metuas
1370 1490 1419 1531 ab
1451 1491 1521 1531 illa
1552 1496 1716 1532 senatus
1749 1492 1967 1544 reprehen-

172 1554 300 1600 sione,
345 1563 505 1604 eamque
543 1555 703 1602 praeter
742 1549 1060 1589 adhortationem
1105 1549 1203 1589 nihil
1245 1549 1283 1588 in
1321 1563 1364 1590 se
1397 1550 1598 1591 continere
1630 1550 1800 1604 cogites,
1862 1549 1967 1597 Quin

172 1624 244 1664 ego
277 1617 345 1651 tuo
377 1611 435 1650 illi
466 1610 645 1662 symbolo
683 1609 790 1648 aliud
822 1621 990 1661 oppono.
1054 1606 1244 1654 Quereris
1281 1613 1322 1648 te
1359 1610 1536 1650 consumi
1573 1609 1663 1650 aliis
1701 1605 1982 1651 inserviendo

172 1674 232 1723 At
260 1671 383 1719 alius,
422 1670 593 1722 regium,
633 1669 706 1719 ait,
747 1668 835 1708 aliis
876 1667 1124 1718 inselviendo
1156 1669 1258 1708 male
1291 1669 1439 1718 audire,
1501 1667 1630 1710 Crede
1661 1669 1776 1718 mihi,
1816 1682 1867 1710 ex
1895 1660 1982 1731 hacJ

135 1732 150 1745 ²
173 1730 443 1771 consumtione
475 1727 549 1768 tibi
581 1734 745 1768 aeterna
776 1725 883 1767 fama
914 1727 1115 1766 nascitur·
1149 1727 1258 1780 cujus
1279 1716 1434 1779 quidem
1455 1741 1516 1768 me
1537 1733 1650 1768 tanto
1682 1729 1982 1803 diligentiorem}

172 1790 468 1830 buccinatmem
499 1801 587 1827 esse
621 1787 827 1827 convenit:
862 1791 1009 1838 quanto
1041 1791 1086 1825 tu
1116 1786 1204 1838 plus
1236 1787 1329 1827 mihi
1363 1800 1478 1841 quam
1510 1787 1614 1836 aliis,
1648 1793 1768 1842 atque
1801 1788 1902 1828 adeo
1932 1778 1982 1842 ini

173 1851 246 1890 hoc
279 1862 373 1889 casu
404 1848 478 1888 tibi
508 1848 583 1899 ipsi
604 1846 852 1887 benefecisti.
905 1845 965 1885 Ac
996 1846 1127 1885 heicle
1160 1846 1305 1891 nescio,
1339 1859 1414 1899 quo
1439 1853 1559 1900 pacto
1591 1853 1631 1888 te
1662 1847 1791 1900 ipsum
1807 1843 1982 1930 muno-i

173 1910 251 1949 ties
284 1908 543 1948 beneficentia
580 1913 620 1946 et
651 1906 894 1946 humanitate
925 1905 1074 1944 vincas.
1137 1904 1238 1945 Cum
1268 1905 1407 1958 ingens
1439 1906 1692 1959 praestiteris
1722 1907 1818 1948 mihi
1847 1906 1982 1970 bene-,4

174 1968 316 2017 ficium,
349 1979 517 2007 excusas
549 1972 590 2006 te
623 1965 728 2013 mihi,
763 1965 866 2018 quod
898 1964 1026 2015 majus
1057 1964 1154 2004 illud
1186 1977 1263 2004 non
1296 1965 1425 2014 fuerit,
1460 1966 1641 2018 quodque
1666 1969 1759 2007 tam
1773 1966 1840 2006 diu
1866 1966 1982 2012 dila-l

175 2034 260 2068 tum
280 2027 334 2066 sit
354 2026 596 2078 opusculum,
629 2026 785 2077 culpam
817 2038 840 2064 a
870 2029 910 2063 te
939 2036 1132 2064 removeS.
1179 2022 1306 2069 Quasi
1337 2030 1407 2064 aut
1437 2025 1535 2064 haec
1567 2025 1683 2078 culpa
1715 2025 1870 2075 fuisset,
1904 2025 1982 2066 aut*

177 2100 250 2140 ego
282 2085 567 2126 beneficentiae
600 2091 692 2125 tuae
727 2084 875 2124 arbiter
907 2088 1025 2135 atque
1057 2083 1264 2134 legislator
1295 2083 1531 2132 existerem,
1564 2085 1721 2125 omnino
1753 2085 1869 2138 quasi
1899 2068 1982 2153 ᾶθ-ιι

176 2147 301 2187 bitum
320 2146 394 2185 hoc
421 2150 543 2185 esset
588 2143 777 2196 Agnosco
810 2155 906 2182 saue
939 2147 980 2182 et
1011 2141 1241 2182 reminiscor
1272 2143 1393 2183 verba
1423 2115 1612 2183 noniiulla
1630 2156 1743 2184 meae
1765 2143 1979 2196 epistolae,

179 2206 319 2259 quibus
351 2205 505 2244 isthaec
538 2203 743 2244 excusatio
775 2202 1014 2254 respondere
1052 2201 1433 2242 videtur.Ve1um
1476 2202 1575 2242 illud
1617 2207 1659 2244 te
1701 2215 1867 2244 moneo:
1911 2215 1962 2256 qu

178 2264 345 2306 candido
367 2263 505 2304 scribit
531 2263 672 2312 animo,
707 2275 794 2302 eum
815 2261 942 2302 multa
972 2260 1238 2313 incogitanter
1269 2261 1440 2302 scribere
1467 2267 1508 2302 et
1533 2262 1684 2303 semina
1709 2261 1909 2315 suspicion

179 2337 335 2373 serere;
368 2336 439 2363 nec
471 2327 605 2362 tamen
637 2322 725 2362 ideo
760 2334 893 2361 earum
924 2319 1063 2360 teneri.
1110 2319 1216 2360 Sane
1242 2320 1336 2360 mihi
1361 2333 1471 2361 mens
1504 2321 1598 2362 alibi
1630 2334 1708 2363 non
1739 2327 1826 2362 erat
1855 2333 1902 2362 eo
1933 2320 1946 2361 i

180 2386 292 2433 loco,
339 2396 454 2435 quam
494 2382 534 2422 in
573 2382 766 2421 sumtibus
806 2392 925 2433 parce
970 2379 1162 2419 faciendis
1207 2380 1376 2430 emtione
1414 2393 1628 2432 paucorum
1664 2375 1954 2434 exemplarium

179 2450 296 2496 atque
331 2442 381 2482 ad
413 2443 487 2482 hoc
520 2441 745 2481 institutum
777 2440 909 2480 omnia
940 2439 1092 2492 reliqua
1122 2439 1332 2479 referenda.
1363 2445 1468 2479 sunt.
1527 2438 1633 2486 Quid
1660 2440 1846 2492 quaeris?
1887 2439 1951 2492 Eg

177 2503 342 2544 totidem
377 2501 504 2541 sentio
537 2501 732 2548 stimulos,
767 2499 921 2552 quoties
954 2503 997 2538 tu
1028 2498 1091 2538 vel
1123 2503 1278 2550 tempus
1311 2512 1491 2548 excusas,
1525 2499 1588 2540 vel
1609 2504 1798 2551 quantum
1828 2499 1869 2539 in
1901 2511 1952 2539 ex

179 2562 338 2603 cusiene
375 2560 653 2613 praestiteris,
696 2571 893 2599 recenses.
959 2556 1103 2598 Obruis
1140 2570 1202 2603 me
1241 2571 1336 2598 sane
1375 2558 1492 2598 nimio
1531 2557 1609 2598 mei
1646 2558 1804 2599 studio:
1849 2570 1926 2611 neq

179 2623 332 2662 calamo
363 2621 404 2661 id
436 2633 604 2672 aequare
637 2618 806 2670 amplius
838 2630 1011 2670 possum.
1061 2617 1147 2658 Nec
1179 2616 1306 2657 minus
1335 2623 1474 2669 gratae
1507 2629 1624 2670 quam
1654 2618 1853 2658 salutares
1884 2629 1957 2659 sun

178 2682 447 2732 intersparsae
493 2678 794 2719 admonitiones.
857 2677 924 2716 Ad
962 2676 1118 2716 unicum
1156 2676 1204 2716 de
1246 2676 1366 2716 nimia
1402 2689 1491 2716 mea
1526 2676 1724 2716 brevitate
1771 2681 1811 2717 et
1854 2689 1933 2728 παρ

179 2742 320 2791 βασεσι
351 2739 571 2791 respondeo
603 2738 643 2777 in
675 2749 839 2789 genere3
871 2749 948 2775 non
981 2736 1215 2788 obloquendi
1249 2735 1395 2784 animo,
1429 2735 1500 2774 sed
1530 2741 1574 2775 ut
1606 2735 1745 2775 videas
1779 2736 1911 2776 fortun
1951 2777 1962 2790 ,-

181 2812 320 2838 meam.
386 2798 486 2839 Cum
518 2797 712 2837 neminem
749 2796 871 2836 sciam
910 2795 948 2834 in
987 2795 1055 2835 illo
1094 2794 1313 2834 clarissimo
1353 2795 1495 2834 lumine
1535 2801 1693 2834 vestrae
1731 2794 1911 2835 academi
1960 2792 1962 2794 ’

182 2859 246 2910 qui
277 2871 365 2897 mea
405 2859 593 2910 dogmata
633 2856 730 2896 data
767 2856 976 2907 impeteret
1015 2854 1161 2907 opera:
1206 2854 1387 2893 inventus
1431 2859 1494 2892 est
1536 2853 1574 2892 in
1619 2854 1693 2894 hac
1732 2855 1958 2909 obscura,

182 2917 395 2957 tenebiosa
426 2917 622 2966 bar-bane,
657 2915 734 2967 qui,
768 2927 853 2963 cum
885 2915 974 2967 plus
1007 2913 1230 2966 intelligere
1262 2925 1337 2951 non
1370 2917 1522 2964 posset,
1556 2912 1682 2952 solum
1707 2911 1804 2953 illud
1823 2913 1914 2953 calu

123 3000 125 3002 ν
183 2976 279 3026 niari
313 2976 362 3015 ad
394 2988 578 3026 proceres
613 2989 731 3014 ausus
765 2980 846 3022 est,
881 2974 1068 3025 pleraque
1102 2985 1165 3012 ex.
1174 2971 1400 3023 Copernico
1434 2971 1616 3011 desumta
1647 2976 1688 3011 et
1719 2972 1770 3011 ab
1802 2982 1850 3026 eo
1875 2979 1931 3027 au

182 3107 292 3148 pora.
344 3093 516 3132 Tantum
547 3105 621 3144 ego
653 3093 782 3132 nexui.
833 3093 892 3132 At
924 3091 1010 3143 quis
1044 3103 1092 3130 ex
1123 3089 1314 3141 imperitis
1347 3089 1484 3128 harum
1510 3101 1651 3139 rerum,
1684 3089 1848 3130 audiens
1874 3090 1926 3130 ha

184 3152 422 3197 calumniam
454 3164 503 3191 ex
534 3163 594 3200 eo,
629 3163 742 3203 quem
774 3152 932 3191 doctum
963 3154 1157 3197 autumat,
1190 3148 1264 3189 hoc
1295 3152 1414 3200 pacto
1446 3148 1602 3189 institui
1632 3153 1778 3201 potest,
1813 3154 1858 3190 ut
1888 3162 1910 3189 e
1941 3205 1944 3207 Β
