2028 3242
131 49 216 93 368
691 51 825 84 Literae
850 51 986 94 Kepleri
1011 53 1213 95 aliorumque
1237 57 1372 86 mutuae

129 157 288 189 stratione
313 164 390 187 mea
413 153 521 187 adhuc
547 155 731 196 acquiesco.
781 155 857 188 Non
881 167 966 200 nego
995 161 1129 195 tamen,
1162 157 1362 199 Keplerum,
1393 160 1432 189 ut
1465 156 1775 192 excellentissimum
1804 166 1937 200 geome-

129 208 225 241 tram,
252 204 381 235 interea
404 201 536 233 modum
561 203 778 245 excogitasse,
807 212 871 246 quo
897 213 918 236 a
943 205 1098 247 gradibus
1123 204 1400 246 conjecturalibus
1424 203 1608 236 liberemur.
1658 204 1729 248 Ego
1754 209 1834 237 tunc
1852 208 1939 238 tem-

128 252 213 292 poris
238 250 326 282 velut
351 242 621 285 αὔτοδιδακτος
645 250 679 281 ἰιι
702 249 766 282 hac
792 251 970 289 facultate,
1009 257 1043 284 et
1074 252 1283 294 geometricis
1321 251 1650 284 demonstrationibus
1685 252 1794 284 minus
1825 261 1938 284 assue-

128 299 247 336 factus,
273 297 357 334 feci,
384 296 469 338 quod
493 297 595 338 potui.
644 297 710 329 Vix
734 298 821 330 enim
845 308 903 339 per
927 299 1094 331 biennium
1124 300 1208 331 serio
1233 303 1313 331 tunc
1339 299 1560 331 astronomica.
1581 302 1820 336 tractaveram,
1852 299 1940 331 omui

129 354 245 376 carens
271 347 495 386 praeceptore.
547 343 648 385 Spero
673 345 803 387 itaque,
835 345 879 377 D.
905 346 1085 388 Keplerum
1110 346 1285 378 humanius
1310 356 1364 378 me
1388 350 1626 383 tractaturum,
1662 345 1742 378 licet
1774 346 1941 388 quaedam

132 391 384 424 inartificialiter
407 391 440 422 in
466 391 619 423 methodo
651 401 728 424 mea
751 393 951 425 tradiderim.
1003 394 1103 426 Aliud
1135 398 1186 425 est
1217 394 1361 426 invenire
1393 394 1491 435 quid,
1524 392 1677 434 aliudque
1708 393 1743 426 id
1770 394 1941 436 ingeniose

130 439 261 471 tradere
287 443 322 471 et
346 438 475 470 docere.
527 437 608 477 Quis
635 439 721 471 enim
755 445 832 472 ante
867 450 919 472 me
953 441 1085 473 tabulas
1117 441 1290 473 erectionis
1326 444 1359 472 et
1393 440 1579 473 directionis
1613 439 1816 473 Ptolemaiou
1845 441 1942 472 modo

131 486 354 518 instituendae
379 495 523 527 unquam
549 483 751 527 publicavit?
800 487 963 528 Keplerus
990 488 1030 520 de
1055 487 1191 530 Magino
1224 491 1314 520 recte
1340 489 1461 524 sentit,
1493 488 1599 529 ipsum
1630 496 1707 519 suas
1738 487 1870 520 tabulas
1902 497 1943 520 ex

129 535 210 565 meis
236 534 354 565 saltem
379 532 611 574 descripsisse,
650 533 684 566 id
709 534 795 576 quod
818 535 897 566 mihi
929 536 1011 567 satis
1043 536 1219 567 constabat
1256 538 1335 567 ante
1372 535 1512 567 reditum
1535 543 1646 566 meum
1672 543 1712 566 ex
1736 533 1847 567 Italia.
1898 535 1943 566 At

132 580 331 623 redarguere
356 580 447 611 illum
471 580 599 621 publice
623 580 730 618 nolui,
766 591 832 613 non
858 582 944 613 enim
969 582 1002 614 id
1027 581 1089 614 loci
1116 586 1150 615 et
1173 582 1330 623 temporis
1355 586 1435 614 tnnc
1459 582 1650 623 patiebatur
1673 581 1794 614 ratio-‘⁴
1847 580 1942 620 Quae

129 628 256 669 reliqua
289 631 366 659 sunt
398 627 496 668 huius
529 627 628 659 Marii
653 628 811 669 epistolae
848 629 891 660 ad
915 629 1122 670 Dioptricam
1146 629 1283 671 Kepleri
1319 634 1397 661 sunt
1419 628 1614 666 referenda,
1651 629 1708 661 ubi
1732 629 1876 670 pluribus
1902 628 1943 660 de

131 674 229 707 Marii
253 675 385 717 ingenio
412 679 446 706 et
469 675 628 710 moribus,
667 675 973 717 detectionibusque
1005 686 1087 718 quas
1117 677 1178 708 sibi
1202 677 1380 708 vindicavit
1405 685 1552 719 agemus.
1602 675 1666 708 Hic
1691 679 1822 708 tantum
1845 679 1943 708 nota—

130 732 214 759 mus,
239 722 370 754 tabulas
394 721 466 758 has,
494 731 574 763 quas
599 722 743 764 glorians
769 723 851 755 dicit
877 732 920 761 „a
944 732 980 755 se
1005 723 1178 755 inventas“
1215 727 1250 755 et
1275 732 1296 755 a
1320 723 1457 766 Magino
1483 723 1686 764 descriptas,
1719 724 1845 755 minimi
1871 732 1943 755 esse

130 770 287 801 momenti
317 778 424 810 neque
450 769 527 810 quid
558 769 632 800 novi
658 770 835 802 continere.
887 770 1033 802 Tabulas
1059 770 1316 803 declinationum
1349 774 1383 802 et
1407 770 1491 802 coeli
1514 770 1751 802 mediationum
1776 779 1795 803 e
1818 770 1942 813 Regio-

130 820 287 848 montano
313 815 480 848 desumtas
504 816 574 857 ipse
598 816 733 852 fatetur,
761 816 913 855 „tabulas
938 827 1012 849 vero
1039 818 1208 849 domorum
1233 821 1430 859 supputasse
1456 818 1600 849 amicum
1624 817 1848 860 Augustinum
1871 817 1940 849 La-

132 864 221 895 nium
242 862 474 895 Onoldinum.“
527 862 700 895 calculum
718 869 830 896 autem
855 864 943 897 hunc
962 865 1100 897 absolvit
1117 865 1201 897 duce
1217 864 1237 896 J
1246 864 1410 897 ohanne
1426 864 1681 905 Hispalensi
1707 862 1776 904 (ed.
1793 863 1944 897 Hellerus

132 910 244 942 Norib.
273 907 393 949 1548),
421 919 517 951 quem
557 911 709 952 „saepius
734 911 876 953 legendo
902 912 964 943 sibi
989 912 1165 944 admodum
1190 912 1386 944 familiarem
1409 910 1632 948 reddiderat‚“
1669 914 1703 943 et
1725 912 1826 944 verba
1847 911 1945 953 hujus

133 958 277 989 auctoris
300 956 445 989 nondum
468 957 656 999 intelligens
685 958 895 996 „methodum
921 959 1004 991 coeli
1030 959 1195 991 domicilia
1220 959 1423 999 describendi
1447 959 1518 1000 ipse
1543 957 1743 991 adinvenit.“
1786 958 1848 991 His
1870 968 1943 1001 per-

133 1005 236 1046 ceptis
268 1005 428 1041 fatemur,
463 1005 592 1036 nescire
617 1015 676 1036 nos
701 1009 810 1037 utrum
834 1006 936 1038 verba
961 1005 1057 1038 Marii
1082 1006 1166 1038 haec
1190 1016 1247 1048 pro
1272 1007 1356 1038 veris
1381 1005 1575 1048 accipienda
1598 1006 1665 1037 sint
1687 1015 1813 1038 necne:
1842 1003 1944 1044 „rmo,

132 1052 218 1093 qnod
242 1052 312 1093 plus
339 1055 399 1090 est,
426 1050 514 1083 hanc
539 1056 645 1084 totam
663 1053 809 1095 erigendi
826 1053 948 1096 figuras
967 1054 1050 1086 coeli
1073 1054 1235 1086 rationem
1253 1054 1436 1096 excogitavi
1452 1054 1554 1095 prius,
1579 1062 1680 1095 quam
1703 1052 1755 1086 vel
1771 1054 1947 1096 quicquam

131 1099 165 1131 in
191 1100 357 1132 autoribus
382 1099 423 1131 de
449 1107 491 1131 ea
514 1098 613 1142 legi.“

255 1157 542 1198 Gratissimum
579 1158 784 1198 inseruisti
817 1158 1049 1211 ἀπογραφον
1079 1158 1214 1199 Marii.
1278 1158 1361 1198 Sed
1407 1159 1455 1198 de
1500 1158 1626 1210 ipsius
1667 1158 1818 1199 tabulis
1856 1158 1954 1199 dis-‘

134 1222 297 1269 ceptare
330 1217 497 1257 ulterius
531 1217 684 1258 animus
717 1217 812 1257 mihi
844 1230 923 1258 non
955 1223 1030 1258 est.
1095 1217 1254 1258 Sufficit
1285 1218 1372 1267 hoc,
1406 1217 1511 1270 quod
1546 1217 1640 1267 dixi,
1673 1217 1946 1258 incommodas

132 1290 222 1316 esse
255 1289 340 1325 usu,
374 1276 479 1328 quod
511 1276 625 1316 video
659 1283 862 1317 auctorem
894 1277 1025 1317 fateri.
1089 1277 1298 1328 Dirigendi
1332 1282 1374 1316 et
1394 1276 1574 1328 erigendi
1605 1276 1804 1317 rationem
1834 1289 1944 1318 more

134 1336 380 1375 Ptolemaico
425 1335 576 1375 tradidi
614 1335 687 1375 tibi
719 1336 758 1376 in
791 1335 963 1384 chartis3
1008 1335 1064 1375 ibi
1096 1335 1144 1375 de
1185 1335 1455 1375 fundamentis
1487 1335 1603 1387 hujus
1634 1335 1694 1375 rei
1725 1347 1778 1375 ex
1803 1335 1946 1377 Pto'lc-

133 1406 244 1434 maeo
278 1395 526 1446 disputatum
559 1394 816 1435 sufficienter.
880 1395 1017 1435 Nolim
1048 1406 1142 1434 vero
1172 1394 1268 1434 mihi
1289 1394 1575 1434 necessitatem
1600 1394 1750 1447 imponi
1781 1395 1949 1437 eundem

132 1453 360 1494 resumendi
393 1454 571 1494 laborem
603 1454 642 1493 in
674 1467 715 1494 re
747 1459 831 1494 tam
858 1454 949 1494 vilis
981 1454 1186 1494 momenti.
1250 1453 1439 1506 Sequitur
1469 1453 1508 1492 in
1531 1453 1662 1494 Mario
1683 1453 1805 1494 anxia
1835 1467 1946 1495 com-

132 1512 289 1564 paratio
324 1525 469 1561 eorum,
505 1526 606 1565 quae
638 1513 723 1565 ipse
754 1513 904 1565 primus
937 1513 1187 1565 computavit
1218 1518 1260 1552 et
1285 1511 1591 1560 demonstravit,
1623 1524 1712 1552 cum
1742 1512 1807 1562 iis,
1841 1526 1944 1566 quae

132 1584 193 1612 me
227 1571 411 1624 agnoscit
443 1572 668 1612 reddidisse
700 1572 983 1620 commodiora,
1018 1571 1080 1612 cui
1113 1571 1367 1623 subjungitur
1398 1571 1650 1623 deprecatio,
1683 1584 1732 1611 ne
1759 1571 1945 1612 inhuma-

134 1630 290 1670 manius
323 1630 452 1682 ipsum
484 1637 669 1671 tractem.
732 1631 823 1671 Nisi
857 1631 994 1679 fallor,
1028 1637 1072 1671 tu
1104 1630 1161 1671 illi
1193 1630 1405 1682 scripsisti,
1439 1643 1502 1670 me
1534 1629 1716 1683 publicas
1748 1631 1945 1672 adversus

136 1690 264 1742 ipsum
286 1690 512 1741 suscepisse
539 1689 780 1738 inimicitias,
815 1691 994 1742 adeoque
1010 1690 1096 1742 jam
1115 1689 1314 1738 hostilem,
1348 1689 1383 1729 si
1402 1689 1490 1729 Deo
1515 1689 1662 1741 placet,
1691 1689 1833 1731 librum
1852 1690 1948 1731 mihi

134 1749 207 1788 sub
238 1748 421 1788 manibus
453 1749 621 1789 versari.
684 1749 743 1788 At
774 1748 833 1788 ita
864 1749 961 1788 mihi
993 1749 1098 1788 bona
1128 1761 1239 1788 mens
1274 1749 1428 1797 faveat,
1469 1748 1527 1788 uti
1559 1760 1633 1799 ego
1675 1760 1875 1801 nunquam
1907 1749 1947 1789 in

136 1808 195 1847 his
235 1807 389 1859 apinis,
435 1807 581 1847 nedum
624 1807 665 1847 in
703 1807 1062 1847 emendatiunculis
1107 1807 1230 1846 ullam
1269 1807 1421 1859 gloriae
1467 1819 1580 1859 spem
1624 1819 1768 1859 ponam
1782 1819 1794 1856 ;
1845 1820 1947 1860 quas

133 1866 214 1906 illis
247 1866 285 1905 in
307 1866 457 1905 chartis
485 1878 682 1918 nunquam
703 1866 945 1918 attigissem,
982 1866 1016 1906 si
1049 1866 1200 1918 absque
1225 1871 1298 1906 tua
1323 1866 1549 1918 importuna
1568 1866 1764 1917 petitione
1785 1866 1943 1907 fuisset.

134 1925 268 1965 Amici
300 1924 502 1974 charitati,
536 1938 613 1965 non
645 1938 732 1965 meo
767 1925 906 1974 lubitu,
943 1926 1116 1976 scriptas
1150 1924 1402 1972 memineris;
1446 1936 1616 1978 propere
1648 1924 1771 1979 igitur
1803 1930 1942 1965 trans-

136 1997 273 2023 eamus
306 1984 358 2023 ad
390 1984 482 2023 alia.

229 2053 325 2085 Haec
353 2052 463 2091 „alia“
491 2057 568 2086 sunt
593 2062 652 2091 ea,
685 2062 771 2095 quae
796 2052 964 2094 respondit
987 2051 1150 2093 Keplerus
1187 2051 1230 2084 ad
1253 2052 1420 2084 residuum
1452 2052 1609 2094 epistolae
1634 2053 1827 2091 Marianae,
1863 2063 1949 2097 quac

136 2101 274 2132 diximus
300 2100 343 2131 ad
360 2100 566 2142 Dioptricam
590 2101 765 2132 referenda
791 2110 880 2135 esse;
907 2109 1007 2142 quare
1033 2100 1134 2131 etiam
1150 2099 1287 2141 Kepleri
1311 2100 1557 2141 responsionem
1573 2100 1651 2133 illuc
1674 2101 1855 2134 referimus.

231 2146 404 2179 Conclusio
429 2148 597 2180 literarum
623 2151 656 2179 et
682 2147 794 2179 datum
822 2147 952 2179 desunt.
1000 2146 1078 2179 Jam
1101 2147 1199 2178 misso
1225 2146 1387 2179 Vickenio
1412 2147 1455 2180 ad
1480 2147 1561 2179 alios
1585 2149 1773 2181 transimus.

235 2205 566 2247 Christophorus
591 2205 908 2248 HegulontiuS,
937 2202 1025 2245 (vide
1050 2203 1151 2245 infra)
1177 2205 1325 2247 Anglus‚
1352 2205 1455 2247 pridie
1480 2205 1596 2238 Nonas
1620 2206 1716 2239 Febr.
1746 2205 1836 2239 1605
1861 2207 1947 2240 haec

137 2252 281 2294 Keplero
307 2253 459 2295 scripsit:
502 2253 700 2286 Doctissime
725 2253 790 2284 vir!
826 2253 1004 2284 Tabellarii
1027 2252 1124 2293 hujus
1151 2253 1234 2284 adeo
1265 2257 1397 2294 praeter
1431 2263 1560 2286 omnem
1593 2255 1857 2296 expectationem
1881 2255 1947 2287 dis-

141 2310 255 2333 cessus
291 2301 416 2333 subitus
448 2311 514 2332 non
545 2311 600 2333 me
625 2302 702 2332 sinit
726 2301 829 2332 fusius
854 2300 897 2332 ad
922 2304 955 2331 te
989 2300 1148 2337 scribere,
1186 2304 1223 2331 ut
1252 2300 1370 2332 vellem
1404 2305 1439 2332 et
1469 2305 1506 2332 ut
1529 2310 1658 2343 semper
1679 2302 1757 2334 mihi
1781 2303 1815 2334 in
1841 2303 1950 2335 animo

137 2347 219 2385 fuit,
259 2357 298 2379 ex
323 2358 385 2390 qno
409 2349 548 2389 primum
573 2348 794 2380 astronomica
826 2351 899 2380 tua
925 2347 1101 2388 Optica,
1141 2347 1294 2379 nundinis
1318 2348 1490 2389 postremis
1514 2348 1731 2391 pervulgata,'
1765 2350 1808 2382 ad
1831 2358 1950 2382 manns

138 2401 267 2426 nostras
291 2395 450 2436 pervenit.
501 2395 591 2436 Opus
616 2395 757 2437 quidem,
784 2399 821 2427 ut
846 2395 950 2427 doctis
976 2395 1124 2426 omnibus
1149 2395 1382 2436 gratissimum,
1411 2396 1460 2428 ita
1485 2393 1529 2436 (si
1553 2396 1639 2437 quod
1663 2396 1873 2438 aliud-hujus
1889 2406 1947 2439 ge-

138 2440 239 2482 neris)
266 2443 427 2474 communi
453 2444 596 2474 omnium
620 2442 929 2475 mathematicorum
955 2441 1112 2483 suffragio
1137 2441 1409 2474 laudatissimum.
1463 2441 1551 2474 Nam
1576 2443 1637 2474 etsi
1661 2443 1756 2475 multi
1780 2444 1815 2476 in
1840 2448 1944 2476 astro-

139 2490 252 2521 nomia
275 2489 380 2521 multa
405 2491 646 2531 conscripsere,
672 2494 803 2526 tamen,
829 2493 867 2521 ut
892 2489 978 2531 quod
1002 2498 1113 2520 verum
1138 2492 1189 2520 est
1214 2488 1313 2521 libere
1338 2489 1510 2531 profitear,
1541 2489 1741 2531 reliquerunt
1764 2499 1840 2523 eam
1863 2500 1949 2532 pene

140 2546 251 2568 omnes
275 2535 421 2569 tenebris
447 2538 648 2569 densissimis
675 2538 925 2574 circumfusam,
958 2546 999 2568 ex
1031 2537 1146 2577 quibus
1180 2540 1217 2568 tu
1241 2537 1380 2577 primum
1405 2545 1557 2579 agressus
1583 2545 1618 2569 es
1650 2537 1756 2578 ipsam
1781 2538 1816 2569 in
1839 2537 1949 2570 lucem

141 2584 320 2616 vindicare.
371 2584 421 2616 Tu
447 2585 534 2616 enim
558 2595 624 2616 non
650 2585 753 2616 solum
780 2584 961 2616 eruditione
986 2584 1078 2615 varia
1102 2584 1299 2619 instructus,
1337 2584 1396 2616 sed
1429 2587 1464 2615 et
1494 2584 1696 2625 experientia
1719 2584 1890 2626 multiplici
1914 2590 1949 2617 et

142 2631 369 2663 observatione
397 2631 540 2672 adjutuS‚
568 2632 778 2664 difficultates
804 2641 917 2663 omnes
942 2631 1040 2662 facile
1065 2631 1240 2672 superasti,
1267 2640 1341 2662 cum
1367 2630 1407 2662 de
1430 2630 1691 2668 resi-actionibus,
1718 2631 1758 2663 de
1783 2632 1870 2664 visus
1893 2641 1947 2664 ra-

140 2678 239 2717 tione,
268 2678 307 2710 de
333 2678 405 2709 luce
431 2678 592 2715 siderum,
620 2679 659 2711 de
686 2679 854 2720 eclipsium
879 2678 1127 2715 observatione,
1155 2678 1195 2710 de
1219 2678 1439 2719 parallaxibus
1471 2681 1505 2709 et
1528 2677 1659 2719 reliquis
1681 2677 1777 2719 hujus
1802 2679 1948 2711 sublimis

141 2726 304 2757 scientiae
328 2726 450 2756 intimis
477 2727 606 2757 arcanis
634 2726 716 2758 adeo
743 2726 831 2758 clare
856 2725 1102 2766 philosophatus
1129 2726 1184 2762 sis,
1210 2730 1248 2757 ut
1272 2725 1339 2758 fere
1364 2724 1444 2756 nihil
1468 2726 1631 2756 intactum
1645 2725 1815 2767 reliquisse
1831 2725 1944 2758 videa-

142 2772 203 2808 ris,
242 2772 328 2814 quod
354 2772 397 2804 ad
421 2772 509 2804 hanc
535 2777 639 2805 artem
666 2773 748 2805 adeo
775 2773 917 2804 divinam
944 2772 1211 2813 amplificandam
1242 2772 1293 2804 vel
1317 2771 1473 2813 physicae
1505 2771 1555 2804 vel
1581 2772 1711 2812 opticae
1742 2777 1777 2804 et
1801 2773 1947 2815 reliquae

141 2819 328 2851 matheseos
352 2819 498 2850 thesauri
515 2821 722 2861 suppeditare
747 2824 893 2861 possunt.
945 2818 1053 2858 Quam
1078 2820 1118 2850 ob
1135 2828 1216 2855 rem,
1242 2820 1269 2851 si
1294 2818 1437 2851 antehac
1462 2827 1547 2850 mors
1563 2818 1742 2851 immatura
1757 2820 1948 2852 nobilissimi

142 2865 305 2905 Tychonis
330 2875 442 2897 omnes
468 2868 687 2899 astronomiae
713 2867 860 2898 alumnos
884 2866 1067 2898 incredibili
1090 2876 1176 2907 pene
1201 2866 1310 2898 dolore
1336 2865 1460 2903 affecit,
1486 2866 1520 2896 in
1543 2865 1607 2897 hoc
1632 2874 1713 2898 sane
1738 2877 1804 2898 non
1821 2868 1947 2899 minore

142 2913 263 2953 gaudio
288 2923 324 2945 se
348 2916 513 2945 recreatos
539 2916 700 2951 sentiunt,
739 2914 984 2946 lucubrationes
1011 2915 1081 2954 ejus
1116 2918 1275 2955 tanquam
1299 2913 1417 2944 liberos
1442 2916 1579 2954 parente
1603 2914 1729 2954 proprio
1755 2914 1886 2946 orbatos
1911 2914 1947 2946 in

143 2960 283 2991 tutelam
307 2961 436 3001 patroni
460 2964 529 2991 tam
556 2962 726 2993 exercitati
751 2966 785 2993 et
809 2961 914 2993 fidelis
940 2960 1120 2992 devenisse.
1171 2960 1215 2991 Et
1239 2964 1328 2992 certe
1352 2960 1478 3001 gratias
1502 2960 1562 2991 tibi
1580 2969 1647 2991 non
1662 2961 1816 2994 minimas
1833 2969 1946 2993 omnes

142 3005 300 3038 debemus
326 3011 360 3038 ct
382 3006 561 3045 habemus,
598 3008 683 3050 quod
707 3008 867 3040 theoriam
892 3007 1009 3039 Martis
1033 3008 1176 3039 numeris
1208 3008 1275 3039 suis
1301 3007 1486 3038 absolutam
1519 3007 1708 3048 propediem
1732 3008 1825 3040 nobis
1849 3008 1944 3050 polli-

145 3054 244 3091 ceris;
284 3057 334 3085 est
359 3054 445 3086 enim
469 3054 523 3086 ille
548 3056 634 3088 inter
659 3056 816 3088 erraticas
843 3055 987 3087 omnium
1009 3055 1152 3087 maxime
1175 3055 1210 3086 in
1236 3054 1356 3086 tabulis
1382 3054 1425 3086 ab
1448 3054 1518 3095 ipso
1545 3054 1635 3086 coelo
1661 3054 1831 3088 deficiens.
1868 3055 1947 3097 Ipsa
