2028 3242
134 78 219 120 258
865 76 1027 118 Apologia.
1050 75 1213 116 Tychonis

135 189 177 224 et
206 184 369 224 Lunae:
404 182 518 234 quasi
550 194 626 221 non
661 194 785 233 aeque
819 181 868 222 de
901 187 952 229 d,
996 181 1047 229 Q,
1092 183 1120 231 ζὲ
1152 194 1199 221 ac
1231 182 1279 221 de
1314 179 1367 231 Θ
1401 186 1444 221 et
1473 182 1507 228 D
1543 182 1606 222 vel
1638 181 1805 225 Eudoxo
1835 181 1946 233 prius

135 242 389 284 constitisset
420 242 469 280 de
502 240 751 292 digressione
796 241 935 281 horum
968 240 1270 280 evidentissima
1302 240 1352 280 ab
1373 245 1611 293 aequatore:
1653 246 1695 280 et
1720 241 1832 293 quasi
1866 248 1944 280 no‘n

130 301 294 342 zodiaco
327 300 474 340 circulo
507 299 686 351 singulos
719 313 789 352 pro
822 300 990 351 singulis
1022 300 1198 351 planetis
1223 299 1415 339 Eudoxus
1447 299 1736 348 subordinavit,
1770 299 1835 352 qui
1870 299 1943 339 de—

132 353 358 401 clinationis
391 359 497 399 illius
530 359 770 399 varietatem
803 359 1026 406 efficerent;
1061 364 1130 398 aut
1164 359 1276 411 quasi
1311 371 1438 410 neque
1460 357 1655 411 Calippus
1687 358 1943 399 animadver.-

132 419 244 468 terit,
290 416 317 469 b
357 424 399 458 et
436 418 475 467 li
507 431 632 470 aeque
675 424 794 471 atque
834 424 991 458 ceteros
1031 417 1056 458 5
1092 418 1261 458 diversis
1305 417 1551 470 temporibus
1589 417 1856 470 inaequaliter
1893 418 1944 458 ab

131 483 347 530 aequatore
387 478 551 517 distare.
616 479 756 530 Itaque
797 490 883 518 cum
929 477 1027 517 nihil
1058 490 1130 529 pro
1163 490 1206 516 se
1238 477 1528 517 Fracastoreus
1567 477 1736 526 habeat,
1782 481 1945 528 praeter

130 549 314 577 numeros
353 542 560 576 secuturos
608 549 754 588 eosque
793 537 903 576 varie
936 535 974 575 in
1002 536 1296 588 exemplaribus
1329 537 1591 588 depravatos,
1637 536 1712 576 hoc
1750 535 1790 577 in
1821 548 1944 576 causa

130 609 290 637 manere
322 595 520 643 existimo,
556 596 654 635 duos
685 596 962 636 tantummodo
983 594 1070 635 Soli
1102 601 1144 635 et
1163 596 1301 635 Lunae
1334 596 1452 635 orbes
1485 609 1509 635 a
1543 594 1714 648 Calippo
1747 595 1940 648 adjectos,

130 668 207 695 nou
251 660 437 707 quatuor,
483 655 522 694 h.
558 667 595 694 e.
636 655 775 706 cuique
818 667 956 703 unum3
1003 654 1182 694 additum
1214 667 1308 695 vero
1353 654 1521 706 singulis
1560 667 1610 694 ex
1648 654 1818 707 quinque
1867 666 1944 694 non

130 713 408 754 declinationis
449 720 519 753 aut
550 714 794 762 latitudinis,
834 714 907 753 sed
945 713 1259 753 eccentricitatis
1297 714 1528 754 efficiendae
1561 727 1697 754 causa.
1763 713 1944 753 Videant

131 773 217 822 alii,
264 786 314 812 an
348 773 436 812 sola
466 786 719 813 numerorum
744 773 959 813 concordia
990 772 1181 820 sufficiat,
1226 778 1270 812 ut
1293 778 1542 822 statuamus,
1582 772 1786 825 cognitam
1817 772 1942 813 fuisse

130 831 299 884 Calippo
341 832 538 883 geminam
571 832 609 871 in
643 833 758 872 Luna
803 831 1152 884 inaequalitatem,
1199 831 1252 871 ad
1283 831 1395 883 cujus
1427 837 1602 872 motuum
1642 831 1940 873 similitudinem

130 891 251 931 etiam
293 890 401 930 Solis
452 891 781 943 inaequalitatem
825 891 1023 943 geminam
1071 890 1224 930 fecerit.
1293 891 1461 930 Manent
1503 889 1625 942 igitur
1668 890 1743 931 hac
1786 891 1941 931 ratione

124 948 150 1000 B
184 955 225 989 et
254 950 294 998 ‘li
326 950 443 989 orbes
476 949 680 1002 quaterni,
727 956 777 998 ό,
813 953 858 1001 ζ,
901 950 932 997 Q
966 950 1130 990 veniunt
1161 950 1278 989 orbes
1311 949 1436 1002 quini,
1477 947 1529 1000 Θ
1559 955 1602 990 et
1629 951 1664 997 D)
1706 949 1850 991 infimis
1882 949 1942 999 (in

128 1009 391 1048 Aristotelico
426 1009 685 1060 sphaerarum
710 1010 869 1057 ordine)
910 1008 1050 1049 itidem
1077 1008 1273 1061 quaterni.
1304 1009 1431 1049 .Hinc
1470 1009 1539 1049 lux
1570 1009 1736 1054 affertur
1772 1009 1941 1050 obscuro

124 1067 359 1108 Aristotelis
393 1068 479 1107 loco
519 1068 587 1107 lib.
622 1069 675 1108 II.
716 1069 764 1108 de
804 1069 915 1108 coelo
954 1081 1043 1120 cap.
1082 1067 1148 1109 12.
1211 1068 1285 1108 Ait
1316 1068 1370 1108 ibi
1403 1067 1668 1109 Aristoteles:
1713 1068 1812 1122 „qui
1847 1068 1940 1123 pla·-

128 1132 245 1167 netae
278 1127 450 1167 medium
483 1132 665 1172 teneant,
712 1141 781 1167 eos
812 1127 991 1179 pluribus
1030 1128 1204 1167 motibus
1237 1127 1376 1168 cieri.“
1437 1128 1592 1180 Nempe
1625 1127 1689 1168 hic
1719 1132 1773 1176 d,
1806 1129 1856 1179 ζῖ,
1891 1126 1940 1177 ῼ,

125 1186 246 1226 medii
278 1187 493 1226 secundum
525 1187 811 1236 Aristotelem,
846 1186 975 1239 quinis
1008 1187 1182 1227 motibus
1216 1186 1383 1235 cientur,
1415 1183 1442 1237 b
1475 1191 1517 1227 et
1545 1185 1587 1235 ‘ll-
1606 1185 1777 1236 summi,
1812 1183 1866 1237 Θ
1900 1191 1943 1226 et

126 1246 159 1291 3)
202 1245 287 1294 imi,
329 1246 535 1297 quaternis
574 1251 745 1286 tantum.
809 1244 898 1291 Quo
938 1247 1002 1286 vel
1041 1247 1126 1286 solo
1168 1247 1253 1285 loco
1294 1251 1436 1285 nostra
1472 1244 1753 1298 interpretatio
1798 1250 1942 1286 contra

125 1306 433 1344 Fracastoreum
465 1305 649 1346 munitur.
712 1306 919 1345 Hactenus
952 1317 1047 1356 ergo
1080 1318 1198 1345 unam
1230 1309 1387 1356 partem
1417 1305 1614 1357 propositi
1639 1305 1701 1345 sui
1733 1304 1942 1357 expedivit

126 1363 390 1410 Aristoteles,
433 1364 524 1403 dum
557 1377 678 1416 supra
710 1364 787 1404 sibi
819 1364 1026 1415 proposuit
1065 1364 1417 1416 ‚,interrogandos‚
1458 1364 1523 1417 qui
1561 1365 1660 1405 haec
1691 1363 1940 1417 inquirunt.“

125 1423 219 1462 Jam
252 1422 430 1474 sequitur
462 1424 593 1463 altera
624 1436 743 1475 pars;
787 1423 948 1467 dicebat
979 1436 1148 1476 namque
1181 1423 1356 1474 „partim
1395 1423 1472 1463 sibi
1504 1423 1773 1476 quaerendum
1803 1423 1939 1464 essef‘

125 1482 264 1532 Itaque
298 1482 411 1521 addit
444 1482 501 1528 (in
535 1483 715 1534 Metaph.
750 1483 825 1522 loc.
860 1481 970 1530 cit.):
1013 1483 1077 1531 „si
1110 1489 1243 1522 aut-em
1277 1495 1412 1522 omnes
1445 1482 1561 1522 simul
1597 1481 1756 1535 positae
1788 1481 1938 1525 debent

128 1541 416 1592 apparentibus
450 1542 700 1590 satisfacere,
736 1555 901 1581 necesse
934 1547 999 1582 est
1031 1541 1246 1582 secundum
1279 1554 1593 1594 unumquemque
1619 1542 1827 1594 planetam
1847 1554 1938 1581 esse

128 1599 230 1639 alias
264 1600 458 1650 sphaeras
492 1600 571 1640 una
595 1601 824 1652 pauciores,
860 1613 960 1652 quae
994 1602 1207 1642 revolvant
1239 1607 1279 1639 et
1311 1600 1363 1640 ad
1395 1601 1501 1640 idem
1532 1601 1751 1641 restituant
1782 1611 1939 1654 semper

128 1658 297 1710 primam
330 1659 542 1710 sphaeram
574 1661 720 1699 stellae
753 1660 856 1699 infra
889 1659 1119 1700 ordinatae:
1160 1660 1235 1699 hoc
1268 1659 1370 1699 enim
1401 1665 1522 1711 pacto
1557 1661 1686 1700 solum
1715 1658 1937 1712 continget,

126 1718 379 1769 planetarum
411 1725 543 1758 motus
576 1724 787 1770 praestare
820 1719 970 1767 omnia,
1013 1732 1113 1770 quae
1146 1719 1388 1771 apparent-.“
1448 1718 1525 1758 Hic
1557 1731 1620 1759 me
1652 1717 1842 1762 aliorsum
1872 1717 1937 1759 in-

127 1777 342 1816 clinantem
382 1778 674 1817 Fracastoreus
719 1777 757 1816 in
796 1778 903 1817 viam
947 1778 1126 1817 reduxit:
1170 1778 1350 1830 quamvis
1394 1777 1433 1818 in
1476 1777 1711 1830 quibusdam
1753 1777 1805 1818 ab
1849 1777 1936 1832 ipso

127 1835 342 1875 etiamnum
374 1835 624 1884 dissentiam,
661 1849 825 1888 quorum
857 1837 931 1876 hoc
963 1837 1132 1888 primum
1164 1842 1239 1884 est,
1273 1837 1377 1888 quod
1409 1849 1510 1889 quae
1544 1837 1608 1878 hic
1641 1837 1691 1878 ab
1711 1832 1936 1878 Aristotele

126 1895 212 1945 ipso
247 1895 534 1934 subnectuntur
572 1895 850 1946 philosophica
881 1895 1023 1946 magis,
1058 1908 1174 1947 quam
1195 1895 1477 1944 astronomica,
1512 1897 1596 1948 ipse
1622 1896 1746 1938 etiam
1765 1894 1936 1948 Calippo

126 1953 283 2000 tribuit,
333 1954 436 2004 quod
481 1954 777 1994 inconsiderate
817 1955 979 1994 factum.
1043 1956 1184 2007 Itaque
1222 1954 1414 1995 Eudoxus
1457 1960 1499 1994 et
1531 1953 1726 2008 Calippus
1765 1955 1937 1998 totidem

128 2012 332 2063 ponebant
376 2012 413 2051 in
453 2013 620 2064 singulis
662 2014 917 2064 planetarum
955 2014 1137 2064 sphaeris
1175 2013 1312 2062 orbes,
1359 2019 1454 2065 quot
1492 2019 1668 2055 motuum
1709 2013 1933 2055 varietates

129 2071 527 2121 deprehendebantur
559 2071 597 2110 in
632 2072 763 2111 stella.
826 2072 1074 2112 Aristoteles
1113 2072 1374 2124 philosophus
1413 2072 1538 2113 utitur
1570 2073 1771 2114 axiomate
1801 2072 1934 2125 philo-

127 2129 311 2180 sophico,
357 2130 571 2181 superioris
613 2138 764 2170 motum
807 2131 1003 2182 sphaerae
1043 2130 1325 2171 communicari
1366 2130 1455 2171 oum
1494 2131 1769 2182 inferioribus,
1816 2131 1935 2184 idque

128 2194 245 2240 raptu
278 2189 465 2240 quodam,
507 2194 550 2228 ut
581 2195 830 2241 quotcunque
863 2190 1037 2230 motibus
1077 2190 1248 2230 cieretur
1280 2190 1415 2242 aliqua
1446 2191 1647 2243 superior,
1693 2190 1862 2233 totidem
1892 2194 1936 2230 et

75 2286 77 2288 ,
127 2260 263 2286 omnes
296 2247 410 2295 illas,
451 2260 552 2300 quae
584 2247 690 2287 infra
722 2249 823 2288 hanc
857 2249 955 2296 siut,
999 2249 1119 2298 cieri,
1159 2249 1236 2288 nisi
1267 2250 1492 2289 renitantur
1528 2249 1688 2302 proprio
1733 2255 1776 2292 et
1812 2249 1934 2295 insito

79 2317 82 2328 ²
128 2306 299 2356 quodam
331 2313 462 2346 motus
494 2306 700 2358 principio.
764 2308 905 2360 Itaque
939 2308 1030 2360 quia
1063 2308 1236 2360 exempli
1266 2308 1403 2360 gratia
1433 2309 1535 2349 imus
1554 2305 1582 2359 l}
1603 2308 1710 2349 orbis
1735 2308 1856 2359 annis
1877 2305 1934 2351 30

127 2365 316 2413 circumit,
352 2372 538 2416 rapturus
572 2374 635 2405 est
665 2367 836 2417 primum
866 2367 993 2416 Jovis,
1027 2373 1070 2407 ut
1097 2367 1130 2406 is
1150 2367 1317 2406 fixarum
1342 2373 1492 2408 motum
1511 2374 1685 2420 nequeat
1703 2368 1931 2409 observare.

129 2422 384 2475 Quapropter
425 2430 583 2476 oportet
622 2426 756 2464 orbem
794 2426 961 2476 primum
998 2426 1031 2474 U,
1070 2426 1106 2465 in
1142 2426 1383 2466 contrarium
1413 2427 1598 2475 tendere,
1640 2431 1685 2467 ut
1725 2426 1841 2468 annis
1874 2423 1932 2467 30

125 2483 247 2521 semel
280 2483 397 2522 imum
426 2484 587 2523 Saturni
622 2484 658 2523 in
693 2484 919 2536 oppositum
951 2491 1159 2536 percurrat
1191 2490 1233 2525 et
1264 2485 1321 2524 sic
1354 2486 1493 2534 eodem
1525 2486 1611 2525 loco
1638 2490 1815 2529 maneat.
1871 2485 1932 2524 At

129 2542 199 2579 hoc
231 2542 379 2592 primus
412 2542 450 2590 ’Ἀ
481 2549 689 2594 praestare
723 2544 871 2595 nequit,
907 2545 1029 2583 habet
1062 2544 1164 2584 enim
1191 2544 1298 2584 aliud
1320 2543 1504 2590 officium,
1535 2549 1580 2585 ut
1605 2550 1797 2596 sequatur
1816 2544 1930 2591 fixas,

129 2606 169 2637 et
202 2600 366 2639 Terram
406 2602 621 2641 circumeat
661 2602 768 2642 horis
802 2601 870 2643 24.
936 2603 1075 2655 Itaque
1114 2604 1427 2642 restituente
1465 2602 1528 2642 hic
1567 2614 1665 2654 opus
1698 2607 1782 2651 est,
1828 2608 1946 2655 quae*

126 2659 210 2696 loco
238 2660 388 2709 primae
409 2660 565 2706 Joviae,
599 2661 637 2700 id
671 2662 773 2713 quod
808 2662 1079 2702 necessarium
1101 2675 1189 2701 esse
1209 2662 1392 2709 diximus,
1427 2660 1588 2700 efficiat.
1650 2661 1776 2702 Porro
1797 2658 1949 2705 autem

127 2717 198 2754 hac
237 2718 475 2758 restituente
515 2721 564 2758 ab
598 2720 711 2759 unico
745 2729 852 2760 motu
890 2721 993 2760 imae
1027 2721 1242 2761 Saturniae
1282 2720 1490 2767 liberatur,
1538 2719 1684 2759 ceteris
1715 2719 1930 2762 Saturniae

127 2775 321 2824 sphaerae
361 2777 576 2818 etiamnum
614 2778 798 2818 obnoxia.
864 2778 1120 2831 Quapropter
1163 2779 1331 2819 totidem
1374 2777 1683 2820 restituentibus
1722 2790 1820 2831 opus
1854 2777 1931 2821 erit

125 2834 301 2881 proxime
335 2835 447 2874 infra*
469 2837 651 2888 sequenti
685 2838 777 2877 Jovi
811 2837 973 2889 ejusque
1005 2838 1131 2889 primo
1158 2837 1260 2886 orbi,
1295 2842 1392 2889 quot
1423 2837 1580 2876 omnino
1613 2837 1775 2881 orbibus
1807 2849 1929 2888 supe-

126 2890 204 2928 rior
235 2889 260 2940 5
295 2894 439 2934 fertur:
483 2895 562 2935 una
593 2896 734 2935 minus.
798 2892 1002 2937 Nam‘ubi
1039 2897 1170 2948 prima
1199 2896 1314 2936 Jovis
1354 2907 1426 2947 per
1457 2895 1717 2937 restituentes
1756 2895 1931 2940 liberata

128 2948 245 2987 fuerit
286 2952 334 2989 ab
369 2951 458 2991 aliis
491 2953 655 2993 Saturni
688 2955 879 3003 motibus,
921 2955 1094 2995 obnoxia
1128 2961 1262 2997 tamen
1302 2954 1429 2995 adhuc
1460 2953 1610 3005 primae
1642 2951 1688 3005 Β,
1720 2967 1798 2997 non
1830 2967 1928 3007 opus

125 3014 190 3050 est
221 3008 330 3047 illam
363 3010 482 3049 etiam
521 3012 571 3050 ab
605 3013 721 3063 hujus
754 3020 862 3052 motu
901 3014 1082 3054 liberari:
1123 3026 1211 3054 cum
1242 3013 1445 3064 utriusque
1484 3013 1588 3054 idem
1630 3017 1763 3057 motus,
1800 3013 1855 3058 sit
1886 3017 1929 3056 et
2000 3051 2003 3054 .

125 3067 344 3106 communis
378 3069 572 3118 sphaerae
605 3071 784 3111 fixarum.
848 3071 1192 3118 Quemadmodum
1228 3071 1350 3123 igitur
1379 3071 1509 3124 prima
1539 3068 1566 3122 B
1598 3076 1748 3113 motum
1778 3071 1939 3130 nullum·
