2028 3242
1512 27 1538 48 ο

131 78 217 122 292
930 76 1144 109 Prooemium.

130 185 329 236 plerisque
360 182 489 234 iisque
522 182 628 222 haud
659 180 874 221 levioribus
906 181 1080 221 maxima
1105 180 1420 234 gravissimaque
1447 193 1542 233 pars
1563 180 1832 222 astronomiae
1864 180 1940 220 ha-

132 244 303 283 hex-etur.
366 239 459 286 Qua
495 240 650 280 ratione
683 240 853 280 officium
887 253 999 280 suum
1031 245 1244 280 exsecutus
1278 240 1349 289 sit,
1396 253 1473 292 qua
1515 246 1648 280 mente
1681 239 1943 291 astrologiam

131 301 206 352 ipsi
238 301 477 351 imperatam
507 299 759 347 tractaverit,
793 312 881 338 cum
903 298 1147 339 Calendaria
1180 304 1218 338 et
1251 298 1550 351 Prognostica,-
1574 306 1658 339 tum
1690 311 1825 338 omnes
1858 298 1941 338 fere

130 359 256 412 ipsius
276 358 396 407 dibri,
442 358 482 398 in
513 358 639 410 iisque
677 357 889 410 praecipue
930 358 1029 397 liber
1060 358 1127 397 De
1161 357 1330 398 Stella
1348 358 1506 403 Nova,
1549 362 1762 398 testantur.
1826 355 1941 403 Quae

133 431 182 458 ex
242 416 496 468 astrologicis
547 417 796 456 vanitatibus
853 417 1063 456 retinenda
1100 416 1320 465 censuerit,
1383 417 1503 468 paulo
1544 421 1758 470 postquam
1801 428 1942 456 munus

132 476 395 525 „Astronomi
429 474 650 516 Caesarei“
693 481 837 515 nactus
883 480 964 524 est,
1011 476 1115 527 quod
1158 488 1298 515 munus
1342 475 1560 527 imperator
1609 474 1848 526 Rudolphus
1885 474 1938 515 11.

131 549 203 588 par
231 535 435 588 judicasse
467 535 626 574 videtur
657 533 808 573 muneri
839 533 1124 586 ‚,Astrologi,“
1158 548 1204 574 ea
1236 535 1360 574 refert
1391 534 1562 583 libellus,
1597 546 1712 587 quem
1738 532 1943 585 inscripsit

140 593 429 645 „Astrologiae
487 593 791 632 fundamenta.“
867 591 1080 642 Omnibus,
1137 606 1237 645 quae
1284 594 1357 632 hac
1405 593 1454 633 de
1492 605 1534 633 re
1579 592 1744 644 scripsit
1785 591 1939 644 Keple-

133 666 221 701 ruS,
264 652 369 692 inter
408 665 451 691 se
497 652 761 703 comparatis,
820 657 996 691 mentem
1042 651 1128 703 ejus
1174 652 1348 691 assecuti
1403 665 1493 692 esse
1539 651 1741 696 videmur,
1796 650 1831 690 si
1883 650 1943 691 ita

138 711 333 751 statuisse
367 724 456 750 eum
490 711 674 750 dicimus:
715 711 828 750 Inest
860 710 1007 750 Terrae
1049 711 1181 750 anima
1219 711 1432 762 quaedam,
1474 710 1743 764 comparanda
1774 713 1942 750 naturae

139 770 357 818 (Instinkt)
391 769 632 817 animalium,
667 768 894 820 perceptrix
925 774 1105 821 motuum
1123 769 1370 809 coelestium.
1431 769 1574 810 Eidem
1592 769 1748 809 animae
1781 768 1941 808 occulta

134 829 291 869 ratione
325 829 560 880 conjunctae
595 834 687 867 sunt
707 828 855 867 Terrae
889 828 1070 867 soboles:
1112 828 1304 877 homines,
1339 828 1549 876 animalia,
1573 828 1752 880 plantae.
1816 826 1941 868 Com-

133 892 316 927 movetur
352 887 452 926 hacc
485 886 619 926 anima
660 886 1033 926 constellationibus
1073 887 1312 927 harmonicis
1343 886 1627 938 planetarum.‘
1672 885 1940 927 Harmonicae

134 952 270 986 autem
301 945 396 985 illae
431 950 544 990 sunt,
586 958 686 997 quae
713 946 958 997 respondent
996 945 1247 997 aliquatenus
1286 945 1530 986 sectionibus
1569 945 1740 986 chordae
1774 945 1938 985 harmo-

136 1006 259 1050 nicis,
292 1005 367 1044 hoc
400 1009 463 1044 est
496 1004 529 1044 si
555 1005 742 1056 planetae
775 1004 857 1044 bini
888 1004 925 1043 in
959 1004 1105 1044 circulo
1137 1005 1252 1050 ficto,
1286 1017 1400 1056 quem
1433 1005 1503 1045 Sol
1536 1017 1665 1045 annuo
1697 1008 1810 1044 motu
1839 1016 1938 1044 con-

130 1065 224 1112 ficit,
246 1064 351 1103 inter
371 1075 458 1103 sese
481 1063 635 1102 distant
654 1063 869 1103 intervallo
901 1060 972 1108 0⁰,
1005 1061 1062 1104 30
1077 1061 1103 1112 ⁰,
1139 1060 1194 1104 36
1210 1062 1236 1112 ⁰,
1272 1060 1328 1104 60
1342 1061 1370 1112 ⁰,
1404 1062 1460 1104 72
1475 1060 1502 1112 ⁰,
1525 1062 1582 1106 90
1597 1061 1625 1112 ⁰,
1651 1061 1733 1104 108
1746 1060 1776 1111 ⁰,
1810 1060 1892 1104 120
1910 1058 1938 1111 ⁰,

136 1121 217 1164 135
234 1119 261 1171 ⁰,
301 1118 382 1163 144
398 1119 424 1170 0,
464 1120 546 1162 180
563 1119 589 1171 0,
625 1122 709 1162 sive
741 1127 857 1174 parte
891 1121 1093 1167 circuliO‚
1138 1117 1230 1175 ’ΛΜ
1276 1118 1366 1177 Ἀθ,
1409 1118 1479 1177 7⁶,
1522 1119 1592 1177 7⁶,
1634 1118 1699 1176 Ἀ,
1742 1115 1832 1175 01η,
1876 1116 1937 1175 Ἰ,,

140 1178 211 1235 Ἲε,
253 1176 323 1235 'ss’
370 1176 431 1234 ¹l2·
495 1180 759 1233 Praecipuam
799 1181 879 1220 vim
919 1181 1071 1221 babent
1101 1182 1177 1222 hae
1210 1181 1542 1223 constellationes
1583 1182 1621 1222 in
1654 1181 1940 1221 commovenda

131 1245 306 1289 „natura
337 1239 573 1279 sublunari“
606 1253 730 1292 eaque
764 1240 976 1280 commotio
1009 1245 1179 1292 apparet
1211 1254 1299 1281 cum
1331 1240 1618 1282 mutationibus
1637 1243 1938 1292 tempestatum,

128 1305 224 1349 tum,
259 1312 359 1352 quae
393 1312 480 1339 cum
511 1299 573 1339 his
607 1299 836 1347 cohaerent,
867 1299 1095 1351 plantarum
1126 1299 1384 1340 incrementis
1416 1305 1458 1339 et
1488 1299 1718 1349 sterilitate,
1749 1305 1835 1339 tum
1863 1297 1938 1338 de-

127 1358 245 1411 nique
289 1358 492 1398 hominum
537 1358 748 1398 affectibus
793 1364 835 1398 et
878 1363 1035 1398 natura.
1101 1357 1206 1399 Sunt
1239 1364 1371 1399 autem
1412 1359 1451 1398 hi
1485 1359 1650 1400 effectus
1683 1356 1940 1408 „radiorum“

129 1417 446 1457 harmonicorum
486 1430 563 1456 non
599 1417 740 1469 quovis
781 1422 966 1472 tempore
1001 1417 1139 1465 iidem,
1185 1418 1257 1458 sed
1289 1417 1452 1470 saepius
1482 1417 1601 1466 nulli,
1644 1417 1710 1457 vel
1741 1416 1830 1466 alii,
1874 1416 1938 1456 vel

133 1477 255 1517 etiam
301 1476 491 1516 contrarii
522 1476 734 1528 prioribus.
797 1476 922 1517 Adsit
964 1489 1129 1516 necesse
1174 1482 1238 1516 est
1269 1476 1484 1527 ,‚animae“
1517 1477 1624 1517 illius
1667 1476 1732 1516 vel
1769 1480 1936 1516 naturae

133 1535 379 1587 singularum
411 1548 541 1575 rerum
575 1535 787 1586 dispositio
821 1540 919 1587 apta
953 1536 1004 1575 ad
1025 1535 1296 1587 recipiendam
1316 1536 1428 1576 illam
1449 1536 1542 1576 vim.
1606 1534 1741 1581 Quare
1772 1546 1937 1587 prorsus

127 1601 253 1646 negat
283 1595 481 1645 Keplerus
514 1594 693 1646 praedici
723 1607 844 1646 posse
872 1594 970 1635 certi
998 1594 1090 1647 quid
1111 1607 1160 1634 ex
1180 1594 1260 1634 illis
1283 1594 1668 1644 constellationibus,
1701 1592 1938 1634 verisimilia

126 1658 285 1693 tantum
318 1666 423 1701 esse,
457 1666 558 1705 quae
591 1654 682 1693 inde
713 1654 923 1706 prodeant.
986 1653 1231 1693 Praesertim
1274 1654 1474 1694 hominum
1511 1653 1672 1706 ingenia
1709 1658 1751 1693 et
1780 1651 1936 1694 indoles

127 1717 314 1752 natorum
346 1717 547 1763 tempore,
590 1725 665 1764 quo
698 1712 1027 1752 constellationes
1060 1713 1153 1752 illae
1196 1712 1234 1751 in
1268 1713 1379 1753 coelo
1412 1717 1654 1765 appareant,
1692 1724 1770 1753 non
1802 1710 1932 1764 dirigi,

129 1771 202 1811 sed
234 1771 385 1811 moveri
417 1775 574 1810 tantum
606 1783 741 1811 earum
774 1771 814 1810 vi
846 1784 995 1811 arcana
1028 1777 1070 1811 et
1101 1771 1278 1823 disponi,
1313 1772 1348 1812 si
1380 1772 1484 1812 forte
1516 1772 1681 1812 eaedem
1712 1770 1934 1812 constella-

125 1830 277 1878 tiones,
312 1842 413 1880 quae
448 1835 626 1881 tempore
658 1835 799 1881 partus
831 1830 998 1879 fuerint,
1032 1836 1176 1882 postea
1206 1830 1352 1871 iterum
1384 1831 1625 1880 acciderint3
1647 1829 1834 1882 disponi,
1868 1827 1933 1869 in-

126 1900 256 1940 quam,
290 1901 367 1927 non
401 1889 632 1928 necessario
666 1889 755 1940 cogi
776 1889 827 1928 ad
858 1901 922 1928 res
942 1889 1153 1939 gerendas,
1188 1902 1288 1941 quae
1309 1889 1390 1930 illis
1411 1889 1785 1930 constellationibus
1805 1887 1934 1940 signi-

123 1947 305 1986 ficentur.
368 1946 430 1986 Ne
477 1952 741 1998 tempestates
784 1947 942 1999 quidem
981 1952 1091 1987 certo
1134 1948 1311 1999 praedici
1349 1961 1469 2000 posse
1510 1953 1677 1988 eventus
1714 1948 1935 2001 Keplerum

125 2005 271 2052 docuit,
309 2017 386 2056 qua
417 2018 458 2045 re
491 2012 622 2044 motus
656 2006 746 2046 inde
780 2006 830 2045 ab
864 2019 966 2045 anno
1004 2004 1114 2046 1607
1148 2007 1299 2055 „desiit
1330 2007 1589 2060 prognostica
1621 2007 1682 2055 (h.
1717 2020 1752 2047 e.
1780 2005 1933 2048 Calen—

124 2063 257 2110 daria)
293 2063 497 2102 scribere“
531 2063 693 2115 (Comp.
729 2065 868 2104 literas
900 2065 1065 2116 Kepleri
1098 2065 1148 2105 ad
1180 2065 1232 2104 D.
1255 2066 1480 2106 Fabricium
1512 2067 1630 2106 datas
1663 2066 1700 2106 d.
1739 2063 1805 2107 10.
1825 2066 1930 2107 Nov.

128 2120 259 2168 1608,
294 2134 367 2161 nec
400 2134 478 2161 non
510 2122 654 2162 librum
686 2123 944 2175 inscriptum:
986 2123 1145 2163 Tertius
1184 2124 1473 2165 Interveniens.
1503 2125 1622 2164 Thes.
1657 2123 1930 2172 CXXXIIL).

123 2180 210 2219 Hoc
235 2179 478 2220 Calendaria
510 2181 786 2221 conscribendi
817 2182 1020 2234 negotium
1055 2183 1182 2222 denuo
1216 2196 1453 2235 aggressum
1486 2196 1575 2224 esse
1595 2184 1814 2236 Keplerum
1833 2196 1869 2223 c.
1891 2195 1928 2222 a.

129 2235 261 2284 1617,
304 2252 424 2291 supra
457 2240 646 2288 diximus3
686 2247 870 2281 auctores
910 2242 1019 2281 fuere
1061 2242 1146 2280 sine
1186 2242 1304 2282 dubio
1345 2243 1504 2283 ordines
1537 2243 1707 2283 ducatus
1738 2241 1931 2282 Austriae

127 2297 359 2351 supe1·i01·iS‚
418 2311 580 2350 quorum
634 2305 727 2339 tunc
783 2300 822 2339 in
873 2300 1003 2353 operis
1055 2306 1156 2341 erat.
1233 2300 1422 2342 Ceterum
1472 2301 1553 2341 alia
1602 2299 1931 2354 ,‚prognostica‚“

124 2356 361 2396 nativitates
394 2357 560 2406 scilicet,
598 2371 697 2409 quas
731 2359 876 2410 singuli
909 2359 1086 2411 cujusvis
1120 2360 1277 2411 generis
1309 2360 1487 2400 homines
1521 2361 1570 2400 ab
1602 2361 1691 2412 ipso
1722 2358 1930 2413 petebant,

126 2416 358 2466 petentibus
391 2429 640 2468 nequaquam
673 2419 838 2469 negavit
869 2431 958 2458 eam
988 2419 1161 2458 maxime
1194 2419 1244 2458 ob
1277 2432 1459 2468 causam,
1492 2424 1536 2459 ut
1566 2419 1715 2459 victum
1745 2418 1823 2459 sibi
1851 2431 1930 2471 pa—

127 2479 235 2513 raret
266 2475 549 2515 necessarium.
613 2476 735 2516 Nulla
768 2478 850 2517 fere
883 2478 964 2517 alia
990 2489 1114 2517 causa
1144 2483 1292 2517 motum
1314 2478 1530 2530 Keplerum
1560 2477 1664 2517 hano
1684 2477 1930 2529 astrologiae

124 2537 282 2583 partem
315 2534 506 2581 coluisse,
540 2548 560 2574 e
592 2535 728 2574 multis
760 2535 913 2587 passim
945 2536 1069 2588 ipsius
1103 2536 1221 2576 dictis
1254 2543 1440 2588 apparet,
1486 2549 1507 2576 e
1540 2536 1682 2589 quibus
1725 2537 1802 2577 duo
1833 2542 1928 2577 tan·—

126 2596 209 2630 tum
247 2591 479 2632 testimonia
512 2594 717 2633 afferenda
748 2607 973 2643 censemus,
1009 2595 1179 2634 alterum
1211 2609 1231 2634 e
1273 2595 1402 2636 literis
1440 2596 1492 2635 ad
1523 2595 1784 2635 Maestlinum
1820 2595 1928 2635 datis

123 2649 232 2695 (vide
265 2663 386 2702 supra
423 2663 461 2702 p.
504 2650 597 2700 48.)
638 2653 882 2702 desumtum,
935 2654 1104 2693 alterum
1147 2667 1168 2693 e
1220 2654 1342 2694 libro:
1387 2653 1575 2703 „Tertius
1606 2654 1926 2694 Interveniens“.

123 2708 341 2748 Maestlino
375 2710 478 2749 dono
512 2711 611 2750 dans
643 2713 828 2763 poculum
862 2718 1113 2764 argenteum,
1162 2713 1266 2764 quod
1297 2712 1347 2752 ab
1378 2712 1667 2752 Herberstenio
1699 2717 1925 2766 acceperat,

124 2767 256 2806 addit:
302 2768 543 2819 Hujusmodi
582 2771 750 2822 aucupia
791 2784 883 2811 rara
924 2776 1028 2811 sunt.
1092 2770 1304 2819 Quamvis,
1350 2771 1394 2811 si.
1414 2771 1525 2811 Deus
1566 2771 1728 2811 cuilibet
1765 2771 1928 2812 animali

124 2825 233 2865 dedit
265 2826 531 2867 instrumenta
561 2829 669 2869 vitae
703 2831 1021 2875 conservandae,
1067 2843 1167 2882 quae
1205 2829 1355 2870 invidia
1391 2835 1477 2879 est,
1523 2829 1557 2870 si
1591 2830 1728 2870 eodem
1761 2830 1926 2870 consilio

123 2890 352 2924 astronomo
386 2887 570 2937 adjunxit
601 2889 890 2940 astrologiam?
951 2890 996 2929 In
1023 2889 1130 2942 thesi
1151 2889 1243 2928 VII.
1271 2889 1363 2929 libri
1394 2900 1509 2941 quem
1530 2888 1700 2931 diximus
1732 2889 1925 2941 legimus:

120 2940 176 2979 Es
210 2942 263 2981 ist
294 2945 367 2983 wol
400 2945 507 2984 diese
540 2947 776 2998 Astrologia
808 2949 870 2987 ein
901 2947 1128 2987 narrisches
1155 2947 1405 2995 Tochterlin,
1444 2947 1539 2986 aber
1567 2947 1691 2988 lieber
1713 2946 1834 2995 Gott,
1865 2959 1924 2988 wo
1988 2963 1989 2966 ¹

119 3000 215 3039 wolt
234 3001 295 3039 ihr
314 3002 480 3052 Mutter,
521 3005 582 3044 die
616 3005 984 3058 hochverniinfftige
1004 3006 1266 3046 Astronomia
1288 3005 1457 3055 bleiben,
1490 3018 1605 3046 wann
1626 3006 1683 3046 sie
1704 3006 1813 3047 diese
1838 3005 1924 3046 ihre
1986 3018 1987 3021 ¹

122 3058 327 3099 narrische
362 3062 535 3117 Tocliter
567 3064 628 3104 nit
659 3064 782 3107 hette.
847 3067 908 3106 Ist
940 3065 1042 3106 doch
1074 3065 1137 3105 die
1169 3065 1285 3105 Welt
1316 3065 1419 3105 noch
1450 3064 1530 3106 viel
1560 3065 1806 3116 narrisoher,
1844 3064 1926 3106 vnd
