1982 3268
392 463 899 558 ,tuorem
963 461 1522 535 snnuvoto

830 595 880 644 S.
953 596 1009 644 P.
1082 595 1144 646 D.

204 790 397 870 collecta
420 827 584 881 Kepleri
603 841 726 883 opera
744 840 817 870 nos
837 828 1014 870 edituros
1034 841 1125 870 esse
1142 828 1425 882 promittentes
1451 827 1551 867 haec
1581 824 1885 880 praemisimus:

192 898 360 941 'Gentes
388 898 638 940 humanitate
670 900 854 940 excultae
884 899 991 940 viros
1022 900 1208 952 egregios
1238 910 1316 939 non
1347 896 1616 939 monumentis
1648 900 1806 935 tantum
1838 907 1888 934 ex

84 980 177 1011 aere
207 974 279 1028 aut
307 967 440 1021 lapide
470 968 677 1022 exigendis
707 969 960 1011 honorandos
984 975 1150 1023 putant;
1192 970 1264 1010 sed
1308 969 1359 1009 ab
1390 967 1528 1008 inferis
1560 971 1755 1007 revocant
1786 978 1884 1018 pro-

81 1040 277 1093 ponendis
307 1039 376 1087 iis,
417 1052 518 1093 quae
548 1044 761 1093 gesserunt
789 1045 832 1080 et
863 1040 1116 1094 evigilarunt,
1154 1041 1405 1092 virorumque
1437 1039 1486 1079 de
1518 1037 1696 1078 colendis
1729 1049 1883 1088 augen-

82 1109 223 1164 disque
247 1109 376 1151 literis
406 1110 507 1151 bene
537 1109 767 1162 meritorum
797 1111 1028 1153 memoriam
1064 1111 1247 1169 recolunt
1290 1110 1402 1151 libris
1445 1121 1580 1149 eorum
1611 1107 1883 1160 divulgandis.

82 1180 204 1233 Apud
234 1177 377 1235 Gallos
407 1181 566 1233 quidem
597 1186 642 1222 et
669 1181 826 1234 Anglos
847 1183 1052 1235 Italosque
1078 1182 1140 1223 La
1157 1181 1299 1230 Placii,
1331 1179 1521 1229 Neutoni,
1555 1178 1731 1220 Galilaei
1763 1191 1886 1231 opera

82 1251 289 1304 magnifico
319 1256 527 1304 apparatu,
559 1251 843 1304 adjuvantibus
872 1252 1117 1305 principibus
1148 1258 1191 1293 et
1221 1251 1450 1300 academiis,
1490 1250 1633 1312 iterum
1664 1250 1884 1302 iterumque

81 1321 190 1375 typis
219 1327 411 1374 expressa
439 1328 547 1363 sunt.
608 1322 744 1376 Atque
781 1321 999 1372 Germani,
1042 1328 1191 1377 quanto
1234 1323 1368 1364 studio
1413 1326 1574 1362 nostros
1616 1320 1885 1362 recentiorum

78 1385 286 1432 uterium
315 1391 555 1441 conditores,
589 1398 737 1446 quanto
768 1394 926 1434 honore
948 1394 1056 1435 viros
1088 1394 1136 1434 de
1169 1393 1392 1434 excolenda
1432 1397 1551 1446 gente
1590 1391 1755 1433 meritos
1785 1392 1884 1443 pro-

82 1466 311 1517 sequantur,
344 1463 524 1503 collectis
544 1461 723 1513 Goetbii‚
745 1461 946 1514 Schilleri,
966 1463 1170 1517 Lessingii
1196 1464 1441 1517 aliorumque
1461 1462 1647 1516 operibns
1667 1465 1883 1501 testantur.

156 1534 159 1535 ⁷
200 1532 275 1587 ,Ine
305 1544 401 1573 vero
424 1534 659 1574 recentioris
690 1533 957 1574 astronomiae
988 1540 1128 1576 auctor
1159 1539 1202 1576 et
1231 1534 1426 1580 conditor,
1452 1533 1565 1586 cujus
1590 1544 1732 1594 nomen
1758 1530 1797 1570 in
1817 1542 1885 1570 ore

88 1606 156 1644 est
182 1601 375 1652 omnium,
418 1603 638 1657 quicunque
668 1616 877 1657 corporum
906 1605 1140 1646 coelestium
1168 1611 1323 1654 motus,
1365 1611 1419 1651 et,
1458 1595 1574 1658 quas'
1597 1603 1662 1644 hic
1693 1601 1884 1655 sequitur,

85 1672 219 1725 legum
249 1673 503 1726 aliquatenus
532 1675 646 1727 gnari
678 1679 781 1731 sunt,
814 1674 902 1728 pari
927 1676 1060 1717 studio
1086 1681 1129 1716 et
1151 1676 1300 1717 honore
1324 1675 1511 1728 indignus
1534 1672 1758 1715 habeatur?
1789 1671 1884 1712 Μο-

67 1747 272 1803 ‘numento
303 1743 460 1785 scilicet
488 1744 738 1786 Ratisbonae
769 1746 878 1786 facto
910 1746 1013 1787 satis
1054 1747 1277 1787 consultum
1313 1746 1454 1788 honori
1484 1742 1739 1797 Kepleri,
1774 1740 1881 1783 Ger-

86 1813 266 1854 manicae
296 1813 430 1866 gentis
461 1814 662 1867 dignitati,
694 1815 892 1857 desiderio
924 1829 1071 1866 eorum,
1106 1816 1171 1870 qui
1202 1817 1343 1857 literas
1372 1817 1515 1857 volunt
1545 1814 1634 1856 coli.

201 1883 262 1925 At
290 1884 456 1937 Kepleri
487 1897 627 1937 opera,
666 1892 754 1926 arte
798 1892 841 1927 et
871 1886 1083 1940 multiplici
1114 1887 1319 1937 doctrina,
1346 1885 1565 1928 meditandi
1596 1890 1638 1925 et
1670 1893 1882 1935 argumen-

83 1953 198 1994 tandi
226 1953 465 2001 subtilitate,
498 1956 685 1996 dictionis
715 1956 863 2009 partim
893 1958 1052 2009 poetico
1085 1958 1227 1998 ardore
1256 1956 1539 1998 incalescentis
1569 1954 1784 2008 elegantia,
1823 1952 1886 1993 fe·

86 2023 194 2064 stivo
223 2023 358 2077 lepore
390 2025 627 2078 facetiisque
658 2027 844 2080 insignia,
877 2027 1024 2068 libellis
1052 2028 1159 2077 istis,
1193 2028 1259 2080 qui
1284 2034 1421 2069 nostro
1448 2040 1548 2068 aevo
1574 2027 1779 2068 literarum
1804 2023 1887 2063 sci-

84 2093 182 2135 licet
209 2095 437 2136 amantibus
466 2098 801 2147 commendantur,
833 2099 1097 2150 praeferenda
1128 2111 1225 2139 sane
1257 2104 1352 2139 sunt
1382 2104 1427 2139 et
1454 2097 1583 2150 magis
1615 2096 1755 2148 digna,
1789 2107 1890 2147 quae

88 2163 355 2206 bibliothecas
383 2172 535 2215 ornent,
571 2173 613 2207 et
643 2168 739 2209 viris
770 2169 927 2209 illarum
956 2181 1088 2210 rerum
1118 2169 1308 2210 studiosis
1339 2169 1494 2222 aptiore
1510 2201 1520 2217 ,
1555 2180 1671 2221 quam
1704 2179 1783 2218 qua
1813 2164 1888 2204 du-

91 2234 220 2279 centis
243 2235 537 2288 quinquaginta
567 2238 682 2279 annis
713 2238 857 2279 abhinc
886 2237 1055 2292 primum
1087 2239 1128 2279 in
1159 2240 1288 2280 lucem
1318 2239 1571 2292 prodierunt,
1612 2238 1741 2278 forma
1771 2246 1888 2275 man-

91 2304 246 2345 dentur.
306 2305 476 2346 Praeter
504 2307 656 2360 primas
687 2309 883 2349 editiones
915 2324 940 2350 a
971 2309 1146 2362 Keplero
1185 2310 1274 2363 ipso
1312 2309 1522 2350 institutas
1552 2321 1631 2349 non
1661 2307 1779 2348 modo
1810 2317 1889 2345 non

90 2365 249 2415 eollffcti
279 2375 365 2428 ejus
395 2376 487 2416 libri
518 2389 588 2417 seu
618 2391 773 2428 omme,
808 2393 879 2420 seu
907 2379 1104 2432 potiores,
1136 2381 1226 2428 sed,
1258 2381 1399 2432 paucis
1429 2379 1632 2432 exceptis,
1665 2391 1714 2418 ne
1746 2374 1890 2427 singuli

91 2444 249 2498 quidem
279 2445 406 2486 denuo
437 2452 531 2486 suut
560 2448 667 2500 typis
699 2450 901 2501 exscripti.
947 2451 1060 2491 Unde
1088 2452 1249 2500 factum,
1281 2456 1326 2491 ut
1349 2450 1416 2490 vix
1446 2449 1528 2490 ulla
1552 2450 1607 2491 sit
1631 2446 1888 2493 bibliotheca,

91 2511 131 2555 iu
162 2528 242 2568 qua
272 2528 409 2557 omnes
442 2517 526 2568 ejus
558 2517 648 2558 libri
676 2519 938 2571 reperiantur.

117 2584 141 2605 ·”
201 2586 379 2626 Multum
416 2600 512 2627 sane
552 2600 696 2640 operae
733 2589 958 2642 laborisque
997 2590 1304 2631 consumendum
1342 2595 1431 2630 erat
1460 2590 1500 2630 in
1532 2587 1767 2641 colligendis
1797 2585 1889 2626 istis

94 2651 251 2709 quoquo
278 2668 419 2697 versus
449 2657 627 2710 disjectis
659 2658 857 2711 operibus,
888 2672 962 2700 nec
994 2660 1070 2700 nisi
1095 2662 1307 2702 multorum
1335 2673 1526 2701 annorum
1551 2660 1689 2700 labore
1714 2662 1759 2698 et
1775 2669 1887 2697 sum·-

92 2725 212 2767 tibus·
228 2738 293 2767 res
324 2726 376 2766 ad
406 2733 605 2776 eventum,
638 2741 751 2781 quem
778 2730 1068 2782 exoptavimus,
1100 2731 1374 2772 adductasest.
1414 2732 1594 2771 Insumto
1621 2734 1755 2770 autem
1774 2732 1888 2768 tauto

93 2795 228 2837 labore
258 2796 300 2836 id
330 2797 501 2850 egimus,
533 2804 598 2848 ut,
638 2800 818 2840 collectis
854 2801 921 2842 his
954 2802 1139 2854 operibus
1181 2806 1230 2859 εἰῇ
1254 2802 1291 2841 in
1325 2802 1492 2841 formam
1522 2801 1639 2854 hujus
1669 2798 1793 2847 seculi
1822 2797 1888 2838 in·
1917 2831 1924 2837 .

32 2908 34 2910 ,
94 2865 208 2917 genio
251 2866 380 2919 magis
423 2880 637 2921 congruam
679 2869 875 2919 redactis,
907 2871 996 2911 Viri
1038 2877 1202 2924 propter
1226 2871 1379 2924 »judicii
1421 2871 1688 2913 subtilitatem
1725 2874 1890 2910 aeterua

47 2945 67 2990 γ’
93 2936 283 2976 memoria
311 2936 422 2994 digni
451 2950 593 2979 nomen
624 2940 665 2980 in
696 2940 910 2981 illustriore
942 2947 1194 2982 monumento
1224 2954 1472 2994 poneremus.

210 3005 278 3045 Ad
307 3006 348 3046 id
380 3007 627 3050 efficiendum
657 3017 830 3063 quantae
861 3011 1120 3052 difficultates
1150 3018 1192 3052 et
1222 3012 1505 3066 impedimenta
1534 3012 1686 3054 homini
1715 3010 1886 3063 privato,

94 3076 316 3128 splendidis
340 3077 497 3119 auxiliis
517 3079 723 3130 destituto,
757 3083 982 3134 superanda
1006 3082 1171 3132 fuerint,
1203 3096 1318 3125 nemo
1344 3097 1420 3124 non
1447 3084 1659 3137 intelliget.
1705 3080 1886 3122 Vicimus
