2028 3242
1239 0 1337 34 '‘0¹5‘'
1396 0 1427 40 «λ’
1446 0 1451 9 ·
1487 0 1524 14 -v
1607 0 1617 12 σ
1630 0 1639 11 e
1734 0 1804 70 suf
1872 22 1880 34 ἱ
1923 0 1929 3 -
1951 0 1957 9 .
2022 5 2027 10 .

1396 39 1406 52 t
1844 46 1850 51 Ι
1953 34 1963 45 «

842 73 952 108 Nono
975 74 1129 108 Editor-is.
1382 36 1915 138 W'wli‘ssssst'fis'ssqglf)
1940 76 1957 98 t*
1983 97 2017 123 Ἣ

18 223 23 232 1
617 160 627 200 (
668 183 705 218 in
731 183 836 218 multi
1025 182 1035 191 ’
1134 182 1172 217 in
1225 182 1261 216 le
1283 181 1292 189 ⁶
1459 181 1559 217 nitus
1593 192 1724 217 caecos
1752 191 1835 216 esse
1849 179 1889 216 ‘3⁸‘

85 242 137 275 At
162 238 247 274 illos
275 241 335 274 tot
360 237 564 272 seculorum
591 235 826 288 experientia
852 240 990 277 tuetur,
1018 246 1113 282 quae
1140 235 1243 271 nullo
1271 245 1393 277 sensu,
1423 235 1525 271 nullo
1544 235 1785 271 instrumento
1811 245 1887 270 ma·

84 291 302 333 strematico,
342 291 449 326 nulla
473 289 628 326 rationis
655 289 871 324 deductione
897 299 1058 336 unquam
1085 287 1248 324 convinci
1275 291 1424 334 potest?
1477 288 1677 324 Praeclare
1705 299 1813 330 sane,
1846 292 1889 323 ut

71 333 1917 435 QQQQQQ
1932 322 2028 409 ³33²*-

84 409 196 443 Q..
442 396 450 404 '
525 422 535 437 ,
647 406 704 430 em
730 405 831 441 nega
862 406 931 430 one
959 399 997 430 te
1024 394 1231 429 universam
1263 398 1521 429 astronomiam
1549 397 1735 429 evertere.
1828 406 1865 430 ui
1992 395 1999 412 ⁴

85 451 200 498 igitur
226 451 358 486 laudas
386 449 612 496 Tychonem,
653 447 737 494 quid
773 447 957 493 praeclari
986 448 1035 482 ab
1063 447 1142 493 ipso
1182 447 1219 482 in
1247 447 1472 482 astronomia
1498 458 1650 492 sperare
1688 451 1816 493 potes,
1859 447 1889 482 si

87 509 148 545 ..te
175 515 248 539 non
275 503 372 538 latet
399 502 526 538 talium
553 501 734 536 rationum
762 500 981 536 incertitudo
991 500 1031 535 *Γ*
1089 501 1163 535 Cur
1180 500 1394 535 Ptolemaeo
1420 501 1465 534 de
1485 499 1734 541 concentricis,
1763 512 1890 535 eccen-

84 556 196 598 tricis‚
224 555 400 603 epicyclis
427 554 560 595 credis,
596 553 628 589 si
654 554 748 589 haec
780 553 1052 594 „instrumentis
1080 553 1198 594 cerni.
1228 557 1295 588 aut
1322 553 1400 587 ullo
1429 564 1539 588 sensu
1567 553 1627 588 vel
1655 553 1799 589 ratione
1827 554 1889 588 de-

84 608 285 657 pretends·
314 611 532 655 nequeunt?
587 606 680 648 Quid
707 607 849 642 habent
877 607 977 642 aliud
1008 606 1228 647 astronomi,
1257 617 1328 652 quo
1356 605 1393 640 in
1421 606 1667 652 cognitionem
1696 606 1889 641 distantia-

79 674 159 699 rum
177 661 330 698 veniunt
346 661 616 706 altissimasque
636 656 758 695 coelos
778 664 991 706 perrepunt,
1028 660 1096 695 nisi
1116 659 1361 695 instrumenta
1380 662 1474 694 sua?
1523 659 1662 700 Quibus
1686 659 1716 694 si
1734 663 1892 705 possunt

84 716 122 752 in
146 715 342 751 ‘stella-um
368 713 622 761 cognitioneur
642 719 760 748 motus
789 718 827 747 et
856 713 926 748 loci
953 696 1690 759 venire,Wcometarum.
1744 712 1824 748 Nec
1851 716 1890 748 te

12 780 27 791 s
81 768 141 804 hic
166 767 293 804 audiet
319 767 520 814 quisquam,
550 767 644 813 quod
672 766 739 801 illa
767 777 922 812 corpora
949 766 1160 802 constantia
1178 766 1263 807 sint,
1292 770 1412 801 motus
1430 765 1587 812 perfecti
1615 770 1654 801 et
1680 765 1888 812 regulares,

81 826 246 858 cometae
273 824 498 856 evanescant
524 825 564 855 et
589 824 776 866 vagentur
804 818 945 855 incerti.
1001 820 1096 856 Nam
1124 830 1195 866 quo
1224 830 1333 854 sensu
1375 823 1496 854 certas
1524 823 1687 863 motuum
1715 819 1822 864 leges
1850 818 1888 854 in

82 875 201 910 stellis
228 872 450 920 deprehendi
479 883 588 918 posse
617 871 744 913 credis,
772 873 899 907 eodem
918 873 1044 919 Tycho
1071 874 1218 908 easdem
1242 871 1278 907 in
1298 872 1448 908 cometis
1469 871 1691 918 deprehendi
1712 871 1885 907 affirmat,

81 928 161 963 Ait
185 927 216 963 Τ
261 927 361 968 οῙιο,
436 925 531 961 ritus
559 926 709 966 artifex,
761 925 798 960 ui
826 926 850 960 h
882 925 1032 961 ‘usmodi
1052 925 1270 961 observandi
1289 924 1494 961 calculandi
1662 936 1743 960 ores
1772 924 1888 960 totius
1949 940 2028 972 ,π

227 990 334 1016 vanis
464 989 507 1013 us
535 984 622 1014 ante
650 990 708 1013 om
739 984 922 1027 :peggfl
948 980 1165 1026 mefflgus,
1196 989 1253 1013 cui
1280 978 1316 1013 in
1339 978 1563 1014 astronomia
1579 977 1721 1013 versari
1739 976 1884 1014 minime
1963 978 2028 1017 ΣΤ.

79 1039 206 1075 vacat,
249 1044 309 1080 qm
351 1043 428 1067 rem
479 1042 686 1066 evissimam
724 1043 791 1066 nec
823 1031 943 1067 verbis
972 1032 1121 1079 dignam
1161 1044 1211 1067 ex
1238 1031 1308 1067 hac
1349 1031 1567 1067 observandi
1601 1031 1747 1066 ratione
1786 1030 1889 1066 facit.

80 1087 162 1123 Utri
189 1086 312 1133 potius
343 1086 559 1121 credendum
586 1085 683 1120 erit?
738 1087 796 1119 An
825 1084 912 1130 quia
934 1085 1261 1126 Maestlinum,
1292 1084 1378 1131 quia
1404 1081 1626 1120 Gem'mam
1656 1083 1822 1119 inscitiae
1850 1088 1892 1119 et

80 1139 252 1176 ruditatis
279 1139 317 1174 in
345 1139 574 1174 observando
602 1138 741 1184 arguis,
770 1138 842 1172 hac
869 1138 1254 1184 praetoria‘oratione
1282 1143 1320 1173 te
1348 1138 1445 1173 inter
1463 1137 1604 1183 peritos
1624 1138 1783 1173 artifices
1802 1148 1887 1173 con-

80 1193 232 1229 stituis?
284 1191 434 1228 Scilicet
460 1191 495 1226 id
523 1191 682 1238 populus
702 1195 817 1231 curat,
846 1196 983 1227 temere
1003 1192 1087 1238 quid
1120 1192 1278 1227 affirmes
1307 1202 1355 1226 an
1379 1192 1616 1226 demonstres.
1672 1191 1887 1226 Hauserunt

80 1252 205 1282 tamen
230 1245 288 1281 illi
313 1245 488 1280 decennio
516 1249 601 1290 post
629 1255 713 1279 suos
741 1244 889 1280 labores
916 1245 1125 1290 publicatos
1152 1249 1205 1280 ex'
1230 1251 1268 1280 te
1295 1249 1538 1290 praeceptore
1572 1244 1751 1279 rationem
1778 1250 1886 1290 sepa-

79 1299 185 1336 randi
222 1302 343 1334 motus
371 1302 535 1333 cometae
555 1297 712 1347 <proprii
748 1307 773 1332 a
799 1297 951 1344 negotio
990 1298 1257 1344 pmllaxeos?
1312 1298 1342 1333 Ο
1373 1296 1540 1342 miseros,
1579 1297 1644 1343 ‘qui
1671 1294 1743 1331 no'n
1783 1296 1885 1342 prius

81 1357 184 1388 tuam
211 1351 481 1398 Capnuraniam
499 1350 667 1385 viderint.
723 1351 826 1391 Quod
846 1350 915 1386 nisi
934 1355 1011 1386 tam
1029 1351 1253 1387 confidenter
1270 1356 1310 1386 te
1329 1354 1539 1396 pertaesum
1568 1355 1668 1385 esset
1701 1351 1885 1400 πολυρῤη-

78 1419 207 1454 repaus-
234 1404 513 1451 Tychoniauae,
543 1414 614 1438 non
636 1402 716 1447 jam
745 1415 809 1438 nos
839 1403 986 1450 pigeret
1004 1404 1115 1449 hujus
1135 1404 1300 1439 crambes
1322 1403 1377 1438 bis
1398 1414 1421 1438 a
1452 1407 1490 1437 te
1521 1407 1670 1449 coctae3
1701 1404 1746 1439 ad
1775 1414 1885 1450 quam

80 1458 135 1494 ita
161 1458 360 1505 diligenter
385 1461 426 1492 et
452 1457 566 1492 solide
594 1456 777 1501 Tychonis
806 1457 989 1503 apologia
1009 1456 1207 1503 respondit,
1228 1461 1279 1492 ‘ut
1306 1461 1347 1491 tu
1374 1455 1526 1491 verbum
1552 1455 1612 1491 hic
1641 1467 1710 1492 non
1733 1456 1883 1498 dixeris,

79 1513 173 1558 quod
202 1511 310 1546 isthic
336 1510 514 1546 intactum
533 1509 774 1555 relinquatur.
829 1509 993 1545 Vidisses
1011 1509 1073 1551 ibi,
1103 1522 1175 1546 non
1206 1510 1288 1545 ideo
1316 1509 1404 1556 quia
1422 1509 1546 1555 Tycho
1565 1510 1614 1544 ab
1633 1509 1883 1545 instrumentis

79 1564 291 1604 instructior
328 1568 369 1599 et
395 1563 433 1598 in
461 1563 564 1598 coelo
605 1562 828 1608 inspiciendo
868 1563 1005 1598 multas
1034 1565 1081 1599 ob
1108 1562 1402 1603 commoditates,
1444 1562 1575 1608 quibus
1606 1563 1714 1598 alteri
1743 1568 1883 1604 carent,

78 1617 301 1666 diligentior,
323 1615 410 1662 jure
437 1617 592 1663 quodam
621 1626 687 1651 suo
713 1615 751 1650 in
779 1616 979 1652 alterorum
998 1616 1274 1652 observationes
1294 1615 1554 1651 animadvertit
1572 1626 1710 1661 easque
1729 1616 1882 1652 limitat:

78 1683 151 1707 non
177 1670 326 1717 inquam
352 1669 433 1704 ideo
459 1670 520 1704 vel
547 1670 592 1703 de
620 1672 703 1703 tota
729 1679 843 1704 causa
871 1673 991 1704 actum
1018 1681 1113 1711 esse,
1144 1669 1204 1704 vel
1224 1668 1375 1704 cuilibet
1393 1669 1541 1704 easdem
1559 1668 1739 1714 sugillare
1757 1669 1883 1710 licere,

79 1724 185 1770 quasi
211 1727 292 1759 toto
319 1723 421 1758 coelo
449 1723 634 1758 aberrent.
690 1721 793 1762 Quae
822 1722 916 1757 enim
951 1722 1049 1758 inter
1079 1723 1226 1758 illorum
1253 1730 1292 1758 et
1319 1721 1501 1768 Tychonis
1539 1723 1740 1756 observata
1766 1714 1932 1801 mind-'3

78 1777 161 1812 tula
185 1776 392 1812 differentia
418 1774 630 1815 intercedit,
673 1774 753 1819 ejus
788 1775 935 1821 culpam
963 1775 1043 1821 quis
1078 1787 1214 1823 quaeso
1243 1776 1303 1810 vel
1332 1775 1368 1810 in
1395 1774 1492 1810 hunc
1519 1774 1579 1809 vel
1620 1775 1657 1809 Iu
1684 1774 1767 1810 illos
1797 1787 1880 1810 con-

78 1830 175 1865 ferre
201 1830 347 1870 audeat,
376 1829 435 1875 qui
465 1840 537 1864 non
563 1840 613 1863 ex
641 1827 734 1862 libro
753 1828 935 1874 Tychonis
964 1829 1084 1864 obiter
1102 1829 1267 1875 perlecto
1286 1821 1473 1863 balbutire
1498 1827 1598 1873 prius
1619 1829 1662 1862 de
1683 1827 1741 1863 his
1760 1824 1892 1863 astro-⁴

79 1883 221 1919 nomiae
259 1881 443 1928 mysteriis
482 1881 628 1916 didicit?
690 1880 855 1916 Vidisses
896 1881 1026 1922 etiam,
1075 1882 1106 1917 si
1146 1882 1213 1917 tibi
1245 1881 1482 1928 Tychoniano
1521 1879 1639 1916 labori
1679 1881 1883 1926 placuisset
1931 1920 1937 1925 ,

78 1936 274 1984 invigilare
313 1935 488 1981 legendo,
529 1945 638 1980 quam
675 1934 765 1968 nihil
806 1934 903 1970 obsit
930 1935 1190 1981 'lychonianae
1231 1934 1563 1981 argumentationi,
1605 1935 1700 1980 quod
1728 1935 1880 1969 eundem
1937 1940 1943 1979 ξ

80 1989 243 2024 laborem
268 1988 487 2023 Maestlinus
521 1986 681 2022 tentavit
708 1987 744 2022 in
783 1988 896 2033 paulo
925 1988 1003 2023 alia
1038 1989 1257 2035 hypothesi:
1299 1987 1425 2034 itaque
1464 1986 1574 2033 hujus
1617 1987 1754 2032 injectu
1781 1999 1879 2022 scru-
1932 1990 1943 2030 ἕ

79 2042 156 2087 puli
182 2043 231 2077 ad
256 2041 478 2087 suspiciones
506 2039 740 2075 concitandas
769 2041 805 2075 in
831 2041 903 2076 hac
929 2041 1150 2087 repetitione
1177 2046 1244 2077 tua
1271 2040 1551 2086 supersedisses.
1931 2036 1936 2042 ‘

1944 1404 1974 1412 l
1939 1385 1987 1391 ἰ

171 2127 234 2160 ffi-
256 2127 420 2168 abrumpit
441 2135 624 2158 sermoncm
646 2126 827 2168 Keplerus,
852 2137 958 2169 neque
981 2127 1117 2160 ulterius
1141 2128 1186 2160 ad
1208 2127 1296 2161 hanc
1319 2127 1412 2160 litem
1434 2128 1542 2165 rediit,
1566 2127 1707 2160 libenter
1730 2136 1798 2159 rem
1823 2127 1873 2158 in-

79 2178 210 2217 gratam
234 2183 256 2206 a
278 2173 434 2215 Tychone
456 2173 595 2214 petitam
618 2173 674 2205 illo
697 2178 823 2206 mortuo
848 2174 1018 2215 abjiciens.
1881 2142 1896 2207 1

80 2383 182 2405 manu
204 2373 370 2414 scriptam.
420 2371 518 2403 Hanc
542 2371 674 2412 quidem
697 2381 763 2403 non
788 2372 874 2404 illius
897 2382 999 2405 manu
1022 2374 1179 2415 scriptam
1199 2374 1430 2414 judicavimus,
1458 2379 1495 2406 at
1520 2374 1720 2414 descriptam
1745 2383 1817 2405 esse
1844 2374 1885 2405 ab

175 2276 214 2319 5)
240 2288 273 2320 p.
300 2275 380 2309 232.
431 2276 526 2316 Quae
538 2277 702 2318 Keplems
729 2278 874 2315 „antea”
901 2283 1018 2312 contra
1033 2279 1153 2312 Ursum
1170 2280 1372 2321 conscripsit,
1398 2280 1578 2322 disquisitio
1595 2280 1678 2312 forte
1697 2283 1758 2316 est,
1784 2289 1882 2322 quam
1937 2267 1945 2310 i

81 2419 284 2463 autographo
308 2419 445 2460 Kepleri
468 2418 515 2450 nil
541 2418 630 2450 dubii
655 2418 776 2450 obstat.
1916 2277 1942 2451 χ

81 2327 158 2359 dum
180 2326 222 2357 inv
239 2325 437 2357 bibliotheca
452 2324 696 2356 Viennensi
720 2325 946 2367 manuscripta
957 2326 1092 2367 Kepleri
1110 2327 1360 2368 quaerebamus,
1386 2329 1574 2369 accepimus
1591 2328 1684 2368 quasi
1707 2337 1728 2359 a
1745 2326 1882 2368 Kepleri
1942 2313 1955 2375 ζ

1951 2377 1958 2397 l

102 2555 106 2557 ,
173 2514 370 2555 Inscripmm
395 2517 447 2544 est
469 2511 583 2544 folium
607 2511 777 2544 continens
801 2512 889 2544 hauc
914 2512 1192 2555 disquisitionem:

186 2586 236 2620 M.
263 2586 328 2620 Jo.
356 2583 554 2630 Kepleri
591 2584 691 2618 Ord.
726 2584 852 2618 Prov.
883 2583 1084 2630 Styriae
1111 2585 1428 2621 Mathematici
1462 2585 1691 2630 judicium
1732 2587 1783 2620 de
1810 2586 1884 2632 hy-

81 2638 361 2684 pothesibus
402 2636 734 2683 Tychonianis,
776 2647 887 2682 quas
927 2638 1114 2683 quidam
1152 2638 1380 2674 Nicolaus
1421 2639 1562 2674 Ursus
1590 2638 1885 2674 Dithmarsus

82 2691 175 2726 sibi
202 2701 429 2737 arrogare
456 2689 742 2736 praesumit,
784 2695 850 2724 aut
877 2689 908 2724 si
936 2690 971 2724 id
999 2692 1096 2736 apud
1125 2691 1348 2726 cordatiores
1377 2692 1543 2727 obtinere
1571 2703 1642 2727 non
1670 2695 1816 2736 posset,
1843 2696 1888 2727 ut

82 2744 214 2779 saltem
241 2743 423 2790 Tychonis
451 2743 636 2777 inventum
664 2753 737 2776 non
764 2754 857 2782 esse,
886 2744 950 2777 sed
978 2755 1027 2778 ex
1054 2743 1239 2778 Martiano
1260 2744 1427 2789 Capella,
1458 2744 1657 2789 Copernico
1686 2748 1754 2779 aut
1771 2745 1885 2790 Apol·

82 2795 179 2831 lonio
205 2796 374 2843 Pergaeo
402 2797 604 2830 desumtum
632 2795 737 2829 fidem
766 2795 918 2831 faceret.
978 2797 1081 2836 Quae
1110 2796 1231 2832 omnia
1258 2807 1282 2831 a
1309 2797 1404 2832 dicto
1432 2797 1597 2842 Keplero
1627 2797 1885 2833 mathematico
1933 2820 1940 2822 κ

82 2848 215 2884 eximio
245 2853 284 2883 et
309 2848 347 2883 in
374 2849 586 2883 Ptolemaeo
615 2852 728 2893 atque
758 2848 957 2893 Copernico
986 2849 1079 2883 bene
1107 2858 1256 2884 versato
1285 2850 1466 2885 succincte
1495 2855 1534 2885 et
1560 2850 1672 2884 solide
1701 2850 1761 2885 hic
1787 2851 1884 2886 refu-

83 2905 220 2936 tantur.
277 2901 580 2941 Quemadmodum
609 2900 739 2941 etiam,
783 2906 978 2946 antequam
1020 2902 1050 2936 is
1079 2902 1286 2947 Tychonem
1328 2904 1371 2937 de
1400 2903 1494 2937 facie
1523 2907 1668 2944 nosset,
1710 2905 1755 2938 ad
1795 2904 1881 2938 nob.

82 2958 122 2988 et
147 2958 285 2998 praest.
313 2953 430 2988 virum
456 2955 502 2989 D.
531 2955 589 2988 Jo.
619 2954 663 2988 G.
694 2954 925 2988 Herwartum
954 2955 1001 2988 ab
1029 2955 1279 3001 Hohenburg,
1316 2960 1479 2991 statuum
1507 2956 1785 3001 provincialium
1811 2957 1884 2991 Ba-

83 3005 208 3040 variae
237 3006 513 3047 cancellarium,
554 3007 650 3040 hanc
679 3006 930 3052 quaestionem
959 3012 1180 3048 moventem,
1210 3008 1489 3054 perscripserat,
1533 3020 1628 3059 quae
1656 3009 1789 3045 literae
1818 3020 1884 3044 suo

86 3062 251 3107 tempore
279 3058 410 3096 haberi
438 3064 478 3093 et
505 3059 542 3095 in
569 3058 738 3094 veritatis
768 3059 966 3100 subsidium
993 3061 1143 3107 proferri
1171 3066 1336 3107 possunt.
