2028 3242
224 103 238 141 1
249 99 304 143 74
911 101 1058 142 Mysten-ii
1084 89 1350 145 Cosmographici

219 205 370 246 numeri
401 206 604 254 indicant,
637 212 827 259 quantum
859 206 1010 247 dierum
1042 220 1160 260 quam
1191 207 1369 260 proxime
1402 208 1597 249 debeatur
1627 208 1803 251 inferiori
1830 210 2028 261 planetae,

221 266 363 305 eadem
394 264 650 316 proportione
684 266 734 305 ad
767 265 917 315 orbem,
951 279 1029 318 qua
1059 266 1185 306 utitur
1214 266 1295 315 ille,
1331 266 1397 319 qui
1417 267 1538 308 estin
1558 269 1692 321 capite
1711 265 2028 318 columellae.‘'⁹]

218 324 346 364 Vides
378 324 512 375 igitur,
545 337 683 365 veram
714 324 920 376 periodum
952 338 1111 377 semper
1142 325 1334 366 minorem
1367 339 1473 374 esse,
1506 339 1625 380 quam
1644 332 1709 368 est
1739 327 1822 377 illa,
1857 339 1958 380 quae
1978 327 2028 368 ill]¹

220 383 453 423 attribuitur
485 383 536 422 ad
570 383 870 424 similitudinem
904 384 1134 436 superioris.

323 442 490 482 Interim
522 447 656 482 tamen
689 448 865 482 motuum
897 443 1079 483 binorum
1112 444 1163 483 ad
1194 444 1383 493 invicem,
1424 457 1503 484 non
1536 445 1693 497 quidem
1725 445 1887 495 eadem,
1921 445 2028 485 simi-

221 502 271 541 lis
305 504 445 541 tamen*
473 514 631 555 semper
663 507 727 542 est
758 502 973 554 proportio,
1009 515 1109 555 quae
1141 503 1245 543 inter
1277 500 1508 545 distantias,

434 595 534 635 dies.
601 608 659 635 sc.
1491 608 1497 611 ’

426 652 565 696 10759
604 652 720 703 125
795 638 1015 706 accipiatur
1047 654 1158 695 sinus
1217 656 1258 705 ll
1288 653 1374 697 403
1446 656 1508 696 At
1533 655 1566 696 si
1591 655 1808 708 superioris
1875 655 1916 705 Ἃ
1947 653 2028 697 572

235 714 342 755 Nam
450 712 568 756 4332
601 711 653 754 37
692 713 728 761 Il
694 652 802 780 ὗς
793 717 904 753 totus
929 711 1053 762 1000,
1083 715 1159 754 erit
1219 720 1252 761 ὁ
1293 712 1373 756 159
1447 714 1582 755 media
1613 713 1809 756 distantia
1877 720 1912 762 d*
1946 713 2028 759 290

223 772 257 812 si
289 785 359 824 pro
480 770 566 815 686
600 769 654 813 59
695 777 759 817 <5
759 803 763 811 i
792 772 831 812 in
853 785 901 812 ea
931 772 1157 825 quantitate
1219 776 1267 823 ὅ
1288 771 1414 814 532
1448 773 1503 814 sit
1520 771 1643 822 1000,
1666 773 1809 815 estin-
1878 775 1911 824 ὅ
1946 770 2028 816 658

220 831 359 887 diebus
481 830 565 873 365
603 829 653 871 15
692 814 768 921 ὦ(
802 837 934 872 motus
964 832 1144 883 periodi·
1177 785 1191 923 ς
1220 833 1252 881 Q
1286 829 1373 873 615
1409 805 1643 921 (ferioris
1643 832 1684 872 in
1724 830 1808 874 Co-
1879 832 1912 881 ῼ
1946 830 2028 874 719

481 887 567 932 224
600 888 723 938 42ἒῇ>
692 905 694 907 ’
940 904 1010 931 cus
1227 893 1255 943 {2
1287 890 1373 933 392
1543 891 1706 944 pernico
1887 893 1916 943 ζὲ
1947 889 2028 933 500

336 975 412 1015 Hic
444 974 534 1014 vide
567 972 660 1012 mihi
694 973 733 1012 in
765 973 937 1013 motibus
970 974 1124 1021 mediis,
1157 980 1224 1014 sat
1255 979 1366 1014 certo
1398 973 1583 1026 cognitis,
1616 974 1741 1027 idque
1773 974 1890 1027 longe
1922 974 2028 1027 prius

217 1039 335 1086 atque
368 1035 417 1074 de
450 1038 560 1073 certa
588 1031 868 1084 distantiarum
897 1032 1051 1072 ratione
1075 1031 1320 1089 Copernicus
1341 1033 1550 1085 cogitaret,
1586 1032 1688 1081 vide,
1722 1033 1896 1086 inquam,
1930 1046 2028 1074 eau-

217 1093 307 1132 dem
340 1093 640 1140 diversitatem,
676 1103 775 1143 quae
820 1091 926 1131 inter
956 1091 1066 1143 ipsas
1100 1098 1164 1132 est
1195 1092 1432 1141 distantias,
1473 1104 1523 1131 ex
1553 1095 1935 1145 προσθαφαιρεσεσι
1963 1105 2028 1146 per

218 1151 494 1203 Copernicum,
529 1156 571 1191 et
602 1163 651 1190 ex
685 1150 853 1203 quinque
886 1150 1116 1202 corporibus
1148 1163 1220 1203 per
1251 1164 1314 1191 me
1347 1156 1598 1191 exstructas:
1636 1151 1819 1204 utrinque
1852 1164 1969 1192 secus
2002 1157 2028 1197 d

218 1211 391 1259 minima,
426 1212 516 1251 inde
548 1222 662 1250 secus
696 1210 741 1259 ζὶ,
781 1209 838 1257 Ql,
879 1209 1062 1259 Terram,
1103 1216 1145 1250 et
1176 1211 1351 1250 maxima
1383 1223 1498 1250 secus
1533 1209 1588 1258 Q:
1629 1210 1813 1263 utrinque
1847 1223 1964 1251 secus
1995 1209 2028 1258 Ἡ

219 1277 262 1309 et
288 1272 317 1321 3}
355 1270 534 1323 aequalis
566 1281 691 1321 pene3
737 1268 830 1308 item
877 1274 918 1308 et
963 1269 1276 1323 secus‘kTerram
1318 1274 1362 1310 et
1388 1268 1435 1317 ῼ.
1498 1268 1624 1321 Igitur
1664 1269 1727 1309 vel
1769 1269 1852 1322 jam
1893 1269 2028 1310 statim

221 1330 320 1369 satis
356 1330 568 1381 explorata
602 1332 665 1367 est
697 1325 918 1379 Copernico
953 1329 1001 1367 de
1034 1329 1178 1371 mundo
1212 1329 1340 1369 veteri
1371 1328 1552 1369 victoria.

339 1387 456 1434 Quod
490 1388 524 1428 si
557 1394 690 1427 tamen
722 1387 944 1438 praecisius
977 1387 1098 1427 etiam
1131 1388 1183 1428 ad
1215 1388 1429 1428 veritatem
1450 1388 1642 1428 accedere
1675 1392 1718 1428 et
1735 1387 2028 1440 proportionum

220 1448 506 1500 aequalitatem
546 1447 669 1486 ullam
709 1458 872 1498 sperare
904 1446 1095 1496 velimus,
1141 1447 1306 1487 duorum
1345 1448 1515 1487 alterum
1553 1447 1810 1487 statuendum
1841 1452 1926 1487 est:
1965 1451 2028 1486 aul

220 1507 410 1548 motrices
443 1503 667 1553 animasb),
703 1517 779 1556 quo
813 1511 905 1545 sunt
936 1518 960 1545 a
986 1504 1080 1546 Sole
1113 1507 1360 1555 remotiores,
1395 1506 1469 1546 hoc
1500 1518 1593 1546 esse
1622 1505 1924 1546 imbecilliores:
1964 1511 2028 1546 aul

221 1578 338 1605 unam
371 1578 461 1605 esse
501 1564 706 1605 motricem
740 1563 911 1603 animam
923 1566 957 1612 ο)
998 1564 1037 1604 in
1071 1565 1223 1605 orbium
1263 1565 1436 1606 omnium
1468 1570 1628 1613 centm,
1667 1565 1892 1614 seilicetjn
1925 1563 2028 1614 Sole,

219 1637 331 1676 quae,
365 1630 410 1665 ut
441 1624 645 1676 quodlibet
676 1635 819 1675 corpus
851 1629 918 1663 est
946 1623 1133 1671 vicinius,
1165 1625 1224 1665 ita
1254 1625 1528 1665 vehementius
1559 1623 1722 1664 incitet:
1768 1624 1809 1664 in
1839 1623 2028 1665 remotio-

219 1684 327 1723 ribus
360 1690 527 1736 propter
560 1683 855 1734 elongationem
883 1688 925 1722 et
946 1684 1263 1724 attenuationem
1282 1684 1444 1724 virtutis
1466 1683 1755 1736 quodammodo
1782 1683 2028 1734 languescat.

221 1742 335 1782 Sicut
366 1743 489 1795 igitur
521 1743 610 1782 fons
644 1741 744 1782 lucis
775 1740 815 1780 in
849 1741 944 1781 Sole
977 1748 1052 1791 est,
1087 1749 1128 1782 et
1159 1743 1395 1796 principium
1427 1742 1565 1782 circuli
1595 1743 1632 1782 in
1666 1742 1753 1782 loco
1786 1741 1916 1790 Solis,
1949 1741 2028 1781 sci-

222 1802 316 1842 licet
347 1802 386 1841 in
420 1807 582 1842 centro:
629 1801 687 1840 ita
726 1813 826 1840 nunc
864 1801 973 1849 vita,
1020 1807 1152 1842 motus
1191 1808 1232 1842 et
1273 1803 1406 1842 anima
1442 1801 1578 1842 mundi
1615 1801 1656 1841 in
1697 1801 1866 1842 eundem
1897 1801 2028 1841 Solem

222 1860 389 1900 recidit:
430 1866 474 1901 ut
504 1861 562 1900 ita
592 1861 760 1900 fixarum
791 1860 846 1899 sit
877 1860 1006 1912 quies,
1045 1862 1301 1912 planetarum
1339 1867 1453 1901 actus
1491 1860 1655 1900 secundi
1686 1865 1883 1908 motuum,
1907 1859 2028 1915 *Solis

222 1925 335 1959 actus
381 1919 468 1970 ipse
513 1919 686 1971 primus,
736 1919 799 1971 qui
843 1918 1210 1971 incomparabiliter
1250 1921 1420 1965 nobilior
1461 1925 1524 1960 est
1563 1919 1720 1960 actibus
1764 1918 1950 1959 secundis
1994 1918 2028 1958 in

220 1979 339 2018 rebus
373 1978 581 2018 omnibus:
625 1991 701 2017 non
741 1990 856 2018 secus
889 1983 1008 2030 atque
1041 1978 1113 2019 Sol
1144 1978 1228 2030 ipse
1263 1985 1304 2019 et
1335 1979 1483 2031 speciei
1514 1977 1829 2031 pulchritudine,
1865 1982 1915 2017 -et
1951 1977 2028 2018 vir-

183 2084 186 2087 ·
221 2037 320 2077 tutis
353 2037 546 2084 efficacia,
589 2042 630 2076 et
668 2036 767 2077 lucis
800 2037 1010 2088 splendore
1044 2038 1189 2077 ceteris
1222 2038 1404 2078 omnibus
1436 2039 1554 2090 longe
1584 2041 1783 2089 praestat.
1846 2035 1922 2076 Hic
1948 2036 2028 2088 jam

222 2097 338 2148 longe
371 2095 518 2136 rectius
550 2096 588 2135 in
624 2095 758 2136 Solem
792 2101 1022 2147 competunt
1054 2096 1124 2136 illa
1161 2097 1312 2136 nobilia
1350 2097 1554 2148 epitheta,
1601 2095 1683 2136 Cor
1721 2095 1883 2141 mundi,
1927 2094 2028 2143 Rex,

221 2156 444 2207 Imperator
470 2151 689 2204 stellarum,
724 2155 832 2194 Deus
858 2155 1038 2203 visibilis,
1074 2156 1305 2208 etreliqua.
1351 2155 1433 2196 Sed
1467 2156 1583 2208 hujus
1615 2154 1808 2195 materiae
1839 2153 2028 2194 nobilitas

221 2215 338 2266 longe
360 2214 466 2254 aliud
498 2219 655 2266 tempus
688 2215 893 2266 locumque
925 2213 1113 2267 requirit,
1136 2213 1172 2263 d)
1206 2220 1248 2255 et
1272 2215 1359 2268 jam
1391 2220 1512 2255 antea
1545 2220 1611 2255 sat
1642 2215 1749 2255 clare
1781 2217 1954 2265 apparet
1984 2225 2028 2253 ex

221 2273 462 2314 Narratione
494 2273 667 2314 Rhetici.

337 2332 430 2372 Jam
462 2337 595 2372 autem
635 2333 682 2372 de
718 2332 834 2372 modo
873 2332 1178 2372 constituendae
1212 2332 1327 2384 hujus
1372 2333 1580 2386 quaesitae
1611 2331 1880 2385 proportionis
1918 2330 2028 2370 nobis

223 2391 478 2444 cogitandum
512 2397 586 2432 est.
652 2391 783 2444 Supra
814 2391 942 2431 visum
980 2397 1059 2440 est,
1101 2391 1134 2431 si
1173 2392 1260 2431 sola
1292 2393 1399 2432 orbis
1433 2392 1653 2446 amplitudo
1685 2392 1839 2431 faceret
1871 2390 1923 2430 ad
1955 2402 2028 2429 au-

225 2451 395 2501 gendum
428 2456 585 2502 tempus
617 2455 858 2502 περιοδικονε
899 2451 1003 2501 quod
1040 2456 1217 2490 motuum
1257 2457 1298 2491 et
1330 2450 1611 2493 distantiarum
1641 2449 1861 2490 mediarum
1893 2448 2028 2488 eadem

225 2509 449 2549 differentia
493 2510 627 2550 futura
670 2511 826 2550 fuisset.
891 2508 1006 2555 Quae
1044 2523 1183 2562 nempe
1221 2510 1425 2562 proportio
1458 2508 1515 2551 88
1553 2509 1705 2549 dierum
1741 2507 2028 2561 periodicorum

224 2568 411 2608 Mercurii
453 2569 503 2608 ad
545 2567 628 2610 225
662 2570 746 2609 dies
779 2568 979 2608 Veneris:
1017 2569 1156 2609 eadem
1189 2570 1293 2609 foret
1324 2567 1611 2610 semidiametri
1642 2567 1750 2608 orbis
1781 2564 2028 2607 Mercurialis

224 2628 275 2666 ad
308 2628 537 2667 Veneriam.
602 2628 695 2668 Jam
727 2641 820 2667 vero
860 2628 1092 2668 commiscet
1135 2642 1177 2668 se
1222 2628 1311 2668 huic
1349 2634 1523 2668 motuum
1558 2626 1807 2679 proportioni
1845 2624 2028 2666 debilitas

224 2686 403 2726 motricis
437 2686 591 2726 animae
626 2688 662 2728 in
697 2686 912 2727 remotiori.
975 2687 1279 2739 Dispiciendum
1311 2687 1450 2739 igitur,
1497 2699 1585 2726 cum
1617 2686 1692 2726 hac
1735 2684 1944 2726 debilitate
1989 2688 2028 2723 ut

227 2751 499 2796 comparatum
531 2746 595 2786 sit.
657 2747 860 2786 Ponamus
892 2746 1032 2797 igitur,
1067 2746 1106 2786 id
1139 2747 1243 2798 quod
1274 2746 1392 2786 valde
1423 2744 1638 2785 verisimile
1671 2750 1755 2792 est,
1791 2743 1930 2784 eadem
1960 2755 2028 2782 ra-

225 2803 332 2842 tione
365 2810 517 2844 motum
550 2819 575 2845 a
606 2804 701 2846 Sole
735 2805 970 2858 dispensari,
1006 2818 1084 2857 qua
1115 2806 1256 2846 lucem.
1279 2807 1314 2853 ⁸)
1364 2804 1484 2844 Lucis
1517 2809 1666 2844 autem
1683 2817 1735 2844 ex
1765 2808 1902 2843 centro
1932 2814 2028 2854 pro-

227 2868 393 2912 rogatae
428 2863 652 2905 debilitatio
685 2878 764 2918 qua
794 2864 1052 2916 proportione
1083 2865 1166 2912 fiat,
1202 2864 1346 2904 docent
1377 2862 1512 2915 optici.
1570 2863 1676 2902 Nam
1708 2867 1899 2914 quantum
1931 2860 2028 2902 lucis

229 2926 293 2959 est
323 2921 362 2960 in
393 2934 518 2972 parvo
552 2923 718 2972 circulo,
762 2924 996 2964 tantundem
1029 2924 1151 2963 etiam
1183 2923 1282 2963 lucis
1319 2923 1403 2962 sive
1435 2921 1637 2962 radiorum
1669 2920 1866 2962 Solarium
1898 2925 1963 2960 est
1992 2917 2028 2958 in

228 2991 387 3030 magno.
450 2981 553 3021 Hinc
586 2996 673 3022 cum
706 2982 759 3022 sit
790 2982 830 3021 in
861 2995 986 3035 parvo
1020 2982 1219 3035 stipatior,
1249 2982 1289 3021 in
1321 2993 1465 3033 magno
1497 2980 1666 3029 tenuior,
1699 2993 1886 3021 mensura
1915 2978 2028 3030 hujus

229 3038 519 3078 attenuationis
552 3054 603 3081 ex
632 3041 723 3093 ipsa
748 3041 982 3081 circulorum
1001 3041 1256 3094 proportione
1275 3040 1450 3092 petenda
1476 3039 1562 3089 erit,
1595 3039 1712 3091 idque
1745 3043 1829 3079 tam
1859 3038 1900 3078 in
1930 3038 2028 3085 luce,

230 3107 347 3150 quam
384 3096 423 3136 in
462 3100 626 3140 motrice
664 3100 825 3141 virtute.
895 3099 1030 3147 Quare
1076 3104 1223 3155 quanto
1268 3099 1436 3153 amplior
1473 3099 1612 3139 Venus
1649 3097 1873 3146 Mercurio,
1916 3099 2028 3137 tante
