2028 3242
675 115 759 169 *l
826 141 832 146 .
874 88 1089 146 Pmouffnm.
1806 103 1887 151 221

84 218 125 260 in
163 229 206 259 re
248 229 414 270 operam
443 217 538 258 Ursi
574 217 736 270 expetii.
801 215 1007 262 Quantam
1044 222 1197 264 autem,
1240 227 1314 268 per
1350 215 1480 256 Deum
1522 215 1809 257 immortalem!
1855 222 1898 257 et

85 288 203 330 quam
230 275 492 328 multiplicem
522 276 618 316 mihi
649 275 748 316 facit
777 275 961 342 injuriam
991 275 1100 315 ferus
1131 274 1280 314 homo?
1340 273 1579 315 Ambiebam
1624 274 1712 327 ejus
1752 275 1894 316 amici-

86 336 184 376 tiam
211 334 336 376 missa
366 335 552 388 epistola.
613 333 660 376 si
689 333 926 387 petitionem
957 346 1089 374 meam
1120 333 1298 399 admisit,
1331 333 1448 374 fidem
1474 333 1562 385 ejus
1594 333 1800 374 desidero:
1833 335 1895 375 sin

83 393 260 447 sprevit,
304 399 442 435 tamen
484 394 721 435 inhumanus
758 398 835 433 est.
904 388 1120 433 Sermones
1165 391 1402 440 amicorum,
1449 391 1590 432 literae
1634 393 1764 445 magis
1806 394 1894 446 pri-

84 457 204 494 vatae
235 465 326 493 esse
357 453 525 494 debent.
557 453 632 494 has
662 452 731 492 ille
762 439 998 503 publicavit,
1030 463 1104 491 nec
1134 463 1198 491 me
1229 449 1441 499 consuluit,
1474 463 1547 490 nec
1579 451 1788 500 facturum,
1820 465 1895 492 nec

85 513 235 552 factum
265 512 488 562 nunciavit,
530 523 605 552 nec
645 510 856 563 exemplar
890 509 1016 550 misit.
1078 507 1234 555 Quibus
1271 515 1336 549 est
1378 521 1497 549 curae
1535 510 1717 562 aequitas
1760 524 1810 550 ne
1854 512 1892 551 in

81 571 240 611 hostem
271 570 431 624 quidem
460 570 544 611 tale
582 569 676 623 quid
709 569 872 610 audent.
937 568 1183 609 Remisisset
1220 567 1337 617 mihi,
1383 568 1487 621 quod
1518 574 1679 608 veteres
1716 570 1892 616 aiebant,

81 629 285 697 nuncium,
326 634 396 670 aut
434 628 683 670 abolevisset
719 627 931 675 schedam,
977 628 1014 667 si
1049 639 1128 668 non
1166 627 1321 694 placuit
1356 627 1519 667 amicus.
1583 625 1821 681 Quanquam
1859 631 1894 669 si

82 689 208 729 literis
237 688 324 741 ejus
354 689 408 729 ad
437 701 501 728 me
533 687 662 728 altero
694 687 857 727 tandem
891 699 998 727 anno
1029 686 1212 740 scriptis,
1253 686 1289 726 si
1314 685 1468 738 judicio
1499 686 1587 738 ejus
1618 687 1668 727 de
1699 700 1762 727 me
1793 687 1893 727 fides

79 746 219 788 haberi
253 752 414 801 potest:
458 753 502 787 et
535 746 689 799 placuit
725 745 919 794 conditio,
974 750 1018 786 et
1061 745 1280 787 amicitiam
1322 745 1454 785 colere
1497 745 1745 787 instituerat.
1810 745 1892 788 Sed

79 806 180 847 haec
210 805 319 847 levia
348 811 455 854 sunt,
466 805 557 846 illa
586 805 716 858 major
745 804 995 857 improbitas,
1021 804 1114 857 jure
1145 804 1283 857 utique
1301 804 1555 853 vindicanda,
1587 804 1623 845 si
1651 805 1715 846 cui
1744 796 1784 846 in
1806 806 1893 846 foro

80 870 152 906 aut
182 877 278 920 spes
320 870 392 906 aut
427 863 669 905 oblectatio:
714 864 822 917 quod
851 863 912 911 id,
957 863 1063 916 quod
1092 876 1373 916 γεωμετρονπι
1403 863 1555 904 dictum
1586 875 1661 916 ego
1691 864 1890 914 volebam,

83 924 175 977 ipse
201 923 277 965 s'ibi
308 923 584 973 maledicenti,
616 918 720 975 qu'od
741 922 903 971 scribis,
935 923 1126 975 applicat.
1202 922 1523 963 Acerbissimum
1555 922 1739 972 omnium,
1772 924 1891 976 quod,

78 995 197 1036 quem
228 982 482 1035 intelligebat
512 995 563 1023 ex
592 982 692 1022 meis
724 981 852 1022 literis
883 995 910 1021 a
938 994 1004 1022 me
1039 981 1202 1021 maximi
1241 981 1348 1029 fieri,
1390 981 1470 1021 illis
1500 981 1600 1034 ipsis
1632 982 1732 1022 meis
1764 983 1893 1023 literis

78 1047 267 1095 quantum
297 1042 431 1095 potuit
460 1041 756 1082 dehonestavit.
819 1039 888 1081 Sic
920 1040 1106 1081 nimirum
1136 1040 1214 1093 ipsi
1245 1053 1308 1080 me
1341 1040 1391 1080 de
1422 1040 1588 1080 laudato
1627 1041 1786 1082 inimico
1818 1055 1891 1083 suo

77 1100 231 1152 placuit
271 1101 425 1142 ulcisci.
488 1099 570 1141 Sed
616 1112 743 1153 neque
780 1100 883 1140 satis
920 1099 1056 1140 mirari
1098 1112 1263 1152 possum
1304 1099 1516 1140 consilium
1554 1099 1751 1142 hominis:
1798 1101 1892 1142 dum

77 1159 284 1200 consilium
314 1172 445 1200 meum
475 1158 583 1200 illius
614 1158 894 1212 hyperbolicae
927 1158 1172 1199 laudationis
1202 1158 1367 1199 ventilo.
1431 1157 1567 1204 Quid?
1599 1159 1770 1200 Tautine
1792 1161 1892 1201 facit

76 1218 159 1259 ista
188 1230 279 1259 mea
308 1218 548 1271 praeconia?
586 1219 646 1258 At
676 1218 788 1270 cujus
820 1217 1014 1257 hominis?
1064 1217 1109 1258 Si
1141 1218 1201 1257 vir
1232 1224 1364 1265 esset,
1396 1223 1690 1267 contemneret,
1724 1219 1760 1259 si
1791 1232 1888 1272 pru-

78 1278 192 1327 dens,
225 1289 303 1331 non
335 1277 577 1318 venditaret.
641 1275 893 1322 Quaerebam
926 1276 1117 1316 obscurus
1157 1289 1231 1329 ego
1264 1277 1511 1316 laudatorem
1544 1277 1694 1318 clarum
1725 1278 1890 1319 vixdum

77 1336 162 1376 nati
193 1337 360 1384 inventi,
391 1336 668 1376 mendicabam
699 1335 751 1375 ab
783 1336 871 1387 ipso
902 1336 1061 1387 stipem,
1094 1347 1188 1375 ecce
1220 1335 1366 1387 stipem
1393 1336 1480 1388 ipse
1500 1337 1683 1376 mendico
1703 1338 1888 1378 extorsit.

76 1395 386 1448 Praeceptorem
407 1395 511 1443 dixi3
543 1408 618 1434 nae
649 1407 814 1446 parvam
848 1394 955 1434 laudi
984 1394 1255 1434 accessionem
1288 1394 1387 1434 facit
1417 1407 1467 1434 ex
1499 1395 1730 1436 adulatione
1763 1397 1888 1437 disci-

77 1454 173 1507 puli.
235 1452 419 1501 Quaerat
449 1466 583 1494 eorum
625 1453 860 1506 praeconia,
899 1453 1041 1506 quiwse
1076 1460 1360 1505 praeceptores
1404 1453 1531 1506 ipsius
1561 1454 1707 1496 ferunt.
1769 1454 1888 1502 Quod

78 1513 114 1554 si
144 1512 242 1554 mihi
270 1518 408 1566 partes
434 1512 582 1566 judicis
613 1512 741 1553 tradit
771 1514 864 1561 (nec
896 1513 1075 1564 apertius
1105 1513 1146 1552 id
1177 1512 1395 1564 potuisset,
1439 1525 1557 1565 quam
1587 1513 1646 1553 sic
1678 1519 1887 1555 ostentata

77 1585 167 1613 mea
197 1571 409 1625 epistola),
442 1571 558 1619 sciat,
584 1572 670 1624 jam
701 1571 797 1611 mihi
828 1571 930 1610 alios
962 1583 1080 1623 qnam
1112 1571 1295 1626 discipuli
1333 1584 1463 1611 mores
1496 1578 1735 1624 competere.
1798 1574 1883 1614 To-

78 1632 229 1672 teratur
257 1631 298 1671 in
330 1630 526 1684 discipulo
558 1637 754 1683 utcunque
781 1630 972 1678 adulatio,
1007 1631 1042 1670 si
1074 1643 1124 1670 ex
1155 1630 1337 1682 opinione
1357 1632 1644 1684 praeceptoris,
1677 1645 1728 1672 ex
1747 1645 1883 1673 amore

75 1691 261 1742 profecta
285 1689 336 1731 ad
367 1691 485 1730 finem
517 1690 695 1730 discendi
722 1690 928 1741 dirigatur.
991 1689 1035 1728 In
1061 1689 1196 1740 judice
1222 1690 1402 1729 adulatio
1421 1690 1616 1742 flagitium
1638 1697 1715 1731 est.
1766 1690 1883 1738 Quae

77 1749 136 1791 sic
161 1748 378 1803 ,scribenda
414 1749 535 1797 duxi,
581 1755 626 1788 ut
657 1749 839 1800 quamvis
881 1754 1064 1800 praestat
1101 1748 1332 1788 securitatis
1370 1761 1512 1797 causa,
1558 1750 1883 1792 nocentissimum

75 1821 269 1861 quemque
293 1808 389 1848 mihi
419 1808 622 1848 minimum
654 1808 799 1855 irasci,
829 1814 963 1847 tamen
996 1807 1030 1847 si
1062 1819 1138 1847 non
1172 1807 1291 1848 aliter
1322 1807 1461 1847 honori
1493 1814 1562 1848 tuo
1594 1809 1747 1849 consuli
1781 1822 1880 1862 pos-

74 1867 150 1915 sit,
194 1866 364 1907 haberes
407 1866 612 1907 arbitrium
655 1867 884 1918 publicatae
929 1866 1150 1906 calumniae
1187 1866 1346 1918 publice
1389 1866 1548 1906 obviam
1593 1868 1724 1908 eundi.
1799 1868 1883 1909 Sed

61 1925 237 1966 missum
266 1926 428 1966 tandem
459 1926 590 1978 ipsum
622 1926 831 1965 faciamus.
887 1925 972 1965 Nec
1005 1926 1109 1965 enim
1142 1938 1261 1977 quam
1293 1926 1379 1978 ipse
1402 1926 1519 1974 male,
1553 1927 1623 1966 sed
1657 1939 1775 1980 quam
1806 1940 1882 1980 ego

73 1985 174 2024 bene
203 1985 377 2034 fecerim,
410 1985 624 2037 quaeritur.
686 1985 742 2024 Et
772 1990 866 2024 sunt
896 1984 1053 2036 quidem
1085 1984 1123 2023 in
1144 1984 1215 2024 illa
1234 1997 1323 2024 mea
1342 1984 1515 2036 epistola
1543 1985 1747 2038 pleraque,
1780 1999 1881 2039 quae

73 2043 247 2091 defendi,
279 2044 425 2096 aliqua,
458 2057 559 2096 quae
579 2044 775 2091 excusari,
796 2043 942 2095 aliqua,
976 2056 1077 2095 quae
1096 2043 1271 2096 pessima
1290 2043 1516 2095 suspicione
1536 2045 1697 2085 liberari
1718 2045 1879 2086 debent.

150 2100 404 2142 ‘Ordiamur
445 2104 495 2142 ab
540 2115 605 2151 eo,
651 2103 755 2155 quod
798 2102 1076 2154 gravissimum
1122 2108 1205 2142 est:
1254 2103 1359 2154 quod
1402 2115 1544 2155 nempe
1588 2104 1743 2144 crimini
1783 2105 1878 2146 mihi

72 2161 159 2209 das,
192 2167 470 2213 contraquam
495 2161 687 2201 senserim
719 2162 757 2200 in
785 2175 830 2201 os
862 2161 941 2212 ipsi
973 2162 1160 2200 locutum.
1225 2160 1343 2206 Quod
1374 2162 1465 2201 dum
1497 2163 1603 2214 agis,
1646 2164 1706 2203 ita
1738 2164 1878 2217 loque-

71 2220 143 2268 ris,
174 2225 220 2259 ut
249 2219 346 2259 mihi
376 2220 715 2259 absolutissimum
746 2221 794 2259 de
827 2221 918 2259 aliis
950 2220 1145 2271 judicium
1178 2219 1351 2260 tribuere
1383 2221 1575 2261 videaris.
1638 2220 1771 2268 Quam
1803 2236 1879 2275 ego

72 2278 337 2331 suspicionem
369 2278 403 2317 si
435 2292 459 2317 a
490 2291 564 2326 me,
598 2278 703 2329 quod
731 2291 924 2330 perquam
954 2278 1071 2317 facile
1104 2283 1180 2325 est,
1211 2291 1427 2328 removero,
1460 2292 1607 2331 magna
1632 2287 1748 2332 parte
1778 2294 1877 2334 pur-

70 2337 244 2390 gationis
283 2350 345 2377 me
390 2337 620 2376 defunctum
652 2349 741 2376 esse
785 2337 945 2388 putabo.
1006 2336 1167 2376 Etenim
1205 2337 1270 2388 qui
1303 2337 1363 2376 vir
1403 2338 1459 2377 sit
1489 2339 1641 2386 Ursus,
1681 2340 1767 2391 jam
1798 2353 1876 2380 non

71 2396 276 2448 disputare
306 2397 459 2447 placet,
505 2403 613 2435 certe
646 2408 722 2446 quo
754 2401 931 2447 tempore
963 2395 1174 2446 epistolam
1211 2395 1321 2435 illam
1352 2396 1514 2448 scripsi,
1553 2402 1595 2436 et
1623 2398 1877 2438 imbecilliori

74 2467 183 2495 eram
206 2454 372 2507 judicio,
403 2453 444 2493 et
475 2467 551 2493 non
584 2466 724 2505 parum
749 2453 825 2506 ipsi
844 2454 927 2505 jam
960 2453 1027 2492 diu
1058 2454 1288 2494 tribueram.
1351 2455 1478 2494 Venit
1510 2454 1696 2495 Gratium
1722 2457 1876 2497 Doctor

73 2514 270 2566 quispiam
301 2527 351 2553 ex
381 2513 502 2553 Italia
531 2525 735 2561 reversus,
782 2512 924 2552 librum
955 2512 1041 2563 ejus
1081 2512 1176 2552 mihi
1208 2513 1418 2562 exhibens,
1464 2526 1580 2565 quem
1609 2515 1745 2555 triduo
1775 2529 1876 2556 con—

70 2585 185 2612 cesso
215 2573 361 2624 raptim
390 2584 674 2624 percurrerem.
735 2572 781 2611 Iu
813 2583 859 2610 eo
891 2571 1089 2610 salutatos
1121 2571 1414 2611 schematismis
1452 2573 1607 2624 reperio
1637 2575 1876 2627 praecipuos

70 2630 188 2684 hujus
218 2631 409 2683 temporis
441 2631 759 2678 mathematicos,
791 2630 946 2681 reperio
980 2630 1235 2684 magnificam
1262 2631 1303 2670 in
1334 2631 1584 2682 praefatione
1615 2633 1875 2684 provocatio-

70 2701 162 2730 nem
192 2690 244 2730 ad
274 2690 402 2730 simile
434 2690 527 2742 quid
559 2689 795 2737 audendum,
828 2688 881 2727 ad
912 2689 1199 2728 astronomiam
1231 2702 1252 2728 e
1286 2690 1555 2729 fundamentis
1578 2692 1874 2742 exstruendam,

69 2749 225 2800 reperio
267 2749 501 2803 compendia
546 2748 743 2800 quaedam
787 2760 927 2795 aurea,
973 2759 1074 2798 quac
1115 2747 1319 2800 Tubingae
1364 2762 1389 2787 a
1424 2749 1643 2789 Maestlino
1681 2750 1876 2792 celebrari

0 2852 2 2854 ,
69 2807 348 2856 memineram,
392 2807 547 2859 reperio
586 2807 808 2847 doctrinam
851 2806 1025 2853 sinuum,
1071 2806 1292 2846 doctrinam
1334 2807 1641 2859 triangulorum,
1693 2810 1876 2862 vulgaria

70 2866 247 2918 quidem,
291 2866 364 2906 sed
403 2879 508 2906 nova
548 2866 642 2905 mihi
688 2865 830 2911 omnia,
875 2870 920 2903 ut
957 2864 1115 2913 videas,
1162 2878 1238 2917 quo
1281 2865 1430 2917 remige
1475 2866 1624 2906 famam
1666 2869 1873 2918 verberet;

50 2937 162 2964 >nam
191 2925 379 2977 pleraque
409 2930 555 2977 postea
585 2925 624 2964 in
651 2924 819 2964 Euclide
851 2928 893 2962 et
911 2922 1231 2974 Regiomontano
1262 2925 1405 2975 reperi,
1439 2937 1540 2977 quae
1571 2931 1655 2965 tum
1685 2927 1764 2979 ipsi
1794 2929 1872 2968 tri-

0 2995 4 3003 ³
60 2981 253 3024 vbuebam.
313 2983 453 3041 Neque
483 2988 657 3032 metuas,
699 2989 760 3040 ut,
800 2995 905 3039 quae
932 2981 1018 3039 jam
1049 2981 1150 3036 dixi,
1193 2982 1293 3022 bene
1332 2995 1436 3038 οιιιιι
1442 2983 1612 3051 invento
1642 2997 1731 3026 meo
1762 2992 1873 3028 stare

0 3064 4 3066 -
52 3047 232 3109 ggueant.
292 3036 419 3082 Dicat
443 3042 529 3094 ipse
560 3054 631 3093 pro
658 3040 733 3082 ine
746 3035 1017 3088 Maestlinus,
1052 3053 1171 3092 quam
1182 3030 1387 3081 tenuibus
1412 3034 1622 3109 principiis
1653 3039 1875 3087 institeriffi

0 3113 1 3117 ¹
53 3100 316 3153 ·³1uitio,qui
356 3101 557 3153 profecto,
589 3100 624 3140 si
660 3106 744 3140 tam
776 3100 956 3152 jejunum
993 3112 1055 3141 me
1092 3101 1267 3140 secundo
1299 3100 1415 3141 dimis
1398 3101 1543 3151 sisset,
1589 3115 1706 3156 quam
1743 3105 1870 3158 primo
