2028 3242
132 90 218 134 300
700 91 834 125 Literae
859 91 996 133 Kepleri
1021 70 1220 135 aliorumque
1244 96 1379 126 mutuae

130 199 205 238 fide
238 197 373 249 digno,
408 197 475 237 vix
505 197 655 238 imitari
689 197 837 246 audeo)
870 198 1023 249 periere
1058 197 1229 238 flammis
1261 196 1317 239 25
1350 197 1543 248 homines,
1576 196 1604 240 4
1634 203 1779 247 turres,
1811 196 1939 251 ipsius

129 256 243 296 Jovis
263 256 461 308 palatium
482 262 590 296 metu
611 257 777 308 periculi
810 270 923 296 suum
950 257 1103 308 expulit
1125 257 1407 297 habitatorem.
1460 255 1611 298 Omnes
1636 257 1807 298 reditum
1827 257 1938 309 prin-

132 315 231 366 cipis
276 314 492 366 trepidant.
555 316 712 355 Dicitur
750 316 894 355 Italica
933 316 1082 356 auxilia
1121 316 1331 355 adducere.
1402 315 1570 356 Senatui
1611 316 1738 357 civico
1777 322 1938 356 nostrae

130 373 397 413 confessionis
420 374 681 426 magistratus
716 375 934 426 abrogatus
968 381 1040 414 est.
1104 375 1317 414 Portarum
1339 380 1379 415 et
1402 374 1701 424 armamentarii
1720 375 1845 416 urbici
1867 389 1938 415 cu-

131 432 288 472 stodiae
330 432 467 484 Papae
513 434 810 474 confessoribus
856 434 1044 474 creditae.
1109 434 1307 474 Minarum
1352 433 1484 474 onmia
1527 435 1659 486 plena.
1722 432 1804 474 Sed
1848 446 1940 473 ecce

129 491 282 532 omina:
316 497 399 532 tres
431 492 470 532 in
505 493 578 532 hac
611 492 706 532 urbe
739 498 946 533 matronae
980 493 1118 533 eodem
1151 493 1233 532 fere
1266 498 1457 545 tempore,
1493 493 1688 533 adornato
1719 492 1940 545 puerperio,

129 551 328 591 conducta
360 555 402 590 et
433 552 634 592 accersita
666 551 906 601 obstetrice,
948 552 1013 591 diu
1057 565 1127 598 τας
1162 551 1305 598 ὠδινας
1336 557 1597 604 expectantes
1639 551 1802 592 tandem
1833 551 1939 591 didi·

129 623 216 649 cere
251 623 274 649 a
306 610 388 649 suis
423 610 719 658 obstetricibus,
748 624 789 651 se
818 616 971 651 uterum
999 623 1076 650 non
1098 624 1250 663 gerere,
1283 611 1424 651 Haben
1445 612 1555 664 Drey
1577 611 1659 650 fehl
1680 610 1940 663 (Nullitates)

128 668 314 721 geboren.
377 669 497 709 Faxit
528 670 638 710 Deus
681 674 809 710 ratum
852 683 964 709 omen
1010 674 1051 708 et
1082 669 1253 721 dissipet
1291 670 1459 710 consilia
1486 669 1813 710 ‘adversariorum
1845 681 1941 709 suo-

128 741 225 768 rum.
290 726 461 767 Oremus
494 734 628 768 autem
660 728 800 780 ipsum,
834 734 878 769 ut
909 729 1280 768 innocentissimum
1313 729 1516 780 juvenculi
1547 728 1737 781 principis
1770 727 1941 768 animum

129 791 268 826 contra
311 786 507 838 pessimos
552 788 801 827 consultores
846 787 1009 827 muniat.
1077 786 1183 833 Quid
1228 786 1262 826 si
1308 788 1430 828 donet
1474 788 1603 840 ipsum
1641 787 1753 827 Deus
1790 786 1939 828 nostris

127 845 326 896 precibus.
838 879 855 890 .

247 903 458 944 Cometam
491 904 625 943 dixere
659 909 864 944 nostrates
897 905 1056 944 stellam
1085 904 1256 944 Veneris
1289 904 1461 944 interdiu
1493 905 1644 953 visam3
1677 904 1725 944 de
1758 916 1836 956 quo
1867 917 1942 956 ego

129 963 345 1007 consultus,
378 968 423 1002 ut
454 963 594 1015 aspexi
627 962 827 1015 respondi,
860 963 1059 1003 mitiorem
1098 963 1135 1002 in
1164 963 1275 1003 coe'lo
1309 963 1471 1013 stellam
1502 975 1579 1003 non
1601 975 1704 1003 esse.
1755 963 1803 1003 Id
1829 975 1940 1003 omen

128 1022 268 1061 eodem
300 1034 373 1073 ego
405 1022 556 1061 refero:
596 1027 642 1062 ut
673 1022 870 1073 significet
901 1022 963 1062 hic
996 1027 1153 1062 cometa
1178 1027 1327 1062 metum
1359 1022 1642 1062 frustraneum.
1696 1020 1785 1068 Quo
1818 1021 1940 1062 etiam

125 1080 301 1132 pertinet
332 1080 530 1132 eclipseos
561 1080 731 1132 ἔκλειψις
763 1082 826 1120 vel
847 1081 1086 1120 emanentia.
1149 1081 1379 1120 Moscovita
1411 1081 1555 1121 dicitur
1580 1086 1774 1121 mortuus.
1831 1081 1938 1121 Ecce

127 1139 328 1179 borealem
361 1139 539 1191 eclipsin.
605 1141 664 1180 De
698 1141 830 1180 Turca
862 1140 993 1191 exigui
1036 1145 1129 1180 sunt
1159 1153 1354 1180 rumores.
1415 1139 1636 1180 Perhibent
1675 1145 1809 1180 tamen
1841 1151 1941 1180 ven-

128 1203 258 1238 turum
290 1199 451 1250 propria
493 1198 531 1238 in
577 1212 760 1252 persona.
823 1199 884 1239 De
923 1199 1090 1238 Jaurino
1130 1204 1364 1250 recuperato
1405 1210 1574 1252 magnae
1621 1203 1715 1238 sunt
1757 1198 1941 1251 gratula-

127 1256 285 1298 tiones.-
336 1258 424 1297 Non
459 1257 517 1297 ita
547 1258 700 1310 pridem
735 1257 1085 1310 Constantinopoli
1125 1255 1242 1298 4000
1275 1258 1482 1298 domorum
1522 1258 1835 1309 conflagrarunt..
1897 1258 1942 1298 In

127 1316 317 1369 Bithynia
347 1329 470 1368 prope
504 1317 796 1370 Trapezuntem
837 1318 938 1357 duae
970 1317 1088 1356 urbes
1135 1330 1209 1356 non
1244 1316 1441 1369 ignobiles
1472 1322 1606 1357 terrae
1637 1322 1748 1356 motu
1778 1329 1942 1357 corrue-

127 1380 242 1414 runt:
294 1380 335 1414 et
372 1375 541 1427 periisse
579 1377 840 1428 perhibentur
884 1377 933 1416 ad
969 1370 1113 1417 70000
1145 1375 1359 1415 hominum.
1423 1376 1467 1415 In
1500 1375 1706 1416 limitanea
1736 1376 1944 1428 Hungaria

127 1434 225 1472 duos
258 1434 412 1473 Bassas
444 1435 549 1474 inter
580 1436 668 1475 rixa
700 1440 741 1474 et
775 1435 904 1475 minae
938 1434 1183 1474 delationum
1216 1435 1266 1474 ad
1300 1447 1412 1474 suum
1445 1433 1666 1475 Caesarem
1696 1435 1940 1474 intercesse-

126 1497 231 1533 rant.
295 1493 378 1532 Res
412 1493 462 1533 ad
483 1507 595 1534 arma
627 1494 750 1534 venit.
813 1494 984 1534 Delator
1004 1494 1158 1534 futurus
1191 1493 1240 1533 ab
1269 1493 1396 1533 altero
1429 1493 1467 1533 in
1501 1506 1719 1546 congressu
1750 1492 1943 1545 singulari

127 1550 382 1591 interfectus:
424 1553 527 1604 quod
561 1566 648 1593 cum
681 1553 844 1594 alterius
877 1552 981 1593 servi
1014 1553 1213 1601 viderent,
1250 1552 1449 1592 dominum
1480 1552 1555 1593 ulti
1587 1553 1756 1592 alterum
1788 1564 1942 1604 quoque
1975 1551 1984 1555 ”

128 1608 438 1651 interfeceruntt
484 1612 637 1663 periere
671 1613 723 1652 ad
754 1610 813 1653 40
844 1612 1040 1664 utrinque.
1106 1612 1217 1651 Haec
1251 1611 1384 1651 omnia
1414 1612 1519 1651 male
1550 1611 1611 1651 illi
1641 1610 1806 1662 imperio
1839 1611 1940 1651 omi-

127 1674 286 1708 nantur.
349 1669 454 1710 Nam
487 1670 520 1710 si
552 1676 707 1711 tantum
740 1671 958 1711 animorum
977 1669 1118 1710 Bassis
1152 1670 1337 1718 accrevit,
1374 1670 1468 1710 olim
1494 1669 1658 1710 audebit
1683 1669 1847 1722 aliquid,
1876 1669 1940 1722 qui

127 1727 252 1766 vitam
274 1741 386 1768 suam
407 1729 444 1768 in
467 1730 641 1781 periculo
668 1729 832 1770 videbit.
883 1730 941 1770 Ut
972 1735 1063 1769 sunt
1094 1729 1226 1769 omnia
1246 1729 1431 1777 humana,
1460 1729 1547 1781 jam
1578 1728 1789 1775 salutaria,
1819 1728 1941 1781 paulo

128 1791 221 1837 post
253 1787 446 1832 exitiosa,
479 1788 537 1827 ita
569 1789 691 1828 etiam
723 1788 875 1840 rigidae
909 1789 1126 1828 Turcarum
1158 1789 1288 1839 leges,
1335 1793 1378 1827 et
1408 1787 1669 1828 inexorabilis
1700 1787 1740 1828 in
1770 1787 1940 1836 Bassas,

126 1843 165 1883 in
199 1845 331 1896 regios
365 1846 510 1886 liberos
545 1847 759 1893 sententia,
794 1847 935 1898 quibus
968 1847 1085 1887 rebus
1118 1847 1313 1886 hactenus
1347 1847 1464 1886 stetit
1483 1847 1583 1886 haec
1605 1847 1743 1895 moles,
1777 1847 1942 1887 eaedem

128 1902 237 1943 illam
280 1916 442 1954 pessum
482 1906 645 1945 dabunt.
710 1906 946 1957 Exemplum
989 1918 1091 1945 anno
1138 1902 1248 1945 *1562
1289 1905 1326 1944 in
1359 1906 1579 1957 Mustapha
1609 1905 1794 1946 vidimus.
1859 1904 1941 1946 Sed

129 1961 362 2014 Solymanni
394 1976 548 2003 summa
585 1965 806 2004 auctoritas
837 1963 1105 2015 periculosum
1138 1964 1361 2003 incendium
1394 1964 1642 2016 restinguere
1681 1969 1766 2004 tum
1795 1964 1940 2016 potuit,

129 2019 230 2059 alius
251 2033 327 2059 non
349 2021 508 2072 poterit,
543 2023 655 2074 cujus
684 2035 758 2062 non
787 2028 850 2062 est
877 2027 992 2062 tanta
1012 2023 1117 2062 bello
1140 2022 1316 2062 felicitas
1338 2028 1618 2074 gestorumque
1651 2022 1794 2074 gloria.
1859 2022 1941 2063 Sed

132 2079 267 2118 futura
299 2079 356 2119 sic
389 2080 591 2120 habento:
643 2082 680 2121 in
713 2081 947 2133 praesentia
979 2082 1080 2121 citra
1112 2093 1267 2120 omnem
1301 2081 1616 2120 controversiam
1649 2080 1784 2133 gliscit
1813 2081 1941 2122 nostri

133 2135 324 2177 Caesaris
359 2139 601 2187 auctoritas,
635 2145 834 2192 utcunque
867 2140 1089 2191 Hispanica
1121 2139 1292 2191 expiret.
1355 2139 1572 2180 Enimvero
1603 2140 1848 2191 vigilandum
1881 2145 1944 2179 est

129 2196 397 2236 nostratibus:
444 2197 600 2238 videtur
631 2198 670 2237 in
711 2204 847 2238 nostro
882 2197 1058 2238 Caesare
1092 2198 1224 2239 inesse
1258 2197 1552 2238 Archimedaea
1595 2199 1792 2251 quaedam
1835 2197 1940 2244 ratio

130 2260 286 2303 motuis,
334 2256 399 2307 qui
432 2257 531 2296 adeo
565 2257 721 2306 lentus,
767 2262 811 2297 ut
842 2257 909 2296 vix
948 2258 1083 2297 oculos
1116 2257 1312 2304 incurrat,
1358 2269 1546 2296 successu
1578 2263 1713 2297 tamen
1745 2257 1938 2310 temporis

129 2313 331 2364 ingentem
363 2316 506 2355 molem
539 2322 801 2356 commoveat.
863 2316 970 2355 Ecce
1003 2317 1159 2368 Pragae
1193 2316 1358 2363 sedens,
1411 2315 1496 2355 sine
1525 2316 1607 2355 ulla
1637 2315 1808 2356 bellicae
1840 2315 1939 2356 artis

128 2371 299 2423 peritia,
358 2373 441 2413 sine
487 2374 727 2414 auctoritate
775 2376 839 2422 (ut
871 2375 1042 2414 antehac
1082 2374 1339 2421 credebatur)
1384 2379 1517 2413 tamen
1564 2374 1758 2414 miracula
1786 2379 1939 2426 patrat,

128 2430 327 2481 principes
360 2431 399 2471 in
433 2432 562 2472 officio
597 2434 796 2478 continet,
844 2433 1133 2485 obsequentes,
1179 2438 1378 2484 promtos,
1424 2432 1611 2472 liberales
1643 2433 1786 2482 habet,
1833 2433 1940 2472 orbis

130 2490 386 2529 monarcham
430 2496 492 2530 tot
532 2492 676 2531 seculis
718 2492 1009 2532 formidabilem
1043 2492 1236 2540 sustinet,
1285 2496 1417 2531 tractu
1446 2491 1543 2530 belli
1576 2490 1794 2542 defatigat,
1838 2492 1940 2531 citra

129 2553 262 2586 tamen
295 2562 482 2601 magnum
516 2551 674 2602 aliquod
708 2551 1017 2599 incommodum,
1061 2551 1165 2602 quod
1198 2549 1411 2590 hostilibus
1443 2549 1704 2590 incommodis
1735 2562 1937 2602 praepon-

130 2606 255 2645 deret.
321 2606 474 2653 Quibus
508 2609 626 2648 rebus
653 2609 854 2661 ‘ejusmodi
898 2622 1029 2648 merae
1061 2608 1280 2661 potestatis
1326 2608 1584 2647 fundamenta
1609 2607 1730 2659 jacit,
1775 2614 1820 2648 ut
1852 2609 1939 2648 sola

128 2664 237 2716 regni
273 2666 426 2706 Turcici
472 2667 676 2707 inclinatio
723 2669 864 2707 deesse
909 2668 1106 2708 videatur.
1172 2666 1311 2712 Quid?
1374 2665 1528 2712 Quibus
1573 2679 1722 2718 quaeso
1769 2667 1936 2714 artibus,

130 2735 206 2774 qua
250 2724 443 2764 felicitate
477 2726 830 2780 Transsylvaniam
873 2726 1052 2766 restituit
1083 2725 1343 2766 Austriacis?
1406 2724 1522 2770 Quod
1566 2737 1703 2764 omnes
1736 2725 1936 2766 miramur.

130 2780 233 2826 Quin
268 2788 308 2822 et
339 2784 411 2823 hoc
445 2785 596 2836 passim
630 2786 871 2832 affirmatur,
905 2785 1068 2825 tertium
1101 2798 1151 2824 ex
1179 2784 1417 2824 haeredibus
1449 2783 1695 2823 nominatum
1715 2796 1805 2824 esse
1827 2783 1936 2825 Cae-

131 2852 259 2879 sarem
291 2848 470 2882 nostrum
504 2857 527 2882 a
559 2843 798 2884 Moscovita.
863 2843 913 2883 Ei
945 2844 1001 2883 rei
1034 2843 1183 2895 legatio
1215 2840 1542 2894 splendidissima
1575 2843 1858 2891 adornabatur,
1892 2848 1937 2882 ut

130 2910 185 2936 sc.
221 2899 328 2938 solus
361 2907 499 2941 noster
530 2902 671 2942 haeres
705 2901 987 2942 nominaretur.
1053 2900 1134 2942 Sed
1167 2906 1293 2940 morte
1326 2900 1577 2940 Moscovitae
1619 2901 1768 2954 legatio
1806 2902 1935 2943 inter-

130 2955 241 2995 cidit.

247 3015 350 3054 Utut
382 3015 447 3063 sit,
483 3017 687 3057 fatendum
721 3018 878 3057 omnino
914 3023 997 3064 est,
1032 3031 1057 3056 a
1088 3017 1174 3057 Deo
1208 3016 1387 3056 benedici
1420 3017 1545 3056 nostri
1581 3016 1770 3058 Caesaris
1801 3020 1932 3060 rebus.
