2028 3242
170 74 252 119 140
847 74 998 116 Mysterii
1024 73 1290 117 Cosmographici

163 182 268 223 inter
301 194 344 221 se
378 186 419 221 et
451 193 537 221 cum
569 180 727 231 integra
758 184 990 220 consonent.
1012 178 1050 228 ¹¹)
1112 180 1236 220 Porro
1271 183 1460 231 quotnam
1496 178 1711 219 illiusmodi
1751 190 1871 219 voces
1903 190 1975 218 oc-

164 245 360 346 currant,1
371 252 488 280 aures
521 239 713 279 indicant.
776 238 865 291 Ego
898 239 1104 279 schemate
1137 243 1179 278 et
1209 237 1381 278 numeris
1415 237 1555 277 dicam.

174 367 624 486 {a}
534 414 717 419 ——
772 314 1293 487 :eas—12³&
1278 362 1978 484 Q

286 504 392 544 Vide
425 518 526 544 nunc
562 510 603 544 et
634 505 744 556 ipsas
776 505 1018 552 harmonias,
1051 511 1092 544 et
1123 504 1256 544 fidium
1287 503 1564 556 proportiones
1595 502 1634 542 in
1668 502 1866 544 numeris:
1909 502 1975 543 ubi

163 568 261 603 nota
291 563 373 603 ima
405 564 607 616 significat
644 576 783 604 vocem
820 563 1002 615 integrae
1039 563 1152 612 fidis,
1199 576 1384 615 suprema
1423 566 1562 602 vocem
1598 561 1725 614 partis
1765 561 1973 610 brevioris,

161 622 292 661 media
322 634 460 661 vocem
499 623 626 674 partis
666 621 881 674 longioris3
927 634 1111 662 numerus
1158 622 1260 662 imus
1300 621 1451 662 indicat
1489 622 1527 662 in
1567 625 1664 673 quot
1700 625 1838 673 partes
1875 620 1974 661 fides

161 681 375 720 dividenda
407 681 486 729 sit3
519 682 678 733 reliqui,
714 681 983 732 longitudines
1015 681 1202 733 partium.

159 754 493 978 ffissL
555 753 835 831 —fft
912 758 1218 864 133-1-{1
1255 786 1349 861 {-

256 983 441 1040 --÷÷
446 757 778 1049 ¹2}
815 756 1272 1042 ilg--1233—2‘2-*l33l
1323 1001 1327 1002 f

273 1064 409 1116 Atque
444 1064 518 1103 hae
549 1066 662 1105 solae
695 1078 814 1106 voces
847 1065 942 1105 mihi
975 1066 1183 1106 naturales
1210 1065 1410 1113 videntur,
1443 1071 1656 1119 propterea
1688 1043 1792 1118 quod
1825 1065 1975 1106 habent

155 1123 424 1163 indubitatum
456 1137 673 1165 numerum.
696 1124 725 1173 ¹)
789 1123 960 1165 Ceterae
999 1138 1119 1164 voces
1161 1137 1238 1164 non
1276 1129 1448 1176 possunt
1489 1130 1601 1166 certa
1631 1124 1898 1177 proportione
1923 1124 1972 1164 ad

148 1182 233 1233 jam
253 1182 408 1234 positas
431 1183 612 1234 exprimi.
631 1180 689 1231 ³⁰)
741 1184 846 1223 Nam
866 1196 1005 1223 vocem
1026 1185 1060 1224 F
1085 1184 1126 1223 fa
1151 1190 1207 1232 ut,
1243 1184 1363 1223 aliam
1396 1197 1445 1224 ex
1465 1183 1498 1224 O
1532 1185 1592 1224 sol
1625 1185 1668 1224 fa
1698 1189 1754 1233 ut,
1788 1183 1971 1237 desuper,

155 1241 275 1281 aliam
308 1254 357 1280 ex
388 1241 421 1280 B
455 1242 507 1281 mi
539 1243 648 1282 molli
681 1243 846 1282 inferius
880 1243 1034 1292 elicies,
1053 1242 1092 1291 ¹⁵)
1139 1249 1337 1296 utcunque
1377 1243 1452 1283 hae
1491 1243 1592 1283 duae
1618 1243 1824 1296 perfectae
1853 1241 1972 1295 quin-¹

154 1305 220 1339 tae
254 1313 343 1340 esse
375 1298 673 1349 videantur.⁴¹)
725 1300 807 1341 Sed
840 1302 891 1341 ad
922 1315 1018 1343 rem.
1081 1302 1219 1342 Prima
1251 1307 1292 1342 et
1325 1303 1500 1342 secunda
1532 1302 1746 1343 eoncordia
1777 1302 1972 1355 quodam-

153 1359 268 1399 modo
302 1359 435 1399 sociae
468 1365 583 1408 sunt;
618 1360 675 1400 sic
708 1361 834 1401 etiam
866 1361 1006 1414 quinta
1026 1366 1066 1402 et
1086 1367 1217 1402 sexta.
1271 1360 1371 1402 Cum
1405 1361 1509 1402 enim
1539 1361 1801 1414 imperfectae
1834 1373 1972 1401 omnes

154 1418 235 1458 sint
254 1417 309 1466 ¹):
343 1418 460 1458 binae
494 1432 670 1471 semper,
706 1433 784 1460 una
817 1421 934 1468 dura,
968 1421 1098 1461 altera
1130 1420 1282 1469 mollis,
1316 1420 1567 1473 conspirant,
1600 1425 1646 1462 ut
1672 1418 1845 1474 *singulis
1877 1418 1972 1472 per-

155 1477 271 1517 fectis
294 1478 583 1529 quodammodo
606 1479 926 1532 aequiparentur.
975 1480 1061 1520 Nec
1096 1452 1309 1520 admoduin
1343 1480 1524 1520 diversas
1557 1479 1774 1520 divisiones
1806 1478 1968 1519 habent.

152 1537 257 1576 Nam
299 1532 340 1588 Ἰ6
380 1541 422 1575 et
464 1532 502 1590 ¹l5
542 1550 632 1577 sese
665 1539 817 1578 habent
849 1539 898 1578 ad
931 1539 1124 1587 invicem,
1165 1543 1210 1579 ut
1249 1535 1316 1594 ‘sao
1355 1544 1397 1579 et
1428 1534 1529 1606 '‘lw,
1572 1551 1672 1592 quae
1704 1543 1860 1579 tantum
1892 1551 1972 1578 uua

153 1595 361 1646 trigesima
395 1595 594 1636 differunt.
660 1596 728 1636 Sic
771 1593 812 1650 ³l3
851 1603 892 1637 et
933 1593 975 1651 ²l5
1016 1611 1058 1637 se
1091 1598 1242 1638 habent
1273 1599 1324 1638 ad
1355 1598 1539 1647 invicem,
1573 1603 1619 1638 ut
1658 1594 1746 1650 ’Ἃ0
1784 1602 1826 1638 et
1860 1592 1968 1665 ¹⁶l39,

154 1654 340 1694 differunt
391 1654 513 1706 igitur
556 1659 712 1695 tantum
758 1668 837 1695 una
882 1657 1190 1724 quadragesima
1239 1657 1450 1710 particula.
1527 1658 1662 1710 Atque
1706 1657 1766 1697 ita
1809 1655 1967 1709 proprie

154 1714 361 1764 loquendo,
396 1717 553 1753 tantum
588 1715 759 1768 quinque
786 1715 825 1754 in
846 1715 998 1756 musica
1027 1716 1220 1756 habemus
1253 1717 1500 1766 concordias,
1535 1717 1584 1756 ad
1618 1728 1821 1756 numerum
1852 1715 1968 1768 quin-

153 1785 226 1824 que
261 1784 483 1824 corporum.
549 1772 666 1820 Quod
699 1774 732 1813 si
767 1780 921 1826 septem
956 1775 1193 1818 divisionum
1226 1775 1263 1814 in
1299 1772 1343 1823 6,
1378 1774 1418 1823 5,
1451 1773 1498 1824 4,
1533 1774 1578 1824 3,
1613 1773 1659 1825 8,
1693 1773 1739 1824 5,
1773 1773 1822 1825 2,
1856 1787 1968 1815 com-

150 1844 306 1870 munem
339 1831 541 1871 minimum
575 1832 777 1872 dividuum
810 1846 993 1885 quaeras,
1028 1847 1183 1874 rursum
1213 1834 1393 1874 invenies
1431 1833 1524 1884 120,
1557 1839 1602 1874 ut
1634 1847 1765 1886 supra,
1799 1847 1888 1874 cum
1920 1834 1968 1873 de

151 1889 344 1929 divisione
377 1891 529 1930 zodiaci
565 1904 786 1943 ageremus,
799 1894 844 1941 ¹¹¹)
877 1893 1145 1944 perfectarum
1178 1906 1271 1933 vero
1305 1894 1606 1934 concordiarum
1626 1893 1830 1934 minimum
1862 1892 1967 1933 divi-

150 1949 269 1987 duum
302 1961 457 1988 rursum
494 1948 567 1990 12:
603 1952 720 2002 plane
755 1952 867 2004 quasi
900 1952 1105 2003 perfectae
1139 1952 1377 1993 concordiae
1410 1967 1435 1992 a
1466 1953 1662 2005 quadrato
1696 1958 1738 1992 et
1769 1951 1968 2004 triangulo

151 2007 251 2055 cubi,
287 2008 481 2048 tetra'edri
515 2014 556 2048 et
587 2011 780 2056 octaedri,
814 2011 1072 2063 imperfectae
1107 2023 1200 2051 vero
1235 2026 1258 2051 a
1291 2012 1512 2063 decangulo
1546 2011 1784 2063 reliquorum
1804 2007 1981 2052 duorum‘

153 2078 360 2118 corporum
391 2068 658 2118 provenirent.
682 2071 718 2118 ¹¹)
769 2070 916 2121 ,Atque
949 2070 1049 2110 haec
1089 2071 1267 2110 secunda
1306 2075 1615 2122 est‘corporum
1654 2070 1841 2122 cognatio
1881 2082 1969 2110 cum

152 2126 373 2164 concordiis
406 2126 580 2166 musicis.
645 2127 726 2167 Sed
760 2128 853 2181 quia
885 2142 1030 2168 causas
1068 2129 1185 2180 hujus
1225 2129 1478 2181 cognationis
1515 2130 1767 2181 ignoramus,
1807 2129 1967 2170 difficile

151 2189 215 2223 est
246 2186 546 2225 accommodare
580 2186 759 2239 singulas
792 2188 1020 2228 harmonias
1054 2188 1220 2239 singulis
1254 2189 1501 2240 corporibus.
1522 2189 1557 2236 ⁰)

271 2243 467 2283 Videmus
501 2244 658 2296 quidem
692 2247 789 2285 duos
832 2247 1126 2286 harmoniarum
1170 2247 1353 2297 ordines,
1401 2253 1484 2287 tres
1524 2247 1728 2299 simplices
1766 2247 1967 2299 perfectas

150 2306 191 2340 et
223 2301 321 2340 duas
355 2302 532 2354 duplices
566 2304 853 2356 imperfectas:
894 2306 997 2346 sicut
1029 2306 1107 2346 tria
1138 2307 1329 2357 primaria
1364 2319 1553 2359 corpora,
1595 2307 1671 2346 duo
1703 2305 1965 2356 secundaria:

150 2373 284 2399 verum
318 2374 406 2400 cum
437 2362 591 2415 reliqua
623 2377 698 2403 non
742 2366 999 2410 conveniant,
1044 2365 1267 2405 deserenda
1306 2371 1367 2405 est
1406 2367 1505 2406 haec
1549 2365 1777 2406 conciliatio
1811 2370 1852 2406 et
1884 2365 1966 2405 alia

149 2420 355 2459 tentanda.
377 2423 414 2468 p)
477 2421 633 2475 Nempe
666 2423 770 2463 sicut
803 2424 1081 2464 dodecae'dron
1121 2429 1162 2465 et
1201 2425 1437 2465 icosaedron
1478 2437 1549 2465 suo
1589 2424 1812 2476 decangulo
1845 2436 1966 2476 supra

150 2484 345 2518 auxerunt
378 2480 662 2521 duodenarium
694 2495 816 2536 usque
851 2484 901 2523 ad
939 2482 1039 2531 120,
1085 2483 1143 2523 ita
1182 2484 1244 2524 hic
1284 2484 1544 2536 imperfectae
1589 2483 1818 2523 harmoniae
1858 2483 1964 2522 idem

153 2537 316 2578 faciunt.
602 2555 612 2561 ·

267 2597 396 2637 Emnt
435 2598 557 2648 igitur
594 2600 644 2638 ad
683 2600 849 2648 cubum,
896 2601 1105 2654 pyramida
1145 2607 1187 2641 et
1226 2602 1441 2642 octaedron
1476 2599 1837 2641 accommodandae
1868 2611 1963 2655 per-7

152 2655 280 2694 fectae
312 2656 563 2706 harmoniae,
605 2658 655 2698 ad
695 2659 973 2699 dodecaedron
1007 2666 1048 2699 et
1081 2660 1319 2701 icosaedlon
1330 2656 1623 2714 impeff‘ctae
1670 2653 1776 2705 Quo
1804 2656 1966 2699 accedit

151 2719 190 2752 et
222 2714 317 2754 illud
349 2722 467 2767 atque
501 2690 633 2757 hei-cle
665 2717 837 2758 indicem
870 2719 1038 2770 digitum
1072 2720 1121 2759 ad
1149 2733 1313 2760 causam
1341 2720 1483 2759 harum
1503 2720 1633 2758 reiu'm
1654 2716 1964 2758 occultissimam

151 2771 337 2821 intendit,
361 2777 397 2821 q)
441 2776 542 2827 quod
583 2777 762 2828 proximo
804 2778 935 2845 capite
974 2778 1231 2818 habebimus·
1278 2779 1375 2818 duos
1415 2790 1554 2830 nempe
1597 2790 1686 2817 esse
1718 2777 1964 2827 geometriae

150 2830 372 2880 thesauros,
403 2847 545 2873 unum:
580 2836 825 2875 subtensae
815 2850 854 2876 1n
876 2838 1110 2888 rectangulo
1132 2837 1327 2877 rationem
1349 2838 1399 2876 ad
1420 2837 1560 2884 latera,
1595 2836 1784 2875 alterum:
1817 2834 1965 2875 lineam

151 2894 330 2928 extrema
363 2896 403 2929 et
423 2893 552 2932 media
580 2895 734 2934 ratione
757 2900 921 2942 sectam,
944 2898 976 2943 r)
1011 2908 1172 2947 quorum
1206 2909 1253 2935 ex
1287 2896 1355 2935 illo
1388 2896 1488 2941 cubi,
1521 2893 1740 2948 pyramidis
1773 2899 1815 2934 et
1845 2899 1962 2934 octa-

153 2947 236 2986 edri
282 2951 523 2990 constructio
568 2953 679 3001 fluit,
734 2967 783 2992 ex
827 2955 901 2993 hoc
946 2966 1040 2993 vero
1092 2955 1335 2994 constructio
1382 2955 1622 2995 dodecaedri
1667 2959 1709 2992 et
1751 2951 1961 2992 ἰοοετιόἀιί.

154 3006 268 3045 Unde
301 3011 383 3046 tam
418 3009 548 3049 facilis
583 3017 623 3050 et
655 3012 848 3061 regularis
883 3018 946 3052 est
977 3013 1185 3064 inscriptio
1218 3013 1472 3066 pyramidis
1461 3027 1501 3053 m
1524 3012 1677 3060 cubum,
1713 3011 1890 3051 octaedri
1925 3011 1963 3050 in

156 3069 389 3116 utrumque,
435 3067 538 3107 sicut
575 3069 814 3110 dodeca'edri
854 3071 891 3111 in
932 3071 1180 3111 icosaedron.
1245 3072 1302 3112 Ut
1340 3078 1474 3113 autem
1513 3071 1692 3125 singulae
1735 3069 1962 3111 harmoniae
