2028 3242
0 1317 11 1443 ἓ

0 1444 11 1535 ξ,

0 1543 13 1609 ξ

825 83 934 127 Caput
956 84 1078 118 xxm.
1290 95 1293 97 -
1769 81 1850 125 185

51 191 186 233 draus.
248 188 384 244 Caput
414 196 547 232 autem
578 190 620 232 in
651 190 806 240 libram,
841 196 884 232 et
913 191 1082 232 caudam
1108 186 1151 231 in
1182 191 1349 233 arietem
1379 192 1522 240 refero,
1555 196 1601 232 ut
1630 190 1686 231 sit
1715 190 1755 232 in
1786 203 1857 231 ra-

50 246 191 292 tionali
222 250 304 292 situ
333 263 422 292 cum
451 250 592 298 Luna,
635 249 786 302 absque
829 250 969 302 eclipsi
1006 253 1141 291 tamen
1157 280 1168 298 ,
1213 255 1255 291 et
1291 255 1336 291 nt
1366 250 1483 292 Luna
1519 250 1575 290 sit
1612 250 1654 290 in
1685 249 1859 290 maximo

53 309 178 350 limite
208 309 344 351 boreo.
404 308 495 350 Erit
531 309 653 362 igitur
683 308 810 349 Terra
845 308 995 349 oculari
1037 309 1159 349 etiam
1201 309 1336 362 positu
1378 309 1513 349 media
1554 309 1660 349 inter
1702 309 1858 357 stellas,

51 368 156 409 sicut
185 368 295 410 orbis
326 368 413 421 ejus
443 368 549 410 inter
578 367 696 408 orbes
725 367 898 408 medium
929 368 1060 408 locum
1088 372 1200 408 certo
1228 368 1307 409 Dei
1338 367 1505 409 consilio
1537 367 1727 415 obtinuit,
1758 368 1861 421 ‚quia

51 426 184 468 omnia
211 433 376 483 propter
405 426 615 468 bominem.
677 424 795 473 Quod
826 426 862 466 si
892 425 1032 468 Solem
1063 426 1185 467 etiam
1224 427 1288 468 bic
1319 426 1360 467 in
1391 426 1440 476 ’Υ“
1470 427 1601 474 loces,
1647 427 1725 467 erit
1761 425 1788 477 b
1819 426 1859 466 in

52 493 129 537 ἐξ,
160 491 204 527 et
231 487 267 534 3
295 486 335 527 iu
355 496 414 536 Θ,
445 492 488 527 et
516 485 670 539 reliqua
699 485 897 526 similiter.
942 484 1134 526 Sumendi
1164 490 1298 526 autem
1330 491 1462 526 motus
1492 486 1628 533 medii,
1660 498 1754 526 nam
1785 486 1860 526 hos

51 545 92 586 in
123 545 316 598 principio
346 557 487 586 cursus
515 556 634 585 veros
664 556 755 585 esse
788 544 988 590 convenit,
1020 557 1159 597 nempe
1185 545 1238 585 ab
1258 545 1477 586 absidibus.
1498 544 1537 592 ⁴¹)
1579 545 1693 585 Haec
1724 545 1862 598 palma

52 604 91 644 in
124 604 253 644 medio
282 603 430 657 posita,
462 616 580 656 quam
611 607 683 644 aut
712 603 881 644 similem
911 603 947 643 si
978 603 1067 656 quis
1099 609 1170 644 aut.
1201 617 1251 644 ex
1282 604 1436 644 calculo
1468 608 1539 645 aut
1569 617 1620 644 ex
1650 608 1861 645 restaura-

53 663 163 704 tione
193 662 464 704 astronomiae
492 663 663 717 adeptus
682 662 815 712 fuerit,
848 663 883 703 is
907 662 1096 721 Phguida
1127 663 1237 704 solus
1270 662 1448 704 habebit.
1510 663 1624 704 Haec
1657 664 1705 704 de
1737 662 1863 704 initio.

170 721 309 763 Finem
345 722 470 763 motui
507 721 655 762 nullum
693 734 782 762 cum
820 721 977 762 ratione
1021 722 1174 770 statui,
1219 722 1447 775 nullumque
1490 722 1575 763 fore
1613 722 1863 763 Platonicum

54 793 200 822 annum
229 793 280 821 ex
304 781 509 833 postulato
529 793 603 821 uno
622 780 816 833 probabo.
838 782 874 829 ·)
919 780 1051 822 Detur
1074 794 1244 836 namque
1276 780 1619 822 eccentricitatem
1650 794 1742 821 esse
1775 794 1863 822 cum

54 839 149 881 orbe
179 839 220 881 iu
250 840 506 896 proportione
536 839 742 888 rationali,
775 844 893 879 erunt
922 838 1045 892 igitur
1074 840 1227 882 orbium
1258 840 1365 882 radii
1390 840 1562 881 invicem
1592 841 1862 887 irrationales,

55 898 149 952 quia
174 898 326 940 habent
355 912 399 940 se
430 904 474 939 ut
503 898 685 951 inscripti
715 903 757 939 et
786 898 1074 952 circumscripti
1099 899 1343 953 corporibus,
1376 900 1443 952 qui
1473 899 1729 940 irrationales
1756 904 1862 947 sunt,

55 956 149 1011 quia
178 962 395 1011 sequuntur
424 969 475 998 ex
505 957 661 998 ratione
692 957 909 998 subtensae
940 957 980 998 in
1013 959 1223 1011 quadrato,
1256 963 1299 999 et
1330 959 1521 1000 sectionis
1541 959 1758 1000 secundum
1789 971 1865 999 ex-

55 1022 224 1059 tremam
255 1022 300 1058 et
328 1017 503 1059 mediam
533 1015 750 1065 rationem,
786 1029 887 1069 quae
918 1016 995 1058 duo
1027 1023 1121 1058 sunt
1151 1018 1337 1070 exempla
1367 1017 1661 1059 irrationalium
1691 1017 1732 1058 in
1763 1029 1864 1070 geo-

57 1076 214 1118 metria.
258 1075 354 1118 Jam
383 1080 518 1117 autem
548 1081 680 1117 motus
711 1088 801 1116 cum
831 1075 955 1116 radiis
981 1076 1021 1117 in
1041 1077 1295 1130 proportione
1316 1082 1436 1126 sunt;
1468 1089 1563 1130 ergo
1594 1081 1728 1117 motus
1758 1076 1866 1118 inter

56 1149 102 1176 se
130 1134 399 1181 irrationales,
429 1140 474 1175 et
501 1135 559 1176 sic
590 1147 791 1187 uunquam
823 1135 876 1175 ad
905 1135 1010 1176 idem
1040 1136 1227 1177 redibunt
1255 1135 1431 1186 initium,
1465 1137 1543 1177 etsi
1577 1136 1769 1177 durarent
1798 1137 1863 1177 iu-

58 1193 180 1236 liuitis
211 1194 387 1235 seculis:
428 1194 523 1247 quia
553 1206 770 1246 nunquam,
808 1207 856 1234 ne
888 1193 927 1235 in
959 1195 1114 1236 infinita
1144 1195 1302 1248 quidem
1331 1195 1510 1236 sectione
1541 1195 1754 1248 temporis,
1793 1207 1865 1236 oc-

58 1258 235 1295 curreret
263 1253 484 1295 eommunis
502 1266 699 1301 mensura,
734 1265 812 1306 qua
836 1253 997 1305 saepius
1025 1254 1199 1307 repetita
1230 1260 1407 1295 motuum
1437 1254 1610 1295 omnium
1642 1267 1743 1295 unus
1775 1259 1864 1294 ter-

59 1311 202 1361 minus,
235 1317 279 1354 et
306 1318 417 1354 meta
445 1312 541 1353 anni
559 1312 760 1354 Platonici
792 1313 1076 1354 constituatur.
1120 1313 1178 1354 Et
1203 1314 1289 1365 jam
1320 1314 1385 1354 vel
1417 1314 1580 1354 tandem
1611 1325 1700 1354 cum
1731 1313 1867 1354 divino

60 1370 283 1423 Copemioo
324 1371 425 1412 libet
466 1371 718 1411 exclamare:
772 1371 932 1419 „Tanta
973 1372 1158 1413 nimirum
1201 1373 1339 1413 divina
1381 1373 1481 1413 baec
1521 1378 1587 1412 est
1623 1371 1721 1425 opt.
1754 1373 1866 1413 Max.

60 1429 267 1479 tubi-ica?
299 1436 343 1471 et
361 1443 450 1471 cum
468 1430 622 1470 Plinio:
659 1429 812 1478 „Sacer
838 1436 903 1470 est
933 1431 1145 1479 (mundus)
1177 1431 1404 1475 immensus,
1437 1436 1548 1472 totus
1581 1431 1620 1472 in
1653 1436 1755 1482 toto,
1787 1431 1868 1472 imo

60 1501 155 1530 vero
185 1488 273 1543 ipse
304 1494 453 1535 totum,
484 1489 619 1530 finitus
651 1494 691 1528 et
723 1489 873 1529 infinito
905 1489 1088 1530 simikis.“
1400 1507 1402 1509 ¹

178 1547 238 1590 'ru
268 1560 389 1596 nunc,
427 1548 553 1588 amice
585 1548 751 1596 Lector,
792 1548 908 1588 finem
940 1549 1114 1589 omnium
1145 1550 1283 1590 horum
1314 1561 1364 1589 ne
1402 1548 1665 1597 obliviscare,
1704 1548 1771 1601 qui
1809 1553 1873 1588 est

61 1606 257 1660 cognitio,
296 1607 509 1648 admiratio
547 1612 589 1647 et
626 1607 832 1647 veneratio
865 1606 1163 1660 Sapientissimi
1196 1606 1374 1660 Opificis.
1437 1608 1550 1649 Nihil
1587 1607 1692 1648 enim
1724 1613 1789 1648 est
1820 1607 1871 1647 ab

62 1666 190 1708 oculis
220 1666 274 1707 ad
302 1671 493 1715 mentem,
528 1680 553 1706 a
582 1666 671 1706 visu
704 1666 755 1706 ad
787 1667 1182 1720 contemplationem,
1216 1681 1241 1719 a
1272 1680 1388 1718 cursu
1422 1666 1870 1724 asEechill,‚{dm‘
1896 1703 1901 1705 .
1924 1687 1936 1698 υ
1977 1695 1980 1698 -

64 1723 581 1782 QdiQimgm„-Crmmds
606 1724 818 1775 consilium
840 1726 1122 1777 processisse:
1162 1727 1195 1767 si
1226 1725 1289 1766 hic
1324 1726 1527 1779 quiescere
1559 1719 1682 1775 velis,
1720 1730 1764 1765 et
1793 1738 1871 1766 non

64 1797 140 1825 uno
170 1785 322 1837 impetu
358 1789 523 1837 totaque
560 1784 682 1824 animi
714 1784 928 1824 devotione
961 1798 1115 1826 sursum
1147 1786 1185 1825 in
1219 1785 1426 1826 Creatoris
1458 1783 1664 1834 notitiam,
1699 1797 1874 1826 amorem

63 1843 288 1896 cultumque
320 1844 498 1886 efferare.
550 1842 685 1889 Quare
715 1850 831 1884 casta
856 1849 989 1884 mente
1022 1849 1063 1884 et
1094 1851 1212 1896 grato
1244 1846 1376 1885 animo
1407 1857 1559 1886 mecum
1590 1844 1874 1897 perfectissimi

65 1903 197 1955 operis
227 1901 463 1943 Architecto
494 1897 725 1955 sequentem
756 1902 944 1956 hymnum
976 1903 1126 1944 aecine.

405 2019 511 2060 Jova
540 2018 665 2059 Sator
693 2020 855 2067 Mundi,
888 2026 1143 2073 nostrumque
1177 2027 1343 2062 aeterna
1373 2025 1579 2073 potestas,

349 2077 513 2124 Quanta
542 2083 614 2117 tua
645 2084 709 2118 est
740 2091 895 2119 omnem
927 2080 1141 2120 Terrarum
1174 2081 1283 2120 fama
1312 2093 1385 2132 per
1415 2080 1583 2121 orbem?

351 2195 513 2235 Moenia
545 2196 748 2235 concussis
779 2196 891 2236 volat
922 2197 1170 2237 admirabilis
1202 2197 1290 2237 alis.

353 2253 555 2305 Agnoscit
584 2265 681 2304 puer
712 2259 754 2293 et
785 2260 921 2307 spreto
953 2261 1076 2318 satji!-k
1095 2256 1216 2296 ubere
1247 2256 1549 2305 balbisssm„
1675 2265 1724 2289 δ
1749 2293 1759 2297 -

351 2313 408 2352 Te
440 2311 619 2352 dictante
650 2313 771 2352 struit.
800 2313 937 2353 valida
966 2308 1203 2365 afg‘umenta
1234 2314 1419 2368 labellis:

351 2372 620 2423 Argumenta,
653 2370 794 2422 quibus
825 2372 1000 2436 tumidus
1031 2373 1285 2413 confunditur
1314 2373 1445 2413 hostis
1539 2406 1546 2424 f
1762 2394 1866 2426 ²2¹.

353 2429 755 2493 Contemtorqtffxgtyi
785 2420 1099 2487 δ«ξιὟόοιῆῖέιιίῐοι·
1122 2432 1225 2483 juris
1258 2437 1300 2471 et
1331 2431 1474 2483 aequi:
1533 2440 1539 2456 ὲ
1662 2433 1667 2439 '

351 2490 433 2529 Ast
464 2467 696 2547 egofqugl
698 2461 869 2528 (ΐέἕᾶὲίηἵ
870 2483 1068 2540 ”spatioso
1098 2490 1254 2530 Numen
1285 2491 1324 2530 in
1357 2490 1476 2538 orbe,

25 2518 47 2534 -4

91 2523 154 2587 W‘i
186 2549 247 2597 εὖ)
331 2599 334 2602 ¹
350 2546 399 2604 S
433 2544 809 2614 gigiagi‘attonitus
840 2548 946 2587 vasti
979 2548 1183 2603 molimina
1214 2550 1334 2595 coeli,

39 2605 51 2620 ε
71 2618 74 2619 ⁷
521 2603 534 2612 „

336 2596 404 2647 *M
451 2619 491 2646 m
523 2605 622 2657 opus
653 2605 853 2653 Artificis,
885 2594 1269 2647 validffff'miracula
1301 2608 1494 2655 dextrae;

354 2663 537 2718 Quinque
569 2664 627 2704 uti
659 2664 837 2704 sidereos
869 2665 1017 2705 normis
1049 2666 1281 2721 distinxeris
1314 2667 1451 2712 orbes,

355 2722 467 2769 Quos
497 2724 605 2763 intra
635 2723 790 2763 medius
823 2723 998 2775 lucisque
1031 2724 1263 2776 animaeque
1296 2725 1477 2764 minister

355 2781 449 2828 Qua
478 2783 565 2833 lege
597 2782 750 2821 aeterni
782 2794 919 2822 cursus
951 2783 1176 2823 moderetur
1207 2779 1406 2829 habenas,

355 2840 469 2887 Quas
500 2841 637 2892 capiat
666 2840 827 2880 variata
858 2840 986 2888 vices,
1021 2854 1119 2893 quos
1152 2842 1267 2881 Luna
1298 2842 1477 2890 labores,

356 2898 565 2951 Sparseris
597 2899 787 2939 immenso
820 2912 936 2951 quam
968 2899 1138 2951 plurima
1169 2900 1301 2940 sidera
1332 2912 1485 2952 campo.

415 3015 592 3055 Maxime
623 3015 763 3055 Mundi
797 3015 963 3068 Opifex.
997 3022 1145 3068 quate
1178 3016 1330 3057 ratione
1363 3017 1497 3069 coegit

356 3074 531 3123 Parvus,
564 3073 697 3130 inops,
730 3074 908 3123 humilis,
941 3082 1102 3127 tamque
1134 3075 1302 3130 exiguae
1335 3075 1464 3116 incola
1494 3075 1636 3127 glebae

351 2135 494 2176 Gloria
525 2142 675 2189 quanta
705 2142 777 2177 tua
808 2138 904 2177 est?
954 2137 1068 2179 Coeli
1099 2137 1362 2191 quaefflidita
1393 2151 1515 2192 supra
1624 2131 1666 2174 L
1786 2126 1829 2202 ,ἦ
1847 2124 1882 2146 ⁹*
1903 2125 1917 2140 ἦ
1990 2131 1996 2135 ’
