1982 3268
780 115 996 153 mnu-
1714 107 1778 155 ’43

0 227 122 282 pieria
160 237 240 267 nou
280 224 416 267 dubito
464 224 558 278 quin
599 228 722 265 antea
760 222 936 263 habeas:
979 233 1101 275 quare
1138 219 1255 262 facile
1290 219 1448 273 patior,
1490 223 1537 261 ut
1565 217 1781 260 difficultas

0 283 287 329 transmittendi
316 297 388 338 per
416 287 573 325 tantum
599 282 856 323 intervallum
886 294 913 320 a
941 280 1133 321 mittendo
1163 292 1227 320 me
1258 284 1413 319 avocet.
1447 277 1618 319 Tuornm
1647 282 1780 318 antem

0 356 153 399 operum
170 343 222 386 ad
238 355 314 384 nos
330 343 430 384 nihil
446 343 669 396 persei-tun
701 353 880 395 quaeque
899 340 949 380 de
967 346 1010 381 te
1027 339 1215 387 sciebam,
1248 350 1299 378 ex
1316 337 1533 379 Maestlino
1553 336 1781 377 didiceram.

0 403 120 448 Dabis
149 403 271 455 igitur
298 402 468 450 veniam,
499 401 534 443 si
565 401 706 455 quibus
735 400 777 441 in
807 399 907 441 locis
936 399 996 440 tui
1019 397 1189 440 nominis
1218 396 1460 439 mentionem
1492 396 1643 437 faciens
1673 395 1781 447 inju-

0 461 92 505 riam
120 462 195 505 tibi
224 468 394 514 tuaeque
424 459 634 515 hypothesi
666 459 824 500 faciam.
884 458 1009 500 Plura
1044 457 1239 505 dicturum
1281 455 1627 509 quaesiturumque
1663 466 1781 496 reve-

0 521 120 563 rentia
148 533 211 563 me
241 520 401 562 retinet.
460 519 587 572 Aperi
618 518 789 560 luctanti
832 517 922 558 voci
962 517 1068 558 viam
1111 515 1273 568 scriptis
1314 515 1366 556 ad
1409 527 1471 555 me
1501 513 1781 567 paucissimis.

0 580 141 622 efficies
171 579 288 628 enim,
318 584 366 624 ιιι
393 578 467 620 tibi
492 579 774 627 demonstrem,
807 581 957 631 quanto
984 576 1060 616 sim
1087 574 1265 618 discendi
1297 587 1414 627 quam
1433 573 1564 614 laudis
1589 573 1780 626 cupidior.

0 639 111 690 Vale,
140 638 217 680 Vir
244 638 500 686 nobilissime,
532 649 698 690 meaque
727 637 803 678 tibi
833 635 968 677 studia.
997 634 1273 676 commendata
1303 633 1418 674 habe.

108 697 244 747 Idibus
272 694 534 739 Dec.1597.

384 755 621 798 Nobilitatis
653 761 694 796 et
723 732 1014 807 magnitudinis
1043 752 1154 793 Tuae
1185 751 1401 792 Reverent.

973 812 1035 854 M.
1068 811 1255 854 Ioannes
1279 808 1512 864 Keplerm,

698 872 761 913 Ill.
795 871 957 927 Styriae
988 872 1205 912 Procerum
1235 871 1277 911 in
1310 867 1532 924 Gymnasio
1564 865 1784 909 Graecensi

1087 929 1414 971 Mathematicus.

83 1048 293 1092 (Inscriptiez
315 1047 396 1081 Viro
419 1046 627 1082 Nobilissimo
651 1053 687 1081 et
710 1047 927 1089 Amplissimo.
952 1047 1093 1080 Domine
1118 1046 1267 1089 Tychoni
1291 1045 1402 1080 Brahe
1427 1045 1547 1083 Dauo,
1570 1043 1784 1078 Mathemati-

0 1107 100 1132 ιοιιιιιι
122 1097 275 1141 meipi.
300 1097 345 1130 ad
366 1105 496 1129 manus.
546 1095 584 1128 In
610 1093 872 1135 Dennemarck.)

83 1144 219 1187 hehe.
243 1146 369 1188 grades
392 1152 520 1186 agens,
545 1143 714 1186 epistolam
737 1143 901 1179 reddidit,
924 1151 1022 1186 quam
1045 1147 1152 1176 totam
1173 1142 1228 1175 hic
1251 1141 1460 1175 inserendam
1483 1151 1679 1177 censemus.
1712 1149 1787 1173 cum

0 1200 57 1227 eeu
91 1195 224 1225 tantum
257 1192 338 1224 'nisit
373 1190 537 1234 munniz
567 1191 768 1224 celeberrimi
801 1194 872 1223 ιιιιιι
904 1191 1058 1233 temporis
1090 1190 1268 1223 monomi
1302 1190 1343 1223 de
1367 1189 1503 1232 Kepleri
1531 1189 1666 1231 juvenili
1690 1197 1787 1230 opere

0 1240 168 1277 iudicium,
192 1239 253 1272 eed
275 1239 376 1272 etiam
399 1238 620 1272 “menies
641 1239 804 1281 quaedam
829 1238 871 1271 de
893 1239 1034 1271 motibus
1057 1237 1287 1280 planetarum.
1318 1241 1356 1270 et
1379 1238 1420 1270 de
1442 1237 1517 1273 iila,
1553 1245 1652 1278 quam
1676 1235 1785 1269 Ptole·

0 1295 129 1324 nans,
165 1285 362 1329 copes-niem
385 1290 420 1318 et
441 1284 590 1318 Braheus
613 1287 683 1328 ipse
707 1289 895 1318 stamersnt
917 1285 1029 1318 mundi
1051 1286 1203 1323 ratione,
1240 1285 1355 1328 quihus
1387 1294 1447 1328 per
1477 1294 1513 1317 se
1539 1289 1574 1316 et
1595 1288 1728 1326 propter
1748 1291 1786 1315 se

0 1334 80 1369 find
115 1333 360 1367 mendis
403 1332 536 1366 sdditue
575 1338 653 1366 suut
682 1333 913 1365 annotationes
948 1333 1083 1375 Kepleri
1122 1334 1156 1365 in
1192 1333 1342 1375 margine
1378 1331 1537 1374 epistolae
1575 1331 1786 1373 Tychonicae

0 1389 93 1424 nanu
113 1381 243 1424 propria
266 1380 451 1423 adscriptae
475 1377 573 1422 (quas
598 1381 755 1423 appositis
776 1380 879 1413 literis
904 1389 994 1413 a-n
1019 1380 1202 1413 addidimus
1226 1384 1340 1413 annot.
1368 1377 1440 1416 ¹3).

0 1439 2 1442 ’
82 1427 178 1462 Haec
193 1432 305 1461 autem
319 1432 397 1461 ειιιιι
410 1427 510 1460 verba
524 1427 711 1468 Tychouis:
737 1427 772 1461 S.
783 1427 821 1460 P.
841 1427 1064 1460 Bmditissime
1081 1432 1116 1460 et
1130 1428 1411 1470 praestantissime
1423 1426 1505 1462 Virz
1528 1425 1647 1458 literae
1662 1428 1743 1457 tuae
1767 1434 1787 1457 e

0 1475 103 1523 Dyrra
125 1475 175 1508 Id.
198 1474 283 1509 Dee.
308 1475 479 1517 superioris
512 1476 591 1508 anni
627 1475 671 1508 ad
700 1485 754 1508 me
777 1475 878 1508 dstae
902 1476 991 1507 circa
1014 1476 1110 1508 initia
1131 1474 1245 1508 Martii
1267 1484 1327 1517 per
1348 1474 1556 1507 tabellarium
1578 1472 1788 1506 Helmstadie

0 1513 174 1559 baim
196 1522 276 1555 milri
298 1522 447 1556 redditae
470 1526 567 1558 suut.
596 1531 680 1566 quae
710 1527 841 1564 praeter
864 1523 1045 1555 doctrinam
1072 1528 1107 1556 et
1130 1522 1370 1555 humanitatem
1394 1521 1595 1565 singularem
1617 1529 1700 1562 erga
1720 1529 1786 1555 me.

0 1568 69 1605 het
89 1570 150 1603 dbi
173 1569 215 1603 de
237 1570 324 1603 tacis
347 1570 495 1612 igneum
519 1573 554 1602 et
575 1569 674 1612 longe
699 1569 860 1607 dissitum,
885 1573 1055 1602 testantur
1076 1570 1435 1612 benevolentiamque
1458 1570 1560 1601 etiarn
1575 1568 1708 1600 nomine
1724 1567 1784 1599 tihi

137 1617 256 1650 habeo.
302 1616 437 1650 Librum
460 1621 564 1654 mum,
588 1626 684 1660 quem
707 1617 918 1650 Prodromum
941 1627 1039 1650 vocas
1063 1617 1326 1650 dissertationum
1342 1616 1694 1659 comographiearum,
1715 1616 1787 1656 jam

117 1664 274 1702 videram.
298 1667 333 1697 et
354 1668 513 1707 qnantum
538 1664 624 1697 aliae
648 1666 881 1706 occupationes
904 1664 1056 1697 ferebant
1078 1664 1292 1708 perlegeram.
1328 1663 1445 1697 Placet
1467 1665 1496 1695 is
1519 1672 1601 1696 eane
1624 1672 1692 1695 non
1714 1671 1786 1694 me-

145 1715 216 1748 ,et
238 1711 362 1754 ingenii
385 1712 433 1743 tui
457 1720 597 1744 acumen
621 1721 788 1755 sagaxque
811 1712 956 1744 studium
979 1722 1044 1744 non
1068 1712 1204 1745 obscure
1218 1712 1295 1745 hinc
1312 1711 1462 1744 elucent.
1487 1715 1525 1743 ιιι
1541 1711 1582 1743 de
1598 1709 1683 1751 stylo
1698 1714 1787 1742 terso

56 1759 196 1791 rutundo
218 1758 300 1791 ιιιιιιι
326 1758 444 1791 dicam.
491 1758 670 1801 Ingeniosa
693 1764 779 1791 certe
804 1764 839 1792 et
862 1760 1032 1792 succincta
1062 1765 1114 1792 est
1143 1760 1344 1802 speculatio,
1375 1759 1584 1801 planetarum
1612 1757 1787 1789 distantias

36 1807 207 1840 circuitus
230 1806 425 1847 symmetriis
449 1806 645 1848 regularium
670 1816 860 1848 corporum,
896 1808 943 1838 uti
968 1807 1067 1842 facis
1101 1807 1323 1850 adstringere,
1356 1811 1390 1838 et
1412 1805 1552 1848 plurima
1574 1806 1608 1837 in
1632 1805 1683 1837 his
1706 1804 1787 1836 satis

0 1844 175 1897 hidre
197 1853 358 1890 videntur,
382 1862 449 1885 non
473 1854 636 1890 obstante,
661 1854 747 1896 quod
761 1854 983 1896 proportiones
997 1854 1218 1896 Coperniceae
1240 1864 1299 1896 per
1322 1854 1433 1886 omnia
1447 1854 1481 1885 in
1497 1853 1638 1884 minimis
1653 1851 1786 1894 quibus-

77 1900 167 1934 haud
188 1901 309 1943 ubique
333 1900 570 1942 adstipulentur
593 1898 665 1941 (a):
706 1911 780 1933 cum
813 1911 875 1934 eae
908 1902 950 1933 ab
974 1903 1051 1944 ipsis
1076 1903 1176 1935 etiam
1201 1902 1402 1943 appare-tiis
1425 1900 1572 1933 nonnihil
1594 1899 1785 1932 deflectant.

117 1948 217 1980 lando
231 1947 319 1980 hanc
333 1952 425 1980 tuam
441 1948 476 1980 in
491 1948 715 1991 excogitandis
738 1948 1023 1992 perquirendisque
1046 1950 1167 1982 talibus
1190 1949 1405 1991 diligentiam.
1441 1949 1495 1980 Διι
1510 1957 1585 1980 vero
1599 1957 1659 1989 per
1678 1946 1789 1978 omnia

6 2028 26 2043 ζ
56 1994 329 2038 acquiescendum
351 1995 413 2034 sit,
438 2005 504 2027 non
529 1996 577 2027 ita
599 1995 698 2028 facile
722 1995 867 2028 dixerim.
916 1996 950 2028 Si
975 1998 1114 2029 veriores
1139 1997 1420 2029 eccentricitatnm
1442 2000 1653 2037 utrarumque
1669 1995 1704 2026 in
1720 1994 1785 2025 sin·

10 2043 14 2045 “
36 2051 61 2068 >1⁴
97 2042 240 2084 planetis
264 2043 613 2080 commutationes,
650 2043 763 2085 quales
798 2043 940 2084 plurimis
966 2045 1060 2076 annis
1085 2045 1283 2085 conquisitas
1306 2044 1342 2075 in
1364 2047 1493 2099 promtu
1521 2043 1656 2080 habeo,
1694 2041 1786 2074 adhi-

3 2112 29 2132 p-
54 2093 320 2131 ·›·1·,poternnt
343 2091 577 2122 accuratiorem
600 2091 635 2122 iu
660 2090 710 2122 his
734 2092 892 2122 trutinam
916 2090 1077 2123 exhibere.
1125 2091 1248 2123 Verum
1271 2091 1375 2123 mihi'
1365 2101 1399 2123 ιιι
1417 2090 1617 2132 complendis
1633 2093 1669 2122 et
1684 2089 1785 2121 eden-

26 2155 29 2158 -
65 2137 148 2168 meis
170 2136 320 2178 operibns
343 2138 591 2174 astronomicis,
628 2147 714 2180 quae
737 2139 771 2169 in
795 2137 907 2170 Dania
930 2138 1167 2180 quodammodo
1190 2138 1383 2180 imperfecta.
1403 2137 1619 2180 reliqueram,
1644 2144 1785 2177 occupa-

6 2185 9 2192 “
50 2199 54 2206 ν
75 2199 89 2210 v·
107 2198 110 2209 ι
153 2193 220 2215 non
241 2185 385 2238 suppetit
408 2194 494 2217 nnnc
519 2185 631 2220 otium.
656 2193 698 2216 ea
722 2186 927 2218 accuratiore
950 2186 1029 2217 lima
1052 2187 1137 2218 inter
1152 2196 1189 2218 se
1205 2186 1414 2218 conferendi:
1439 2185 1497 2217 fiet
1511 2185 1573 2217 hoc
1591 2185 1674 2216 forte
1691 2183 1786 2216 alias.

55 2234 168 2262 autem
190 2234 226 2262 te
244 2231 328 2263 scire
343 2230 440 2262 velim
456 2229 520 2271 (b),
539 2232 803 2264 eceentricitates
819 2233 908 2273 ipsas
924 2234 1091 2275 utriusque
1107 2233 1202 2271 illius,
1228 2237 1266 2264 ut
1282 2234 1328 2265 sic
1343 2242 1433 2265 nunc
1448 2233 1573 2274 loquar,
1600 2231 1788 2267 eccentrici,

15 2292 43 2303 m·
66 2300 69 2302 —
100 2276 296 2318 Copernicns
318 2277 414 2318 paulo
439 2278 534 2311 aliter
557 2280 746 2316 excusavit,
784 2289 850 2312 non
874 2279 994 2311 habere
1020 2290 1077 2312 eas
1103 2280 1147 2312 ad
1168 2281 1308 2312 invicem
1330 2281 1570 2322 proportiones,
1594 2283 1633 2311 ut
1655 2287 1724 2311 una
1747 2278 1789 2309 sit

11 2327 18 2333 ’
63 2339 65 2351 2
150 2325 252 2356 tertia
272 2333 368 2365 pars:
407 2324 507 2356 veluti
530 2335 571 2357 ex
593 2325 781 2358 Ptolemaeo
805 2327 833 2358 is
857 2326 999 2358 deduxit.
1048 2326 1174 2359 Neuter
1196 2337 1271 2359 vero
1296 2337 1408 2360 eorum
1431 2327 1689 2359 demonstratum
1712 2325 1788 2358 reli-

22 2404 26 2411 ,
122 2369 190 2403 Sed
210 2370 295 2403 haec
319 2371 419 2403 aliam
441 2372 526 2403 inter
548 2382 584 2404 se
607 2372 733 2405 habent
754 2374 915 2405 rationem
939 2379 973 2405 et
997 2375 1030 2405 in
1055 2374 1190 2416 singulis
1213 2375 1341 2406 var-iant
1365 2371 1429 2414 (c).
1477 2373 1595 2415 Neque
1615 2374 1703 2405 enim
1719 2378 1787 2404 tres

19 2452 44 2457 μ,
72 2435 85 2445 ,.
135 2419 167 2445 ,ι’
200 2441 205 2445 .
235 2419 487 2454 observationes,
509 2423 584 2451 utut
606 2420 692 2452 inter
714 2429 750 2451 se
773 2421 808 2451 in
832 2422 1016 2452 eccentrico
1042 2419 1143 2463 (quod
1164 2419 1328 2462 praestas)
1354 2425 1501 2453 remotae
1515 2444 1524 2457 ‚
1551 2420 1719 2452 sufficiunt
1744 2419 1787 2450 ad

13 2465 39 2514 ζμ
70 2482 83 2491 ==
114 2466 312 2507 superiorum
334 2465 540 2506 planetarum
563 2475 714 2508 apogaea
738 2464 839 2508 (quae
864 2468 963 2499 etiam
986 2477 1052 2499 non
1076 2470 1191 2509 paucis
1215 2468 1368 2511 gradibus
1392 2472 1463 2500 tam
1491 2468 1650 2509 Alphonsi
1687 2476 1787 2509 quam

22 2514 47 2521 ”
76 2534 86 2538 --
110 2513 167 2545 ’ci
186 2513 311 2554 placita
335 2512 471 2544 coelitus
496 2511 646 2552 eludunt)
671 2518 705 2545 et
729 2515 989 2546 eeceutricitates
1014 2515 1128 2547 ambas
1153 2516 1196 2547 ad
1221 2516 1375 2547 amussim
1399 2515 1629 2552 extricandasz
1654 2514 1713 2546 sed
1728 2523 1787 2555 per

20 2593 31 2609 μ
52 2584 70 2606 3
89 2584 91 2587 .
122 2560 208 2592 orbis
231 2560 401 2593 circuitum
424 2561 458 2591 in
482 2560 624 2602 plurimis
647 2560 727 2593 locis
749 2560 834 2593 haec
857 2561 1056 2602 experiunda
1078 2563 1213 2594 veniunt
1237 2560 1316 2602 (d).
1353 2560 1455 2594 veluti
1489 2572 1511 2594 a
1543 2562 1635 2594 nobis
1658 2570 1785 2603 quoque

20 2644 22 2650 μ
52 2623 83 2651 .'
145 2611 215 2644 εει,
238 2607 332 2644 adeo,
355 2611 395 2639 ut
418 2608 518 2640 etiam
540 2607 720 2650 tardigradi
742 2607 828 2639 illius
845 2607 978 2640 Saturni
1002 2610 1171 2642 circuitum
1196 2611 1481 2651 expectaverimus.
1531 2608 1620 2641 Nam
1645 2607 1786 2640 eundem

64 2653 123 2692 >ιιι
146 2654 210 2698 ss
235 2655 415 2696 oppositum
439 2660 516 2687 ante
542 2664 645 2687 annos
668 2652 713 2686 29
738 2655 908 2697 Augustae
932 2655 1175 2689 Vindelicomm
1199 2657 1372 2700 diligenter
1405 2657 1594 2694 observavi,
1631 2654 1787 2697 quemad·

12 2717 23 2739 y
53 2733 65 2745 μ
150 2695 186 2734 et
207 2710 314 2738 uuue3
350 2702 400 2733 ιιιι
424 2702 524 2734 etiam
547 2703 581 2734 in
605 2701 803 2734 intermediis
827 2702 1030 2742 acronychiis
1054 2703 1333 2745 dispositionibus,
1358 2708 1516 2745 quotquot
1538 2679 1661 2734 habere
1684 2701 1787 2740 licuit,

21 2763 25 2773 ι
47 2749 136 2790 νζιιιιιι
170 2748 293 2780 boreali
326 2749 550 2786 semicirculo,
588 2749 684 2781 nullis
716 2749 844 2780 omnino
868 2751 1112 2789 praetermissis.
1162 2750 1447 2790 Quemadmodum
1473 2750 1574 2782 etiam
1596 2749 1632 2781 in
1655 2749 1789 2791 reliquis

53 2803 65 2836 j
94 2811 96 2817 ·
143 2795 307 2837 planetis,
341 2805 474 2837 quorum
497 2797 649 2829 circuitus
673 2796 788 2828 minori
813 2795 974 2828 clauditur
995 2800 1151 2838 tempore.
1199 2797 1315 2829 Habeo
1339 2798 1426 2828 enim
1449 2797 1484 2828 in
1508 2800 1638 2837 promtu
1663 2793 1707 2827 35
1726 2805 1786 2828 an-

60 2872 65 2878 ,
91 2861 93 2866 ·
130 2843 374 2909 'observationes
397 2843 553 2876 coelestes
577 2842 627 2883 (e)
652 2843 728 2875 inde
753 2843 795 2874 ab
819 2842 1043 2896 adolescentia
1064 2845 1194 2876 factas:
1219 2853 1355 2884 quarum
1379 2841 1424 2874 25
1440 2844 1635 2884 posteriores
1663 2853 1788 2885 magna

63 2981 142 3037 13⁰¹*-
167 2992 243 3014 vero
272 2982 313 3014 de
336 2959 443 3015 narie
475 2984 594 3026 aliquid
625 2985 761 3027 exempli
792 2984 863 3016 loco
895 2983 1039 3020 addam,
1077 2993 1151 3015 cum
1189 2985 1217 3015 is
1243 2983 1418 3015 maximam
1442 2985 1572 3027 ingerat
1594 2985 1786 3018 varietatem

25 3029 28 3046 ·’
122 3029 208 3061 iuter
230 3029 355 3061 coelum
378 3034 413 3062 et
434 3031 563 3063 tabulas
587 3032 839 3073 discrepantiam
867 3031 982 3062 ceteris
1008 3007 1260 3067 evidentiorem,
1297 3031 1384 3063 scias
1417 3035 1546 3064 tantum
1576 3031 1714 3069 abesse,
1749 3036 1788 3065 nt

68 3077 74 3079 ⁴
83 3077 335 3111 ·οοωιιιιίεἰω
364 3077 409 3108 sit
442 3078 546 3110 minor
576 3079 705 3112 reddita
737 3078 847 3120 (prout
882 3077 982 3109 voluit
1005 3077 1224 3118 Copernicus‚
1260 3087 1323 3120 quo
1345 3087 1425 3110 suae
1447 3079 1675 3122 imaginationi
1698 3079 1786 3112 circa

132 3140 134 3143 -
166 3121 251 3155 Solis
273 3122 372 3156 fidem
392 3122 545 3164 faceret),
569 3130 606 3158 ut
628 3126 736 3168 potius
759 3135 847 3158 nunc
872 3124 1037 3171 aliquanto
1061 3125 1166 3166 major
1190 3125 1243 3161 sit,
1268 3134 1366 3171 quam
1381 3134 1433 3164 ea,
1458 3135 1543 3169 quae
1559 3135 1582 3159 a
1596 3125 1785 3160 Ptolemaeo
