2028 3242
231 117 319 162 432
983 117 1037 150 De
1061 117 1298 151 Fundamenta

894 254 895 257 η
988 221 1169 263 Thesis
1199 222 1292 263 LII.

347 280 549 322 Recensui
591 279 827 332 potissimas
870 281 1190 335 praedictionum
1227 280 1561 333 astrologicamm
1597 277 1764 333 causam
1810 280 1916 335 quod
1945 281 2028 322 reli-

231 353 350 394 quum
381 345 458 390 est,
492 340 533 380 in
558 339 658 392 ipsis
689 344 734 380 ut
763 340 976 393 plurimum
1007 340 1348 392 praedictionibus
1389 352 1635 383 consumam.
1695 341 1871 383 Primum
1909 352 2028 381 mens«

229 399 470 449 Decembri,
517 398 711 439 Januario
756 405 798 439 et
839 400 1057 440 Februario
1110 399 1267 440 sextilis
1305 398 1469 440 Saturni
1506 404 1548 440 et
1577 400 1723 442 Martis
1752 400 1855 447 erit,
1884 404 2024 452 praete

228 471 377 500 morem
397 459 619 499 diuturnus.
658 458 822 498 Accidit
854 459 970 508 enim,
999 463 1044 499 ut
1062 459 1175 499 Mars
1209 459 1325 499 simul
1356 459 1428 499 fiat
1459 458 1734 509 stationarius,
1766 463 1811 500 et
1840 458 2028 500 Saturnus

228 532 300 571 per
345 531 388 558 se
430 517 571 558 tardus
617 523 694 558 est.
759 516 984 559 Commotio
1026 518 1242 558 vehemens
1280 523 1321 557 et
1352 517 1602 558 certissimus
1633 531 1825 560 excessus
1860 517 1903 558 in
1933 522 2028 558 stati

231 578 350 618 aeris.
412 577 462 617 In
494 589 570 629 quo
604 581 738 617 autem
769 590 1006 618 excessurus
1038 577 1115 626 sit,
1149 589 1226 617 non
1258 577 1318 617 ita
1349 577 1580 629 expeditum
1611 582 1687 619 est.
1740 577 1847 619 Nam
1866 576 1918 618 ad
1943 576 2028 616 han·

229 650 313 677 rem
343 635 559 689 requiritur
590 635 791 688 generalis
811 636 917 676 illius
939 635 1215 688 dispositionis
1235 636 1435 676 Terrenae
1468 636 1715 688 speculatio,
1743 636 1873 690 qualis
1913 635 2028 678 futuri

232 697 297 745 sit,
333 695 438 748 quod
470 694 630 747 quidem
661 695 781 735 nullis
801 695 931 735 adhuc
964 694 1204 747 conjecturis
1235 694 1397 748 assequi
1427 706 1500 735 nos
1537 707 1658 747 posse
1688 700 1927 748 puto,.quae
1958 693 2028 735 dis·

224 754 371 808 positio
403 754 543 795 fortior
574 760 661 803 est,
695 766 814 806 quam
844 754 1021 807 ipsorum
1058 754 1311 805 planetarum
1348 753 1594 805 operationis
1625 754 1799 796 variatio
1829 765 1902 806 per
1931 753 2028 797 vires

233 813 467 866 peculiares.
531 811 579 852 Si
612 813 722 852 solus
754 812 833 853 iste
866 813 1012 853 fuisset
1042 812 1248 865 aspectus,
1290 824 1486 853 summum
1517 812 1568 853 ab
1600 812 1923 855 exhalationibus
1953 811 2028 853 nin-

235 872 340 925 gidis
373 871 499 924 frigus
530 871 838 923 praedixissem.
900 871 961 912 At
997 871 1083 924 jam
1123 876 1288 924 propter
1324 883 1566 911 ‘concursum
1604 871 1863 924 plurimorum
1879 883 2028 924 ..espec

233 937 342 972 tuum
374 935 531 971 tantam
573 934 670 982 puto
703 930 788 972 fore
821 931 1125 971 commotionem
1157 930 1396 978 (accedente
1421 931 1662 982 praesertim
1681 931 1859 972 statione
1877 929 2025 972 Martis

230 995 276 1031 ut
307 994 377 1030 aer
407 989 556 1041 tepidis
587 989 708 1040 plane
739 989 975 1042 vaporibus,
1009 1002 1030 1029 e
1063 989 1212 1029 Terrae
1243 988 1466 1030 visceribus
1497 989 1688 1039 exoretis,
1722 989 1901 1036 calefiat,
1931 989 2028 1031 nive:

230 1049 516 1102 propemodum
547 1049 814 1098 resolvantur,
848 1048 995 1089 itinera
1025 1049 1236 1100 plurimum
1267 1047 1548 1101 impediantur.
1609 1047 1794 1090 Januarii
1816 1046 1859 1090 4.
1893 1048 1934 1099 ό
1948 1046 2028 1099 Θζ

228 1109 340 1149 nives
380 1112 451 1148 aut
481 1112 644 1156 ventos,
678 1113 799 1159 prout
829 1108 934 1148 feret
964 1107 1165 1160 generalis
1197 1106 1424 1159 dispositio.
1488 1105 1609 1148 Circa
1650 1106 1718 1149 10.
1755 1107 1823 1150 11.
1856 1119 1930 1148 sex
1959 1107 2028 1147 for·

229 1167 377 1207 tissimi
409 1170 615 1218 aspectus.
679 1167 818 1207 Merus
850 1172 990 1218 tepor,
1037 1171 1079 1206 et
1121 1165 1281 1218 pluviae
1323 1178 1412 1206 cum
1443 1165 1601 1207 nivibus
1631 1166 1886 1208 intermixtis.
1946 1165 2028 1207 Fin«

229 1239 279 1266 ex
310 1225 486 1278 antiquis
518 1225 750 1277 aspectibus
782 1225 894 1272 nulli,
932 1238 981 1265 ex
1011 1225 1126 1265 novis
1158 1237 1252 1266 vero
1285 1225 1324 1266 d.
1346 1223 1416 1265 21.
1451 1224 1629 1277 quintilis
1659 1225 1776 1266 Jovis
1806 1230 1850 1267 et
1873 1224 2028 1267 Veneri}

230 1287 424 1326 flatuosus
458 1289 499 1324 et
531 1284 696 1333 calidus,
733 1290 924 1337 quantum
955 1284 1095 1338 hyems
1128 1284 1218 1325 fert.
1269 1284 1322 1324 D.
1356 1280 1426 1324 24.
1459 1283 1638 1336 quintilis
1670 1284 1840 1327 Saturni
1865 1288 1908 1326 et
1938 1282 2028 1326 Solis

231 1345 411 1396 frigidus,
446 1343 633 1395 ningidus
666 1356 738 1383 seu
768 1343 940 1395 pluvius.
985 1340 1138 1384 D..28
1161 1343 1519 1396 sesquiquadratus
1543 1343 1692 1384 Martis
1723 1347 1768 1384 et
1796 1342 1930 1392 Solis,
1939 1354 2028 1384 acer

231 1403 436 1444 subtilium
469 1407 510 1442 et
541 1401 759 1454 rigidorum
794 1344 1024 1451 ventorumD
1046 1407 1089 1442 et
1116 1414 1192 1454 pro
1224 1414 1266 1442 re
1298 1406 1396 1442 nat-a
1426 1401 1627 1455 ningidus.
1668 1401 1909 1445 Observent
1923 1402 2028 1456 igitu

231 1462 304 1503 hos
336 1462 435 1509 dies,
469 1462 610 1514 quibus
643 1467 729 1502 est
738 1461 894 1502 animus
927 1473 1054 1501 novos
1087 1465 1277 1514 aspectus
1307 1461 1496 1513 probare.

978 1520 1156 1560 'rhesis
1186 1520 1299 1560 LIII.

347 1578 591 1620 Februaiius
637 1583 773 1619 scatet
816 1578 992 1631 antiquis
1040 1584 1083 1619 et
1117 1578 1233 1619 novis
1275 1578 1518 1630 aspectibus.
1580 1578 1626 1619 In
1666 1577 1862 1631 principio
1893 1578 1939 1629 0‘·
1959 1576 2028 1628 ῼὶ

233 1637 371 1678 turbas
417 1638 454 1678 in
494 1638 600 1678 aeris
639 1637 926 1678 constitutione
963 1638 1127 1687 afferet,
1173 1650 1266 1677 nam
1310 1638 1393 1677 fere
1438 1636 1603 1678 Saturni
1633 1642 1676 1677 et
1705 1636 1853 1678 Martis
1885 1641 2028 1679 contra·

231 1698 416 1737 rietatem
448 1697 583 1737 sortiti
615 1702 727 1747 sunt,
773 1702 818 1737 ut
855 1709 978 1749 supra
1015 1697 1165 1738 vidisti.
1228 1696 1391 1748 Loquor
1427 1701 1562 1737 tamen
1599 1696 1664 1738 hic
1694 1709 1756 1738 >ex
1786 1695 2028 1750 experientia

232 1769 333 1808 quae
365 1756 483 1796 valde
516 1756 787 1796 turbulentam
818 1761 996 1796 testatur
1027 1756 1167 1796 horum
1198 1755 1580 1807 configurationem3
1613 1755 1716 1796 forte
1746 1754 1789 1796 id
1819 1759 1864 1796 et
1892 1754 1944 1796 ob
1972 1755 2028 1797 ho

232 1821 314 1864 est,
360 1816 453 1867 quia
484 1828 574 1856 cum
605 1814 689 1854 sint
728 1815 907 1866 aequalis
947 1827 1071 1866 prope
1110 1827 1262 1864 cursus,
1295 1814 1409 1854 tarde
1442 1819 1694 1867 separantur,
1726 1819 1770 1855 ct
1799 1814 2024 1867 ponderoso

233 1875 488 1927 aliquatenus
532 1878 853 1925 repraesentant.
935 1873 1132 1925 Equidem
1178 1878 1220 1913 et
1264 1873 1442 1913 tonitrua
1484 1885 1574 1913 esse
1616 1877 1798 1925 possunt.
1868 1872 1936 1914 Ab
1980 1870 2027 1914 11

230 1934 329 1974 Feb.
363 1933 428 1972 ad.
462 1930 532 1973 23.
566 1933 675 1972 nulla
705 1933 823 1985 plane
857 1932 983 1984 quies.
1046 1934 1190 1984 Itaque
1234 1937 1305 1972 aut
1346 1931 1559 1984 plurimum
1594 1932 1752 1984 ninget,
1796 1931 1833 1972 si
1871 1932 1953 1973 die*
1978 1929 2028 1972 11

233 1992 339 2043 apud
369 1989 457 2044 1]ss
475 1989 526 2041 Θ
562 1991 687 2044 frigus
718 1991 897 2041 redierit,
929 1995 1000 2031 aut
1029 1991 1240 2044 plurimum
1269 1990 1394 2043 pluet,
1428 1990 1464 2031 si
1495 1995 1612 2043 tepor
1641 1990 1741 2040 illic,
1781 1991 1887 2044 quod
1916 1989 2028 2043 magi

232 2051 368 2100 credo,
401 2051 601 2103 perduret.
1866 2084 1870 2089 .
2023 2087 2026 2090 ,

975 2106 1158 2147 Thesis
1189 2107 1303 2148 LIV.
2024 2134 2025 2138 =

347 2166 501 2207 Habuit
522 2166 763 2208 Februarius
791 2164 844 2207 21
868 2170 1056 2219 aspectus
1078 2179 1150 2206 sex
1168 2166 1422 2218 planetarum
1443 2165 1607 2214 (Lunae
1626 2169 1673 2207 ut
1701 2165 1867 2208 nimium
1895 2165 2028 2208 velocia

230 2225 334 2265 inter
376 2230 566 2277 aspectus
610 2226 713 2266 ratio
752 2238 852 2277 pene
894 2225 1004 2265 nulla
1042 2227 1139 2274 est).
1202 2225 1375 2265 Martius
1413 2225 1554 2276 viginti
1584 2225 1841 2266 nanciscitur.
1903 2227 2028 2279 Itaquae

230 2285 355 2324 multo
387 2285 516 2325 adhuc
547 2284 813 2325 turbulentior
844 2284 940 2333 erit3
974 2296 1061 2324 cum
1094 2284 1196 2324 alias
1229 2297 1383 2338 quoque
1409 2284 1508 2324 haec
1535 2284 1620 2336 ejus
1638 2289 1784 2325 natura
1801 2284 1868 2326 sit.
1907 2283 2028 2325 Prima

230 2343 379 2384 mensis
404 2349 520 2396 parte
546 2344 632 2396 jam
664 2343 843 2384 tonitrua
872 2348 1038 2396 propter
1070 2345 1104 2390 ὁ)
1124 2341 1176 2394 Θ
1194 2348 1246 2391 d,
1287 2343 1348 2383 cui
1381 2343 1460 2383 etsi
1489 2343 1662 2384 latitudo
1692 2343 1838 2384 Martis
1875 2343 2028 2385 multun

231 2403 432 2453 detrahit,
483 2403 680 2444 crebritas
724 2407 859 2443 tamen
905 2407 1139 2455 aspectuum
1181 2401 1358 2442 vicissim
1401 2401 1507 2443 vires
1544 2401 1670 2447 addit.
1729 2402 1866 2455 Tepor
1906 2402 2028 2455 itaqu·

228 2462 586 2513 praeternaturalis
630 2462 850 2512 hactenus,
893 2475 917 2501 a
954 2459 1016 2501 13.
1049 2461 1188 2501 Martii
1231 2472 1404 2513 auguror
1446 2461 1800 2502 commutationem
1834 2460 1876 2502 in
1916 2460 2028 2514 ,frigus

228 2521 436 2573 hyemale:
477 2521 567 2561 exin
599 2521 810 2562 continuos
841 2525 984 2560 ventos
1017 2520 1196 2572 frigidos,
1231 2519 1423 2572 nivesque
1453 2519 1600 2573 pluviis
1625 2519 1894 2562 intermixtas.

986 2579 1165 2618 Thesis
1197 2578 1289 2618 LV.

347 2637 530 2689 Aprilem
561 2650 678 2690 spero
712 2638 937 2678 naturalem
968 2637 1082 2677 initio
1114 2636 1267 2685 calido,
1301 2636 1351 2676 ob
1382 2636 1633 2689 biquintilem
1663 2635 1808 2677 Martis
1847 2640 1890 2676 et
1918 2634 2028 2677 Solis

228 2695 404 2748 pluvium
436 2697 650 2737 admodum
682 2696 800 2736 biduo
833 2701 927 2736 ante
960 2700 1003 2736 et
1031 2700 1127 2748 post
1156 2694 1428 2747 plenilunium,
1462 2695 1758 2747 configurantur
1777 2694 1884 2735 enim
1903 2707 2028 2736 omne¹

230 2755 431 2806 planetae.
495 2756 582 2796 Nec
614 2755 782 2795 deerunt
814 2769 839 2795 a
875 2753 940 2796 13.
974 2755 1013 2795 in
1050 2752 1116 2795 16.
1149 2754 1322 2806 pluviae.
1378 2753 1477 2794 Inde
1509 2754 1619 2794 calor
1650 2759 1693 2795 et
1722 2753 1830 2794 circa
1860 2750 1932 2794 24.
1964 2765 2028 2794 ex·

230 2825 380 2862 cessus,
416 2813 481 2866 qui
512 2814 553 2854 in
585 2813 764 2854 tonitrua
794 2817 987 2866 erumpet,
1019 2813 1069 2854 ob
1101 2813 1302 2866 trigonum
1332 2811 1440 2853 Solis
1472 2816 1514 2852 et
1543 2812 1703 2854 Martis.
1765 2811 1864 2853 Fine
1894 2811 2028 2861 iterun

228 2870 390 2911 imbres.

348 2929 448 2968 Maii
479 2930 672 2982 principia
702 2931 836 2971 reddit
867 2930 1029 2972 horrida
1060 2934 1103 2970 et
1134 2929 1359 2970 tonitruosa
1383 2929 1423 2979 ό
1438 2927 1532 2979 ῼζὲ,
1564 2927 1643 2968 nisi
1675 2927 1836 2970 diversa
1864 2928 2026 2971 latitud(

230 2986 311 3026 vim
341 2987 448 3027 illius
482 2994 666 3037 enervet,
708 3002 809 3042 quae
842 2990 1055 3030 admodum
1088 2994 1200 3029 certa
1231 3000 1310 3028 non
1341 2992 1429 3036 est,
1468 2991 1514 3027 ut
1549 2999 1623 3027 nec
1660 2987 1746 3028 dies
1776 2991 1942 3040 propter
1970 2986 2028 3028 νίυι

230 3045 376 3085 tiosum
408 3045 622 3086 etiamnum
653 3048 863 3088 calculum.
925 3048 1002 3088 Die
1035 3046 1100 3089 10.
1133 3045 1199 3088 11.
1226 3044 1291 3088 12.
1325 3044 1494 3098 frigidae
1525 3044 1698 3097 pluviae,
1732 3050 1776 3087 et
1803 3047 1870 3086 vel
1898 3045 1969 3087 nix
1994 3044 2022 3086 ii

230 3104 451 3153 montanis,
497 3104 710 3146 insalubris
755 3110 837 3146 aer.
899 3105 959 3146 At
991 3118 1131 3147 sereno
1164 3105 1275 3146 coelo
1315 3103 1529 3145 etiamnum
1558 3105 1701 3157 pruina
1731 3104 1855 3146 metui
1884 3091 2028 3158 potest*
