1982 3268
95 2134 97 2136 ’
148 2128 251 2160 dimus
274 2128 398 2159 haecce
422 2135 523 2158 manu
546 2125 713 2158 Maestlini
738 2126 882 2167 scripta:

137 49 196 94 56
928 49 1142 84 Prooemium.

139 172 212 200 sua
244 158 389 199 alicubi
421 156 642 207 addixerit,
675 169 800 209 eaque
833 157 884 196 ad
912 162 1068 208 tempus
1100 162 1299 209 praestet,
1332 162 1497 210 utroque
1529 158 1644 199 modo
1676 162 1804 199 totam
1831 157 1933 198 banc

137 231 220 260 rem
251 217 327 269 ipsi
359 217 526 257 utilitati
559 217 682 258 fore..
718 216 800 258 Sed
837 216 950 265 vide,
996 216 1088 268 quid
1125 221 1253 256 metus
1294 216 1416 257 faciat
1452 216 1678 258 immanium
1713 217 1933 258 verberum.
1970 265 1972 267 ‚

139 276 317 318 Obsecro
336 281 390 323 te,
409 276 653 328 Praeceptor
673 276 913 324 honorande,
947 275 1110 321 enitere,
1143 281 1188 315 ut
1213 276 1248 316 si
1268 289 1345 329 qua
1363 276 1538 317 conditio
1564 277 1672 329 apud
1699 289 1772 316 vos
1802 279 1932 325 vacet,
1975 313 1976 316 ,

138 337 177 376 in
211 349 297 375 eam
330 348 404 388 ego
437 337 662 377 succedam.
725 335 880 388 Ubique
912 335 975 374 ita·
1001 347 1063 374 me
1095 347 1243 387 geram,
1276 340 1321 376 ut
1352 340 1508 388 gratum
1540 335 1774 389 discipulum
1805 335 1933 376 decet.
1977 351 1979 354 ¹

139 394 266 437 Crede
287 394 393 443 mihi,
417 395 451 435 si
469 395 689 447 Tubingam
712 400 864 435 mature
885 407 1042 443 venero,
1075 395 1220 435 multos
1241 394 1455 449 Styrenses
1475 394 1629 436 nobiles
1649 407 1696 436 eo
1716 399 1932 444 attraxero,

140 455 205 508 qui
236 454 424 494 aliorsum
455 455 730 496 concederent.
793 454 854 494 De
892 453 1053 506 negotio
1091 454 1296 506 eclipsium
1332 454 1506 506 gaudeo,
1549 454 1624 495 tibi
1659 458 1817 502 cautum
1849 454 1935 507 jam

141 514 306 566 pridem.
343 534 397 540 —
429 514 563 568 Tycho
595 514 690 554 mire
721 513 1045 566 philosophatur,
1078 514 1266 554 utendum
1297 513 1452 567 canali,
1494 526 1544 553 ne
1575 526 1644 555 aer
1673 513 1935 554 intercurrens
1975 534 1979 539 „

140 573 358 614 confundat
389 577 430 612 et
461 573 647 613 obliteret
678 573 856 613 radium:
891 573 1043 625 optices
1074 572 1137 613 hic
1169 573 1346 613 nonnihil
1369 573 1566 626 indigens.
1611 574 1721 614 Idem
1740 572 1935 614 aestima-
1964 583 1967 588 ¹

139 632 247 672 tione
280 632 365 672 sine
398 631 544 672 circino
578 633 698 682 facta,
732 630 758 673 5
790 632 962 672 testibus
993 632 1346 680 consentientibus,
1380 632 1598 682 contendit,
1633 631 1796 685 eclipsin
1828 631 1935 673 Solis

140 689 209 732 30.
225 691 318 731 Jun.
336 692 476 738 (V.st.)
498 691 619 731 fuisse
641 697 796 732 tantum
816 689 841 732 5
858 691 937 744 dig.
955 705 1071 744 quam
1084 691 1279 732 Jostelius
1294 691 1553 744 Witebergae
1574 691 1804 733 aestimavit
1822 691 1934 732 simi-

139 751 229 792 liter
249 750 333 791 sine
354 750 500 790 circino
522 749 546 790 7
569 755 609 791 et
633 751 738 791 ultra
764 751 988 803 digitorum,
1021 763 1094 803 ego
1117 750 1275 792 Graetii
1301 751 1351 791 ad
1371 756 1460 791 octo
1488 752 1570 792 fere
1591 751 1752 792 extendi
1770 751 1934 792 demon-

142 809 280 859 stravi,
314 823 401 850 cum
433 813 541 849 certo
575 815 786 861 appareret
816 810 854 850 in
887 810 998 851 radio
1031 811 1221 863 ampliato
1254 806 1353 864 673,
1386 817 1428 851 et
1457 816 1501 851 tu
1521 811 1724 862 Tubingae
1756 810 1938 851 similiter
1964 828 1967 830 ·

140 869 349 910 artificiose
393 881 469 909 uon
515 869 761 908 aestimando
806 870 940 910 vidisti
983 871 1091 910 ultra
1142 870 1345 911 dimidium
1383 871 1565 911 deficere.
1643 869 1725 911 Sed
1763 874 1807 910 ut
1844 869 1936 911 illuc

140 929 317 978 redeam,
352 927 639 968 demonstratio
672 928 794 968 totius
827 929 884 968 rei
916 942 1003 969 cum
1035 930 1090 970 sit
1119 930 1284 983 pulchra
1315 935 1357 970 et
1388 929 1623 979 artificiosa,
1656 929 1814 970 videtur
1843 929 1937 970 mihi

141 988 284 1040 digna,
324 1000 442 1040 quam
478 987 585 1042 typis
626 986 833 1034 mandem,
873 994 917 1028 ut
956 989 1143 1030 hederam
1181 990 1446 1041 suspendam,
1485 1002 1572 1030 cum
1600 990 1684 1042 jam
1713 988 1937 1030 absolutum

140 1047 235 1088 nihil
257 1047 426 1088 habeam
447 1047 566 1087 aliud.
612 1047 751 1098 Itaque
785 1045 818 1086 si
853 1047 905 1087 sit
925 1050 1209 1102 typographus,
1243 1049 1387 1090 curabo
1408 1048 1590 1101 imprimi.
1641 1049 1803 1090 Interea
1833 1049 1934 1098 vale,

141 1112 180 1148 et
210 1107 288 1148 mei
319 1119 466 1147 memor
498 1107 568 1152 sis,
601 1107 691 1146 dum
723 1105 760 1145 in
795 1106 1089 1148 calamitatibus
1121 1108 1229 1150 hisce
1262 1121 1410 1158 versor,
1444 1109 1509 1161 qui
1539 1121 1599 1149 me
1629 1108 1808 1149 foelicem
1827 1121 1936 1150 sem-

140 1179 212 1219 per
243 1166 421 1207 amasti..

257 1226 414 1279 Pragae
447 1222 486 1266 6.
525 1223 591 1266 16.
625 1224 722 1264 Dec.
758 1237 821 1264 an.
861 1221 984 1265 1600.
1077 1200 1081 1203 ἶ
1321 1227 1371 1266 H.
1406 1226 1450 1266 T.
1513 1225 1630 1267 Grat.
1664 1226 1878 1280 discipulus

1427 1286 1487 1328 M.
1521 1286 1565 1328 J.
1598 1285 1766 1341 Kepler.

258 1367 307 1407 D.
340 1367 392 1408 D.
426 1367 609 1420 Zieglero
651 1366 862 1420 plurimam
905 1366 1075 1406 salutem
1119 1367 1182 1414 (ut
1219 1373 1260 1407 et
1297 1369 1441 1409 ceteris
1478 1368 1801 1422 praeceptoribus
1838 1367 1966 1421 meisj

143 1427 340 1475 omnibus)
374 1426 474 1467 dico.
532 1425 743 1473 Quartana
773 1439 851 1466 non
884 1426 962 1466 fert
991 1426 1124 1478 plures
1157 1426 1362 1477 epistolas.
1416 1427 1498 1468 Oro
1529 1434 1675 1475 tamen,
1705 1433 1750 1469 ut
1780 1428 1938 1469 affinem
1962 1429 1969 1466 ᾖ

142 1500 254 1527 suum
285 1486 335 1527 D.
369 1486 668 1538 Engelhardum
700 1485 959 1526 Stuccardiae
993 1486 1202 1536 degentem
1241 1485 1439 1536 hortetur,
1479 1500 1528 1527 ne
1566 1487 1662 1528 mihi
1699 1501 1772 1528 sua
1817 1500 1938 1540 opera

145 1546 251 1586 desit
280 1546 320 1586 in
351 1558 414 1594 re,
459 1558 574 1597 quam
617 1545 667 1585 ab
706 1545 793 1597 ipso
825 1544 1082 1596 Engelhardo
1113 1557 1184 1597 per
1215 1545 1354 1584 literas
1386 1546 1509 1597 petii,
1558 1552 1599 1587 et
1629 1547 1677 1586 de
1709 1559 1786 1600 qua
1818 1547 1963 1599 Zieg-

142 1605 223 1646 lero
267 1610 454 1645 constat:
499 1618 553 1645 sc.
597 1609 641 1644 ut
680 1604 731 1646 D.
764 1604 951 1644 Doldium
995 1609 1178 1653 moneat,
1225 1609 1266 1644 et
1309 1604 1447 1645 literas
1486 1618 1557 1658 per
1593 1611 1751 1659 postam
1789 1607 1845 1660 ad⁴
1876 1618 1938 1646 me
1955 1611 1959 1621 ²

144 1665 345 1706 amandet.
1956 1671 1957 1674 ’

240 1771 292 1804 Ad
315 1771 398 1803 haec
415 1769 608 1803 Maestlinus
635 1780 699 1801 non
722 1769 898 1811 respondit,
924 1770 1118 1812 penitusque
1144 1770 1313 1810 obmutuit,
1340 1771 1486 1813 quamvis
1511 1772 1642 1813 saepius
1668 1771 1848 1814 aKeplero
1872 1758 1947 1804 mo?

144 1820 243 1858 nitus,
263 1828 365 1860 usque
383 1818 426 1851 ad
439 1827 560 1850 annum
578 1816 677 1857 1605,
695 1827 756 1859 quo
769 1817 906 1849 tandem
920 1816 1063 1859 Keplero
1078 1818 1179 1849 etiam
1196 1821 1294 1860 atque
1314 1819 1414 1850 etiam
1430 1819 1560 1861 roganti
1576 1819 1750 1852 obsecutus
1766 1819 1962 1861 respondit..

240 1889 320 1922 Cum
343 1890 378 1921 iu
403 1889 617 1930 superioribus
642 1888 879 1920 Maestlini
912 1887 952 1919 de
979 1887 1155 1928 Copemico
1181 1890 1379 1920 sententiam
1409 1890 1687 1930 proposuerimus,
1722 1899 1789 1922 non
1821 1888 1878 1922 abs
1906 1899 1943 1923 re
1963 1887 1973 1903 ‘''

146 1947 217 1971 esse
241 1941 405 1979 putamus,
431 1937 458 1967 si
479 1936 637 1976 judicium
664 1936 810 1977 ejusdem
835 1935 875 1967 de
894 1935 1024 1966 decreto
1042 1935 1231 1976 pontificali,
1259 1946 1319 1977 quo
1338 1936 1497 1968 damnata
1514 1941 1564 1968 est
1582 1936 1752 1978 Copemiei
1769 1937 1863 1974 ratio,
1884 1936 1940 1969 hio
1968 1935 1976 1967 5

147 1994 366 2027 apponamus,
393 1993 578 2025 quanquam
602 1983 844 2024 imperfectum,
871 1982 956 2024 quod
982 1992 1019 2013 eo
1045 1983 1150 2014 minus
1175 1983 1227 2015 hic
1253 1984 1467 2015 omittendum
1493 1993 1684 2022 censemus,
1709 1985 1795 2027 quod
1816 1983 1961 2018 Maesa

147 2033 231 2065 linus
256 2033 316 2064 sibi
339 2034 561 2073 proposuerat,
588 2031 722 2063 editioni
741 2031 845 2072 operis
864 2029 1044 2071 Copemici.
1072 2029 1224 2062 Basileae
1248 2031 1333 2072 typis
1363 2031 1581 2069 recudendae,
1606 2031 1816 2065 Prodromum
1833 2041 1942 2064 suum-

148 2089 209 2122 que
235 2080 448 2122 appendicem
480 2078 668 2120 adjungere.
722 2078 811 2110 Inter
835 2078 1058 2118 manuscripta
1082 2078 1297 2111 bibliothecae
1325 2077 1589 2121 Stuttgartianae
1613 2079 1740 2112 scilicet
1763 2079 1940 2122 deprehen·
1968 2116 1969 2121 ¹

244 2184 341 2217 „pag.
368 2172 430 2210 90,
455 2177 528 2215 post
551 2174 808 2214 praefationem,
836 2177 912 2205 ante
938 2173 1107 2215 epistolam
1133 2173 1265 2205 Gasseri
1292 2169 1336 2213 ¹⁸)
1361 2175 1609 2216 interponantur
1633 2175 1825 2217 sequentia:

937 2245 967 2276 A
982 2244 1003 2276 d
1015 2244 1036 2275 d
1049 2244 1059 2275 i
1072 2244 1109 2275 ti
1124 2253 1152 2276 o.

185 2307 189 2314 ¹
244 2316 392 2349 Auctarii
416 2315 487 2348 loco
518 2316 594 2347 huic
619 2316 785 2356 praesenti
811 2315 944 2348 editioni
967 2315 1051 2347 haec
1077 2317 1248 2357 sequentia
1278 2316 1430 2349 addenda
1458 2317 1581 2349 censui.
1621 2316 1709 2348 Exiit
1739 2325 1825 2350 anno
1855 2313 1941 2349 ¹618
1963 2334 1966 2337 v

152 2375 192 2399 ex
220 2363 437 2407 typographia
470 2362 627 2395 Gamerae
662 2363 869 2405 Apostolicae
902 2363 1029 2395 Romae
1063 2362 1240 2395 Decretum
1263 2373 1363 2396 manu
1389 2369 1422 2396 et
1453 2364 1557 2408 sigillo
1589 2364 1633 2396 ill.
1664 2362 1760 2396 eard.
1792 2364 1825 2397 S.
1857 2364 1940 2398 cze-

153 2413 247 2447 ciliae
272 2413 435 2454 signatum
454 2415 486 2443 et
502 2412 672 2448 munitum,
699 2411 750 2442 die
777 2409 797 2441 5
817 2410 945 2445 Martis.
973 2413 1064 2452 quus
1089 2412 1254 2452 inscriptio
1280 2415 1348 2443 est:
1381 2412 1602 2444 Decretum
1620 2411 1654 2444 S.
1680 2412 1941 2455 congregationis

152 2461 201 2493 Ill.
228 2459 262 2492 S.
288 2459 330 2491 R.
357 2459 394 2491 E.
423 2458 663 2495 Cardinalium‚
690 2468 710 2491 a
736 2458 768 2490 S.
795 2458 838 2490 D.
865 2458 907 2490 N.
932 2458 1034 2490 Paulo
1059 2458 1152 2499 Papa
1176 2458 1217 2490 V.
1260 2458 1447 2502 Sanctaque
1471 2459 1548 2492 sede
1572 2457 1762 2500 Apostolica
1785 2459 1828 2492 ad
1851 2460 1972 2492 Indi--

154 2519 225 2541 cem
249 2507 419 2540 Librorum
444 2507 680 2548 eorundemque
704 2507 957 2547 permissionem,
983 2505 1246 2547 prohibitionem,
1274 2508 1558 2550 expurgationem,
1585 2510 1618 2539 et
1641 2507 1884 2548 impressionem
1906 2507 1957 2540 in

154 2555 304 2588 universa.
327 2555 410 2597 Rep.
438 2553 623 2586 Christiana
647 2554 830 2594 specialiter
855 2554 1101 2595 deputatorum,
1127 2554 1243 2596 ubique
1267 2555 1509 2596 publicandum.
1940 2552 1947 2563 ⁸

247 2603 294 2635 Eo
313 2602 443 2636 decreto
460 2603 545 2633 inter
562 2605 672 2633 cetera
688 2602 772 2633 haec
789 2602 959 2643 leguntur:
994 2601 1102 2641 „Quia
1127 2602 1170 2634 ad
1194 2603 1343 2634 notitiam
1368 2612 1392 2634 s.
1413 2602 1673 2644 congregationis
1697 2602 1853 2644 pervenit,
1877 2601 1938 2635 fal-

156 2660 227 2684 sam
263 2650 353 2683 illam
391 2650 573 2682 doctrinam
608 2649 858 2691 Pythagoricam
898 2650 1026 2681 divinae
1056 2650 1234 2691 scripturae
1265 2651 1393 2681 omnino
1426 2649 1652 2681 adversantem
1682 2649 1723 2682 de
1758 2649 1940 2682 mobilitate

156 2698 276 2730 Terrae
303 2701 336 2729 et
359 2697 583 2737 immobilitate
610 2695 711 2734 Solis,
743 2705 840 2738 quam
863 2696 905 2728 N.
934 2697 1129 2737 Copemicus
1155 2702 1188 2729 et
1213 2697 1357 2729 Didacus
1382 2697 1541 2728 Astunica
1572 2698 1672 2728 etiam
1703 2697 1838 2733 docent,
1867 2698 1939 2738 jam

158 2744 315 2786 divulgari
352 2748 384 2776 et
421 2755 442 2776 a
480 2744 589 2776 multis
626 2744 750 2785 recipi;
799 2745 895 2776 sicuti
936 2744 1043 2776 videre
1076 2748 1126 2776 est
1158 2755 1197 2776 ex
1239 2744 1380 2786 quadam
1414 2743 1550 2784 epistola
1582 2745 1740 2786 impressa
1771 2743 1959 2785 cuiusdam

158 2790 195 2823 P.
220 2790 414 2824 Carmelitae
430 2791 466 2823 P.
487 2792 527 2823 A.
546 2792 724 2827 Fosoarini,
744 2814 749 2820 .
770 2815 779 2823 .
800 2815 807 2823 .
833 2792 917 2828 ideo,
943 2801 984 2822 ne
1008 2792 1141 2824 ulterius
1165 2791 1346 2832 hujusmodi
1371 2792 1476 2832 opinio
1500 2791 1533 2822 in
1557 2791 1733 2832 perniciem
1757 2791 1938 2824 catholicae

158 2838 302 2870 veritatis
327 2843 445 2880 serpat,
473 2840 609 2876 censuit,
637 2839 739 2871 dictos
758 2838 971 2880 Copemicum
991 2839 1030 2871 de
1055 2839 1152 2871 revol.
1178 2840 1300 2871 orbium
1317 2842 1350 2870 et
1366 2838 1528 2870 Didacum
1553 2839 1586 2870 in
1610 2838 1672 2870 Job
1696 2838 1955 2880 suspendendos

161 2894 243 2921 esse,
269 2885 371 2917 donec
396 2887 604 2927 corrigantur.
644 2886 776 2918 Librum
800 2897 873 2918 vero
899 2887 1063 2918 Foscarini
1089 2887 1216 2918 omnino
1240 2885 1491 2927 prohibendum“
1519 2884 1577 2918 &a
1592 2900 1638 2907 ·—
1663 2885 1767 2926 Quae.
1793 2886 1937 2923 obsecro,

164 2932 301 2965 candide
325 2932 443 2964 lector!
471 2937 519 2964 est
545 2937 604 2964 tua
628 2933 667 2965 de
691 2934 752 2966 hoc
771 2934 821 2966 Ill.
842 2934 936 2966 Card.
964 2934 1093 2966 decreto
1111 2932 1270 2967 censura?
1303 2934 1356 2964 Au
1378 2943 1454 2969 non,
1480 2933 1534 2965 ubi
1558 2934 1695 2974 primum
1718 2935 1786 2974 eJus
1810 2933 1952 2976 magni-

162 2979 259 3012 ficum
282 2979 409 3010 titulum
432 2979 568 3022 legeris,
604 2981 662 3012 tibi
686 2982 878 3021 persuades,
906 2981 948 3014 ad
965 2982 1068 3017 ,istam
1093 2981 1126 3014 S.
1154 2980 1443 3023 Congregationem
1467 2981 1639 3022 deputatos
1664 2989 1735 3013 esse
1757 2981 1840 3012 viros
1863 2989 1947 3022 spe-⁷

166 3026 311 3063 cialiter,
343 3035 408 3057 non
438 3030 566 3058 tantum
589 3027 622 3058 in
654 3029 798 3060 omnibus
824 3028 857 3061 S.
883 3029 1084 3071 theologiae,
1115 3027 1385 3069 jurisprudentiae
1410 3026 1468 3060 ἀο.
1499 3028 1659 3069 partibus,
1693 3027 1750 3060 sed
1782 3028 1880 3060 etiam
1902 3028 1938 3060 ἰιι

167 3074 253 3106 omni
276 3073 377 3105 scibili
402 3074 660 3106 instructissimos
686 3078 718 3106 et
745 3075 963 3115 doctissimos,
997 3085 1075 3118 quos
1098 3075 1180 3109 nihil
1204 3085 1331 3111 eorum,
1366 3072 1450 3117 quae
1475 3075 1611 3116 alicuius
1634 3075 1788 3108 momenti
1810 3075 1845 3107 in
1868 3074 1936 3110 dieu
