2028 3242
181 94 266 136 240
916 95 1080 137 Apologia
1104 94 1268 135 Tychonis

180 201 259 239 rint
290 199 639 248 accommodatae,
685 212 834 239 morem
872 200 974 239 hunc
1007 212 1143 239 verum
1187 200 1448 241 concludendi
1486 214 1565 242 non
1603 202 1797 252 retinent,
1827 202 1919 242 >sed
1951 214 1995 241 se

182 261 288 310 ipsas
320 259 504 310 produnt.
568 259 634 298 Ita
665 259 830 298 tandem
862 259 924 307 fit,
958 264 1123 310 propter
1156 259 1477 312 syllogismorum
1510 260 1548 300 in
1582 260 1994 302 demonstrationibus

180 319 415 369 implexum,
462 322 506 358 ut
536 330 613 356 uno
645 317 939 357 inconvenienti
971 319 1066 357 dato
1100 323 1319 370 sequantur
1357 318 1512 360 infiniti.
1578 318 1679 360 Cum
1710 320 1848 373 itaque
1879 331 1996 361 nemo

179 389 326 424 eorum,
360 389 458 429 quos
478 376 760 430 hypothesium
780 381 964 419 auctores
998 377 1259 424 celebramus,
1300 378 1341 417 in
1373 377 1550 429 periculo
1573 378 1724 419 versari
1755 379 1854 420 velit
1885 391 1997 418 erro-

181 437 234 476 ris
274 435 381 475 circa
419 436 714 481 conclusiones,
760 442 806 475 ut
845 441 938 475 ante
978 435 1060 475 dixi
1114 437 1312 488 sequitur,
1360 442 1405 476 ut
1442 449 1571 489 neque
1614 437 1824 490 quisquam
1865 450 1999 477 eorum

180 495 283 534 inter
313 495 558 548 hypotheses
592 508 685 534 suas
724 494 872 547 aliquid
910 495 1011 534 velit
1049 495 1226 546 recipere
1266 496 1419 544 sciens,
1466 496 1571 548 quod
1608 497 1732 536 errori
1774 496 1831 536 sit
1867 496 1996 536 obno-

179 554 299 594 xium.
363 554 558 606 Adeoque
591 566 669 593 non
701 558 859 593 tantum
892 554 940 592 de
973 554 1359 594 demonstrationum
1393 560 1538 594 eventu
1577 559 1623 597 ,et
1662 554 1998 603 conclusionibus,

180 613 250 652 sed
283 613 565 664 saepevmagis
598 613 647 652 de
681 612 871 652 assumtis
903 612 1193 665 hypothesibus
1233 613 1397 653 solliciti
1429 619 1549 654 sunt:
1590 615 1691 654 adeo
1723 614 1851 664 illas‚-
1879 618 2000 666 quot-

180 677 277 724 quot
316 672 444 711 adhuc
488 672 569 711 fere
603 672 763 711 fuerunt
807 676 993 710 auctores
1026 671 1228 720 celebres,
1277 685 1363 712 cum
1403 673 1658 724 geometricis
1703 678 1790 713 tum
1819 672 1998 728 physicis

180 731 401 770 rationibus
435 731 664 782 expendunt
697 735 738 770 et
770 730 1023 782 undiquaque
1057 730 1293 770 conciliatas
1327 731 1501 784 cupiunt.

298 788 406 835 Quid
436 789 558 840 igitur
592 793 675 837 est,
711 789 849 838 dicas,
897 789 1001 841 quod
1034 801 1123 828 cum
1155 802 1290 829 omnes
1324 790 1487 830 eosdem
1529 795 1663 831 motus
1695 791 1894 831 coelestes
1925 790 2000 830 de-

181 853 430 894 monstrent,
476 852 594 887 tanta
636 852 773 887 tamen
819 847 873 887 sit
917 847 1202 900 hypothesium
1243 849 1488 889 diversitas?
1549 849 1641 890 Non
1685 862 1783 890 sane
1826 849 1868 890 id
1907 849 1998 889 inde

180 908 339 947 evenire
374 907 683 946 existimandum
718 911 801 955 est,
848 907 951 958 quod
985 919 1035 946 ex
1067 907 1170 946 falso
1204 920 1341 947 verum
1379 920 1452 960 per
1483 908 1669 948 accidens
1707 907 1820 961 sequi
1851 908 2023 949 soleat.⁴

179 967 304 1015 Nam,
346 971 389 1005 ut
422 970 517 1005 ante
551 966 658 1011 dixi,
701 966 741 1005 in
776 966 895 1017 longo
929 966 1315 1006 demonstrationum
1354 979 1426 1018 per
1456 967 1590 1008 varios
1631 966 1888 1021 syllogismos
1923 980 1998 1008 an—

179 1026 326 1074 fractu,
373 1025 511 1077 quales
550 1025 683 1064 solent
713 1024 751 1064 in
792 1025 1040 1064 astronomia
1072 1025 1269 1070 existere,
1314 1026 1398 1065 fieri
1429 1025 1497 1066 vix
1534 1039 1708 1079 unquam
1749 1031 1906 1079 potest,
1952 1039 2010 1066 ac‘

178 1085 272 1124 mihi
305 1097 401 1124 sane
435 1085 659 1136 exemplum
691 1097 769 1123 non
802 1083 986 1132 occurrit,
1022 1088 1065 1123 ut
1100 1097 1150 1123 ex
1181 1090 1365 1124 assumta
1396 1097 1474 1125 non
1501 1098 1601 1125 sana
1620 1085 1836 1138 hypothesi
1867 1085 2000 1126 exitus

178 1144 431 1196 undiquaque
466 1157 588 1182 sanus
622 1148 664 1182 et
695 1142 797 1182 coeli
830 1143 1005 1182 motibus
1039 1143 1247 1195 analogus,
1282 1149 1352 1183 aut
1384 1143 1493 1191 talis,
1526 1145 1683 1197 qualem
1713 1145 1800 1184 vult
1831 1145 1999 1185 demon-

179 1208 363 1249 stratum,
397 1207 601 1254 sequatur.
667 1201 748 1242 Sed
782 1214 854 1241 nec
888 1215 1046 1254 semper
1078 1202 1182 1242 idem
1215 1202 1386 1243 efficitur
1424 1216 1496 1256 per
1527 1203 1710 1243 diversas
1741 1203 1999 1257 hypotheseS,

179 1262 335 1313 quoties
368 1261 591 1313 imperitior
623 1260 767 1313 aliquis
801 1261 908 1300 idem
941 1261 1045 1300 effici
1076 1266 1208 1313 putat.
1273 1260 1388 1307 Quae
1418 1275 1467 1302 ex
1488 1261 1752 1315 Copernici
1783 1269 2001 1316 sequuntur

180 1321 489 1374 hypothesibuS‚
526 1334 575 1360 ea
603 1320 648 1360 M
660 1321 834 1372 aginus
868 1333 917 1359 ex
950 1320 1040 1360 aliis
1073 1320 1276 1369 similiter,
1311 1322 1440 1373 quoad
1473 1334 1675 1371 numeros,
1710 1322 2002 1362 demonstravit

179 1380 480 1432 hypothesibus,
517 1392 616 1430 quae
651 1379 909 1425 Ptolemaicis
942 1384 1080 1419 essent
1111 1385 1155 1419 ut
1174 1380 1386 1431 plurimum
1406 1381 1642 1422 conformes.
1662 1377 1696 1429 ¹)
1757 1381 1864 1421 Num
1894 1380 2000 1421 idem

179 1444 341 1491 uterque
374 1439 590 1490 praestat?
653 1438 818 1478 Minime
851 1438 1046 1489 gentium.
1113 1437 1359 1490 Copernicus
1389 1439 1548 1492 quidem
1580 1452 1744 1480 causam
1770 1439 1893 1481 simul
1925 1439 1998 1479 de-

181 1503 408 1537 monstrare
442 1498 571 1536 voluit
604 1502 645 1536 et
676 1497 974 1546 necessitatem,
1010 1511 1078 1538 cur
1108 1497 1296 1549 planetae
1318 1499 1543 1550 superiores
1574 1499 1613 1539 in
1635 1498 1887 1551 oppositione
1912 1511 1998 1539 cum

181 1556 275 1596 Sole
308 1569 464 1609 semper
498 1562 635 1596 essent
667 1557 804 1596 Terris
836 1557 1020 1608 proximi,
1054 1562 1335 1611 praeterquam
1367 1558 1472 1610 quod
1500 1557 1673 1598 numeris
1706 1570 1841 1599 eorum
1865 1562 1998 1598 motus

180 1616 218 1655 in
251 1622 455 1668 posterum
489 1616 660 1655 voluerit
692 1621 1012 1667 repraesentare.
1077 1616 1266 1668 Maginus
1299 1616 1448 1656 omisso
1480 1617 1569 1666 illo,
1615 1617 1720 1670 quod
1751 1615 1998 1670 Copernicus

182 1675 217 1714 in
250 1674 510 1715 Ptolemaicis
545 1675 790 1714 desideravit
828 1680 870 1714 et
902 1674 939 1714 in
974 1674 1057 1714 suis
1096 1674 1437 1726 suppositionibus
1469 1688 1545 1716 non
1577 1676 1692 1728 parvi
1729 1676 1844 1725 fecit,
1890 1675 1998 1716 solos

180 1747 362 1774 numeros
398 1733 609 1785 Copernici
644 1734 719 1773 fuit
751 1733 946 1773 imitatus.
1010 1734 1053 1773 In
1091 1733 1312 1785 Copernico
1346 1735 1545 1787 sequitur,
1578 1735 1755 1775 Martem
1786 1731 1998 1776 admittere

179 1793 404 1844 parallaxin
436 1793 629 1844 majorem
663 1792 773 1840 Sole,
805 1793 843 1831 in
865 1793 1032 1844 Magino
1067 1793 1140 1833 hoc
1173 1793 1333 1833 minime
1367 1795 1560 1846 sequitur.
1622 1794 1757 1834 Multa
1786 1794 1850 1834 hic
1875 1806 1998 1846 prae-

179 1859 303 1892 tereo.
367 1852 430 1892 Ac
464 1851 542 1890 etsi
575 1847 758 1890 diversae
792 1851 950 1903 aliquae
983 1852 1228 1904 hypotheses
1261 1853 1367 1892 idem
1388 1853 1546 1893 omnino
1567 1857 1779 1905 praestent
1798 1853 1836 1894 in
1863 1858 1999 1894 astro-

179 1911 365 1958 nominis,
400 1911 505 1962 quod
539 1911 590 1949 de
639 1923 711 1950 sua
746 1909 1109 1962 Copernicanarum
1142 1911 1361 1951 mutatione
1387 1911 1794 1952 Rothmannusin
1826 1911 2001 1964 epistola

180 1970 230 2009 ad
262 1970 313 2010 D.
348 1969 575 2022 Tychonem
603 1969 798 2021 jactavit,
845 1969 1072 2008 differentia
1112 1975 1246 2009 tamen
1280 1983 1400 2022 saepe
1435 1975 1499 2010 est
1542 1971 1842 2011 conclusionum
1873 1983 1998 2011 eausa

179 2028 347 2079 alicujus
369 2028 701 2067 considerationis
723 2027 927 2080 physicae.
944 2023 980 2079 ⁸)
1046 2027 1113 2068 Sic
1147 2029 1225 2068 etsi
1248 2029 1406 2068 omnino
1428 2030 1590 2069 eosdem
1609 2029 1777 2082 Tycho
1810 2039 2003 2070 numeros

180 2087 466 2140 hypothesibus
499 2087 580 2126 suis
615 2087 867 2138 exprimeret,
897 2099 994 2138 quos
1028 2086 1152 2126 habet
1174 2086 1434 2139 Copernicus,
1469 2088 1535 2140 qui
1560 2094 1696 2128 tamen
1729 2087 1867 2128 vitiosi
1887 2093 1994 2138 sunt,

178 2147 217 2186 in
250 2147 324 2186 hoc
357 2150 490 2185 tamen
525 2146 702 2185 differret
743 2146 939 2185 intentum
979 2146 1363 2187 demonstrationum
1395 2147 1595 2200 Tychonis
1635 2161 1661 2188 a
1693 2146 1995 2200 Copernicauis‚

177 2205 279 2257 quod
311 2210 472 2256 praeter
502 2205 816 2256 praedictionem
861 2205 1079 2244 futurorum
1125 2210 1302 2245 motuum
1336 2206 1447 2257 cupit
1478 2207 1602 2247 etiam
1633 2207 1785 2250 evitare
1807 2206 1996 2261 :ifflfflfflk

179 2265 340 2314 sitatem
371 2264 479 2303 illam
513 2264 678 2303 fixarum
712 2263 868 2316 aliaque
903 2276 1011 2318 quae
1026 2263 1270 2316 Copernicus
1292 2266 1472 2306 admittit
1501 2266 1540 2305 in
1562 2265 1883 2319 suar-hypothesi.
1915 2265 2000 2316 „Ita

179 2323 430 2363 conclusione
470 2328 627 2362 mutata
667 2323 911 2376 hypotheses
943 2323 1078 2362 varias
1113 2323 1286 2364 existere
1324 2337 1490 2365 necesse
1523 2329 1600 2366 est.
1664 2323 1994 2369 Inconsideratus

179 2395 271 2422 vero
305 2382 472 2434 aliquis
522 2383 573 2421 ad
619 2383 726 2422 solos
771 2394 955 2421 numeros
999 2382 1239 2434 respiciens,
1298 2383 1403 2423 idem
1447 2396 1496 2423 ex
1536 2384 1661 2425 variis
1701 2383 1994 2438 hypothesibus

179 2442 355 2494 adeoque
387 2454 522 2481 verum
557 2454 607 2481 ex
641 2441 753 2481 falsis
788 2441 898 2493 sequi
931 2441 1198 2481 existimabit.

297 2500 375 2546 Qui
415 2501 466 2540 ad
498 2501 600 2540 hanc
639 2513 819 2540 normam
852 2500 984 2540 omnia
1018 2500 1272 2552 expenderit,
1319 2513 1415 2540 sane
1455 2499 1590 2540 nescio
1635 2513 1685 2540 an
1723 2499 1783 2540 illi
1825 2500 1910 2540 ulla
1941 2500 1997 2539 sit

179 2572 392 2599 occursura
423 2560 679 2612 hypothesis,
728 2572 797 2599 seu
829 2559 1001 2611 simplex
1035 2572 1105 2599 seu
1137 2559 1381 2611 composita,
1428 2571 1528 2611 quae
1569 2571 1647 2598 non
1678 2558 1923 2610 peculiarem
1955 2561 2021 2605 et&

178 2620 227 2658 ab
261 2619 443 2659 omnibus
477 2619 566 2658 aliis
601 2623 832 2670 separatam
878 2623 999 2670 atque
1040 2618 1291 2659 differentem
1333 2618 1386 2657 sit
1417 2617 1644 2658 exhibitura
1684 2617 2019 2659 conclusionem*

177 2679 282 2717 Nam
313 2677 347 2718 si
378 2678 418 2717 in
451 2678 707 2730 geometricis
740 2677 893 2716 duabus
925 2677 1219 2729 hypothesibus
1253 2676 1527 2718 conclusiones
1557 2676 1796 2726 coincidant,
1830 2677 1869 2717 in
2016 2671 2018 2675 ’

178 2737 278 2786 sicis,
304 2742 439 2776 tamen
474 2737 673 2789 quaelibet
718 2736 885 2775 habebit
923 2749 1037 2776 suam
1075 2736 1318 2787 peculiarem
1360 2735 1633 2787 appendicem.
1697 2735 1780 2776 Sed
1812 2735 1906 2787 quia
1936 2749 1968 2775 a
2014 2774 2027 2792 ‚Q

178 2796 395 2836 artificibus
427 2796 498 2835 illa
529 2796 568 2836 in
602 2795 781 2849 physicis
815 2795 995 2834 varietas
1029 2807 1106 2834 non
1141 2807 1298 2846 semper
1329 2794 1574 2834 considerari
1609 2795 1724 2843 solet,
1758 2793 1894 2847 illique
1915 2793 2018 2849 ipsi&

178 2855 337 2907 saepius
380 2855 647 2906 cogitationes
686 2867 779 2894 suas
817 2854 925 2894 intra
963 2853 1206 2905 geometriae
1239 2853 1304 2893 vel
1336 2853 1603 2893 astronomiae
1643 2852 1834 2893 terminos
1878 2851 2015 2905 cohi-'f'

178 2912 273 2952 bent
310 2913 426 2965 inque
460 2927 538 2953 una
577 2914 711 2965 aliqua
751 2912 922 2952 scientia
966 2913 1014 2952 de
1048 2912 1360 2964 aequipollentia
1400 2911 1679 2965 hypothesium
1713 2910 2028 2965 quaestionem„

178 2971 411 3017 instituunt,
445 2972 689 3023 posthabitis
723 2971 892 3011 diversis
926 2971 1121 3024 sequelis,
1171 2983 1270 3022 quae
1303 2976 1490 3022 respectu
1521 2970 1699 3010 affinium
1731 2969 2005 3010 scientiarum‘

177 3030 411 3069 ventilatam
434 3031 786 3082 aequipollentiam
802 3030 1025 3070 diminuunt
1045 3035 1085 3070 et
1100 3030 1330 3070 destruunt:
1364 3042 1439 3081 par
1459 3035 1536 3077 est,
1563 3034 1608 3068 ut
1627 3043 1700 3070 nos
1721 3041 1873 3081 quoque
1899 3041 1990 3068 ser-

177 3101 331 3128 monem
363 3095 404 3128 et
435 3090 734 3140 responsionem
765 3094 944 3130 nostram
976 3089 1027 3128 ad
1059 3088 1233 3142 ipsorum
1255 3089 1439 3141 loquendi
1460 3101 1609 3129 morem
1631 3088 2002 3129 accommodemuss
