1982 3268
822 154 931 187 Notas
956 156 1110 188 auctor-is.
1576 160 1580 162 ’
1788 157 1806 198 1
1819 156 1864 198 11

0 262 2 264 ’
61 261 254 310 quicquam
280 261 413 298 habet:
446 266 488 297 ut
506 262 648 298 scilicet
676 262 817 298 numeri
835 274 960 299 omnes
974 289 985 305 ,
1017 263 1081 309 qui
1107 273 1218 298 unum
1247 263 1407 309 aliquem
1431 263 1673 306 metiuntur,
1705 263 1743 300 in
1762 275 1873 300 unum

61 313 227 356 conflati,
257 319 419 362 aequent
436 320 698 351 mensuratum.
752 315 824 351 Est
840 315 983 363 quidem
1002 315 1212 362 aequalitas
1234 316 1426 361 pulchrum
1449 316 1653 363 quippiam,
1686 318 1751 352 sed
1777 318 1872 353 haec

61 366 270 414 aequalitas
287 367 446 403 numeris
465 368 576 414 ipsis,
609 368 754 403 ratione
781 368 1016 414 suiipsorum
1045 368 1274 415 singulorum
1304 374 1364 404 est
1382 369 1645 410 accidentaria:
1678 381 1745 406 nec
1771 370 1870 417 quic-

60 431 170 468 quam
187 414 297 456 affert
314 421 362 456 ad
380 431 506 456 eorum
526 421 845 462 constitutionem,
865 422 930 456 sed
947 421 1111 456 resultat
1129 421 1352 457 necessitate
1371 422 1600 469 geometrica
1618 434 1667 458 ex
1684 422 1765 467 jam
1785 435 1868 459 con-

60 472 219 515 satuti„
247 484 316 508 nec
333 473 398 508 dat
415 473 504 520 ipsis
524 474 605 516 boc,
637 478 680 511 nt
698 473 772 509 sint
789 474 908 521 magis
929 474 1133 515 articulati3
1166 485 1246 510 cum
1268 479 1393 510 tamen
1412 475 1510 510 circa
1527 475 1644 520 ipsam
1664 476 1760 511 banc
1780 477 1868 512 arti·

0 544 4 546 >
58 525 283 562 culationcm
300 531 512 572 occupetur,
534 531 575 562 et
593 537 641 562 ea
659 527 920 573 quodammodo
940 527 1154 562 deliniatur:
1184 527 1271 573 quin
1285 528 1420 574 potius,
1442 528 1504 574 qui
1518 527 1676 572 jubetur
1700 529 1799 564 hanc
1817 530 1869 564 sic
1917 551 1919 553 -

0 597 2 600 ·
58 578 195 615 dictam
210 578 474 626 perfectionem
492 580 684 621 affectare,
717 580 748 614 is
766 579 837 614 hoc
855 579 935 625 ipso
954 580 1279 621 circumscribitur,
1310 593 1355 615 ne
1386 581 1505 627 possit
1524 592 1665 616 sumere
1691 582 1867 617 articula·

58 631 227 668 tissimus.
280 632 334 667 Et
361 636 406 667 ut
432 632 534 678 prius
562 643 684 667 sumus
714 633 925 668 ratiocinati
955 634 1000 667 de
1019 633 1253 674 sectionibus,
1286 634 1339 668 sic
1366 644 1462 669 nunc
1489 634 1603 669 etiam
1633 636 1678 669 de
1709 635 1867 670 numeris

57 684 317 720 metientibus
345 694 458 720 unum
476 685 636 732 aliquem
654 685 774 721 dicere
804 697 1017 731 possumus:
1047 687 1141 732 quod
1161 686 1302 722 scilicet
1333 687 1434 732 prius
1454 687 1610 733 quilibet
1635 687 1782 723 illorum
1799 699 1866 734 pro

57 748 99 773 so
114 737 198 784 ipso
220 737 419 774 emetiatur
446 738 674 784 propositum
691 750 895 780 numerum,
929 751 1000 774 non
1020 739 1204 785 accipiens
1235 740 1334 775 hanc
1360 745 1531 775 naturam
1562 741 1611 774 ab
1636 741 1867 786 aequalitate

56 794 276 838 praetem,
308 791 372 826 sed
391 796 525 836 postca
541 793 683 827 demum
702 792 847 827 accidat
861 783 940 828 illis
959 792 1136 839 singulis.
1171 798 1213 827 ut
1238 792 1400 828 universi
1425 799 1586 839 aequent
1603 799 1865 830 mensuratum.

55 842 148 879 Vide
165 843 231 880 lib.
252 853 333 879 meo
351 843 416 879 111.
435 844 611 879 Harmon.
639 846 709 879 sub
738 845 845 880 finem
870 844 1003 891 capitis
1024 845 1060 880 3.
1093 845 1213 880 locum
1244 845 1409 888 similem,
1442 847 1487 881 de
1515 857 1667 881 occursu
1699 847 1864 888 ternarii,

0 909 3 931 ;
56 906 125 942 pro
142 907 214 943 quo
231 895 294 932 Β·
308 901 370 932 ost
387 903 558 933 omnus
577 897 827 943 aeq-alienis.
883 897 965 933 Non
994 898 1080 944 plus
1110 897 1227 945 igitur
1244 898 1391 935 virtutis
1410 903 1451 935 et
1466 899 1705 939 dexteritatis
1725 900 1867 936 confert

0 970 2 972 v
55 949 215 1009 ιιιῃῃπίι
245 949 341 1010 baec
365 949 594 996 aequalitas,
626 949 1339 1039 Q;
1370 957 1413 991 ut
1441 952 1615 1012 credibile
1634 963 1865 999 nequaquam

0 1018 5 1023 ·
55 1006 123 1043 sit,
163 1011 346 1037 senarium
373 1003 454 1037 Deo
489 1008 646 1038 creatori
676 1015 702 1049 p
719 1014 862 1038 acuisse
893 1002 1048 1048 propter
1099 1014 1169 1039 ane
1200 1016 1235 1039 ιιι
1300 1015 1369 1040 em.
1427 1005 1517 1040 Dico
1549 1007 1724 1047 secundo,
1768 1006 1864 1041 hanc

55 1054 285 1096 affectionem
303 1066 376 1098 Νη
393 1060 601 1103 competere
619 1056 790 1098 numeris,
821 1060 864 1091 ut
880 1055 1169 1093 numerantibus.
1226 1058 1266 1092 Id
1296 1057 1405 1092 facile
1437 1058 1616 1104 probatur
1633 1071 1682 1095 ex
1700 1059 1862 1094 Euclidis

0 1110 6 1143 ξ*
54 1099 118 1143 lib.
137 1102 216 1144 vn.
236 1107 334 1144 vm.
354 1107 420 1143 IX.
478 1108 525 1143 Ut
543 1108 639 1144 enim
658 1114 788 1144 auctor
817 1108 887 1144 ille
901 1107 1135 1150 demonstret,
1167 1109 1287 1145 inesse
1306 1111 1520 1157 quibusdam
1552 1111 1647 1146 hanc
1665 1112 1861 1157 perfectio-

52 1155 147 1206 ne'x'p,
177 1159 324 1208 cogitur
339 1161 395 1196 uti
413 1161 572 1196 numeris
590 1161 774 1208 figuratis,
794 1161 829 1196 id
848 1167 917 1202 est,
938 1167 980 1197 ut
998 1163 1148 1198 scholae
1168 1163 1378 1210 loquuntur,
1398 1164 1556 1199 numeris
1577 1164 1776 1211 numeratis
1797 1176 1862 1200 seu

53 1209 425 1261 parallelogrammis,
446 1214 595 1260 aequali
613 1220 786 1250 mensura
802 1214 926 1249 divisis
946 1215 982 1250 in
1002 1215 1153 1262 longum
1172 1222 1211 1251 et
1230 1216 1358 1251 latum.
1415 1217 1539 1258 Quare
1561 1218 1592 1252 si
1612 1228 1685 1264 qua
1702 1218 1861 1253 maxime

53 1260 260 1302 nobilitatis
277 1270 370 1302 nota
388 1271 500 1309 esset,
530 1267 624 1302 baec
642 1268 694 1303 sic
713 1268 812 1303 dicta
829 1268 1019 1313 perfectio,
1046 1268 1114 1303 illa
1133 1269 1248 1315 primo
1268 1274 1493 1315 competeret
1513 1269 1746 1317 geometricis
1766 1271 1860 1318 figu-

50 1318 115 1355 ri'a.
166 1318 250 1355 Etsi
267 1328 356 1354 vero
383 1320 554 1355 senarius
572 1330 697 1355 veram
716 1331 819 1355 suam
846 1325 887 1355 et
903 1321 1043 1356 realem
1074 1322 1304 1357 nobilitatem
1329 1323 1444 1357 habet
1462 1335 1484 1357 e
1503 1324 1731 1370 sexangulo,
1763 1320 1860 1370 quae

51 1373 173 1418 figura
189 1372 309 1417 ipsum
326 1372 499 1418 provehit
517 1373 554 1408 in
572 1374 765 1419 disciplina
782 1373 1004 1414 harmonica,
1036 1385 1106 1409 non
1127 1375 1208 1409 ideo
1228 1381 1350 1410 tamen
1369 1375 1482 1410 etiam
1501 1377 1548 1411 ad
1568 1376 1860 1412 constituendum

50 1434 237 1460 m
253 1424 508 1471 pri-ariorum
526 1426 647 1461 mundi
666 1437 857 1472 corporum
886 1427 930 1461 fit
948 1432 1071 1472 aptus.
1128 1428 1267 1474 figura
1297 1429 1392 1464 enim
1423 1429 1491 1463 illa
1509 1429 1684 1464 circulum
1710 1435 1754 1469 ut
1773 1441 1857 1465 con-

50 1477 191 1517 tinuam
219 1477 463 1530 quaffl'tatem
494 1478 531 1514 in
562 1491 629 1514 sex
660 1484 789 1524 partes
820 1479 966 1514 dividit:
998 1491 1154 1525 corpora
1182 1482 1366 1516 mundana
1394 1493 1468 1517 non
1486 1487 1573 1518 sunt
1602 1487 1731 1528 partes
1750 1483 1858 1518 unius

49 1529 246 1575 continnae
272 1530 507 1578 quantitatis.
562 1533 635 1567 Illa
660 1533 784 1579 figura
814 1532 909 1567 inter
939 1533 1073 1578 planas
1105 1539 1180 1569 est:
1213 1534 1427 1580 corporibus
1454 1546 1542 1570 vero
1573 1536 1695 1571 mundi
1725 1535 1855 1577 solida,

50 1583 244 1632 seu-&inm
261 1583 523 1621 dimensionum
549 1585 674 1631 spatia
692 1587 781 1620 data
799 1589 886 1620 sunt
913 1587 1161 1632 peragranda.
1220 1587 1335 1622 Recte
1363 1587 1479 1634 igitur
1505 1588 1695 1634 repudiavi
1722 1589 1857 1624 senarii

49 1635 164 1683 ipsius
192 1646 262 1683 per
277 1647 318 1671 se
346 1636 567 1673 considerati
585 1639 701 1679 dotes,
737 1650 782 1673 ne
813 1637 1052 1673 adsciscerem
1080 1639 1166 1675 illas
1199 1639 1296 1675 inter
1326 1651 1457 1676 causas
1485 1641 1620 1676 senarii
1652 1642 1852 1677 coelorum:

49 1682 151 1724 'reete
168 1688 305 1732 censui,
338 1690 546 1736 oportuisse
576 1692 798 1737 praecedere
817 1702 949 1726 causas
978 1691 1120 1738 aliquas
1144 1692 1345 1735 evidentes,
1378 1705 1427 1728 ex
1447 1694 1577 1740 quibus
1597 1694 1726 1730 deinde
1746 1706 1853 1729 sena·

48 1734 124 1776 rias
151 1739 224 1776 iste
241 1741 425 1778 coelorum
454 1743 552 1778 ultro
583 1745 802 1784 resultaret;
835 1743 929 1779 sicut
959 1744 996 1779 in
1014 1744 1226 1781 harmonica
1249 1746 1452 1792 disciplina,
1482 1747 1602 1782 causis
1620 1747 1853 1794 praegressis

10 1818 14 1819 ν
49 1791 199 1836 mods,
227 1795 389 1830 resultat
406 1800 446 1831 et
463 1797 647 1832 ternarius
666 1797 941 1840 consonantium
961 1797 998 1832 in
1016 1798 1110 1833 idem
1128 1804 1298 1834 sonorum
1329 1806 1367 1834 et
1387 1800 1619 1846 septenarius
1639 1800 1853 1836 divisionum

53 1846 74 1882 Ι.
161 1848 163 1850 .
204 1847 235 1857 ,,

79 1898 82 1899 ’
153 1897 197 1943 Ιι)
214 1900 291 1936 Ino
320 1900 427 1936 ideae
457 1902 707 1948 quantitatum
738 1909 825 1938 sunt
854 1908 1032 1950 erantque
1056 1904 1137 1939 Deo
1169 1911 1400 1947 coaeternae,
1432 1906 1534 1941 Deus
1562 1905 1663 1952 ipse3
1696 1912 1856 1953 suntque

48 1949 169 1989 adfine
184 1953 453 2000 exemplariter
470 1955 506 1990 in
526 1955 655 1991 animis
686 1957 733 1991 ad
752 1956 949 2002 imaginem
967 1956 1038 1991 Dei
1058 1954 1189 2000 (etiam
1217 1958 1382 1993 essentia
1399 1957 1483 2001 sua)
1510 1954 1630 2001 factis,
1663 1971 1739 2006 qua
1756 1960 1794 1995 in
1812 1970 1854 1995 re

49 2005 282 2042 consentiunt
306 2007 468 2053 gentiles
496 2008 707 2054 philosophi
738 2013 777 2043 et
804 2010 972 2044 doctores
1002 2010 1195 2045 ecclesiae.

153 2055 186 2103 i)
213 2059 439 2105 Scripseram
457 2061 531 2096 ista
547 2061 635 2096 mihi
654 2062 741 2102 soli;
773 2062 1028 2108 intelligebam
1047 2063 1163 2109 igitur
1180 2075 1246 2109 pro
1266 2065 1381 2100 Terra
1406 2065 1543 2106 orbem,
1575 2077 1646 2112 quo
1666 2065 1734 2100 illa
1752 2065 1853 2100 vehi·

12 2110 13 2113 ’
49 2115 120 2153 mr,
147 2121 360 2159 magnum
393 2124 418 2148 a
435 2114 635 2160 Copernico
655 2114 806 2150 dictum:
835 2115 886 2150 sic
905 2126 971 2160 pro
992 2116 1156 2161 quolibet
1175 2117 1341 2162 planeta,
1371 2118 1496 2153 orbem
1517 2119 1643 2164 ipsius.
1698 2119 1750 2153 Et
1767 2129 1851 2164 per·

7 2158 15 2188 ’ἰ
48 2158 338 2224 tinee'ultimum
368 2177 523 2201 comma:
567 2168 694 2202 Habes
720 2167 899 2203 rationem
930 2167 992 2204 dcc.
1024 2169 1138 2204 etiam
1169 2171 1214 2203 ad
1245 2170 1342 2207 hanc
1372 2182 1420 2206 ex
1452 2171 1594 2206 schedis
1626 2171 1852 2216 exscriptam

16 2236 17 2241 =
47 2220 282 2252 sententiam.

151 2267 196 2312 k)
226 2268 412 2305 Laboravi
442 2271 645 2316 pueriliter,
677 2283 724 2306 ne
744 2272 823 2318 quis
842 2273 928 2308 mihi
959 2273 1170 2318 imputaret,
1203 2286 1259 2308 me
1284 2279 1497 2311 novatorem
1516 2287 1611 2318 esse,
1643 2277 1852 2312 ostentandi

46 2322 166 2359 solum
181 2322 322 2369 ingenii
341 2334 455 2358 causa
485 2324 616 2359 librum
644 2324 851 2370 scripsisse:
882 2325 940 2360 bis
960 2327 1115 2371 opposui
1134 2332 1173 2361 et
1191 2331 1316 2362 votum
1334 2333 1374 2363 et
1402 2329 1667 2373 penitissimam
1694 2338 1850 2376 persua-

17 2375 22 2390 ³
47 2373 185 2411 donem
204 2374 249 2410 de
268 2375 427 2411 veritate
447 2386 589 2428 eorum,
614 2387 709 2422 quae
739 2378 834 2413 liber
851 2378 1067 2420 cdntineret,
1100 2384 1139 2414 et
1157 2380 1313 2425 denique
1341 2382 1508 2416 ardorem
1534 2382 1742 2417 conferendi
1770 2394 1851 2418 cum

16 2440 18 2442 ·
47 2427 133 2463 affin
161 2429 208 2464 de
235 2429 295 2464 his
326 2429 496 2464 inventis.
550 2430 601 2464 Et
631 2435 749 2471 erant,
782 2431 922 2476 opinor,
952 2431 1104 2467 idoneae
1134 2443 1271 2467 causae
1298 2434 1519 2480 profligandi
1546 2435 1694 2480 pudoris
1722 2435 1850 2481 inepti.
