2028 3242
838 84 953 112 eoum
977 78 1106 112 Unum.
1790 72 1877 118 267

67 180 216 227 cirula
243 181 345 235 DG,
375 185 462 226 sive
491 185 532 226 in
563 186 784 238 angustiori
814 186 892 226 KL
921 189 1142 226 moveatur.
1203 183 1259 224 Et
1290 183 1345 223 sit
1375 183 1414 223 Η
1444 183 1565 224 stella
1602 182 1642 222 in
1675 193 1868 234 apogaeo‚

69 243 147 285 erit
173 244 312 297 inque
335 246 479 298 juncta
508 244 606 285 Soli.
669 245 952 284 Transferatur
982 255 1204 296 apogaeum
1237 242 1402 295 ejusque
1440 243 1546 283 linea
1572 242 1664 290 ΕΗ,
1700 246 1880 282 centrum

69 315 127 344 sc.
158 303 371 344 eceentrici
402 304 461 351 N,
505 316 556 343 ex
586 316 633 343 eo
665 304 753 343 loco
784 303 823 343 in
854 303 911 351 E,
952 303 1084 355 sitque
1123 302 1234 342 locus
1265 301 1435 354 apogaei
1466 301 1506 341 in
1539 302 1577 341 A
1615 301 1759 340 iterum
1792 312 1880 340 cum

40 386 46 389 ·-
69 361 111 403 G
140 361 205 402 vel
235 361 272 403 L
289 361 398 404 Sole.
461 362 593 404 Stella
623 374 717 402 vero
749 367 959 402 moveatur
990 375 1016 402 a
1046 361 1154 402 linea
1184 360 1353 413 apogaei
1386 361 1424 400 in
1454 365 1609 412 partem
1637 358 1879 399 contrariam

69 425 180 480 mptu
210 421 546 469 commutationis,
579 433 628 460 ex
657 422 698 462 A
729 434 787 461 sc.
821 421 860 460 in
891 420 939 460 B.
1003 420 1150 467 Patet,
1184 419 1288 472 quod
1320 419 1536 471 quotannis
1569 419 1651 459 fere
1684 418 1809 458 semel
1839 418 1880 458 in

69 464 302 533 perigaeum
331 480 494 528 incidat,
527 480 606 520 etsi
638 492 715 520 non
747 480 798 519 ad
824 480 1032 532 oppositas
1052 484 1193 547 partes
1213 479 1367 519 zodiaci
1387 479 1549 519 evadat.
1612 476 1704 523 Qua
1723 477 1878 517 ratione

69 539 127 588 fit,
157 545 206 580 ut
235 540 288 580 ad
318 551 524 580 aceessum
554 538 664 580 Solis
696 539 748 579 ad
780 550 825 578 se
855 538 1024 579 tollatur
1056 539 1093 578 in
1127 538 1387 584 altum.cu1n
1419 537 1639 577 decedente
1659 535 1755 576 Sole
1787 549 1878 575 sese

70 598 189 639 simul
218 598 419 640 demittat-
479 598 636 638 Eadem
667 610 761 638 vero
780 598 979 651 Tychonis
1009 610 1163 650 quoque
1190 597 1434 650 hypotheses
1467 595 1629 636 habent.
1690 594 1759 635 Sic
1791 607 1879 635 cum

70 657 311 711 Apollonius
342 656 440 697 dicit
467 657 507 697 D
538 657 602 698 vel
632 657 690 705 K,
720 655 759 697 G
790 658 854 696 vel
875 657 909 696 L
941 655 1089 704 Solem,
1122 661 1165 696 et
1195 656 1252 703 N,
1280 655 1315 696 Ε
1342 662 1523 696 centium
1554 653 1768 695 eccentrici
1790 666 1881 693 esse
1952 683 1957 686 .

70 716 112 758 in
147 717 291 758 eadem
326 715 451 763 linea,
495 716 631 814 :zycho
664 716 780 765 digit,
816 716 851 765 N
863 746 872 768 ,
904 715 940 755 Ε
972 723 1151 755 centrum
1093 715 1553 783 ωςροθῃιτὶςμοεεε
1564 726 1726 769 ffls9m
1730 712 1881 769 Solem.

71 774 144 816 Sic
170 787 262 816 cm
290 775 391 816 haec
421 775 514 826 Apo
534 774 629 815 lonii
660 774 864 815 sententia
894 775 1024 816 locum
961 762 1180 815 aliter
1205 775 1353 815 habere
1385 786 1462 814 non
1494 774 1637 825 possit,
1670 772 1748 813 nisi
1768 772 1882 824 justa

71 834 128 875 sit
157 834 365 889 proportio
396 834 466 875 ΓΕ
498 834 815 874 eccentricitatis
846 834 897 873 ad
929 833 1004 874 EA
1035 834 1190 874 radium
1224 834 1397 874 eccentri
1431 834 1570 880 (aliter
1601 832 1715 883 justa
1745 837 1881 871 retro-

16 918 24 925 ·
73 892 353 946 gradationum
384 892 592 945 quantitas
622 906 699 933 non
731 893 1005 940 conficietur),
1042 893 1113 932 fiat
1144 893 1280 944 utique
1313 893 1351 932 in
1384 893 1505 933 stella
1524 891 1705 939 'Martis,
1739 897 1783 930 ut
1812 890 1883 930 ΕΡ

73 952 322 994 sectatricus
363 957 478 993 secet
506 950 581 998 FQ
619 952 808 992 circulum
845 965 871 992 a
911 958 1050 992 centro
1089 952 1300 992 eceentrici
1335 952 1605 1003 descriptum:
1652 950 1692 989 id
1725 949 1884 1002 quidem

73 1024 125 1053 a
155 1011 387 1064 anteposita
417 1011 690 1063 suppositione
710 1010 913 1063 Apollonii
944 1011 1111 1057 firmiter
1142 1011 1360 1055 deducitur.
1423 1009 1525 1051 Cum
1550 1009 1656 1050 enim
1673 1009 1746 1049 BT
1770 1014 1884 1049 recta

73 1071 196 1111 ducta
225 1070 281 1111 sit
310 1076 428 1111 cxua
458 1074 640 1110 centrum
669 1069 703 1108 Ε
747 1076 790 1110 et
820 1070 902 1110 alia
933 1070 1005 1110 AP
1042 1082 1114 1121 per
1151 1075 1331 1111 centrum
1362 1070 1419 1119 Ε,
1464 1081 1586 1121 quare
1618 1068 1694 1108 ΑΡ
1725 1067 1884 1120 longior

75 1129 152 1171 erit
193 1141 314 1182 quam
343 1129 430 1170 BT.
490 1129 571 1168 Est
601 1134 735 1169 autem
767 1129 843 1168 ΑΡ
873 1129 1005 1169 divisa
1042 1129 1226 1169 bifariam
1259 1130 1298 1170 in
1330 1129 1365 1169 Ε
1398 1134 1555 1175 centro,
1601 1134 1643 1168 et
1672 1126 1745 1167 BT
1775 1127 1814 1166 in
1846 1124 1883 1166 Ο

76 1201 127 1228 ex
161 1188 393 1242 hypothesi,
426 1199 548 1240 quare
578 1199 652 1240 per
681 1201 926 1230 communem
958 1188 1258 1240 conceptionem
1293 1188 1497 1229 dimidium
1526 1187 1598 1227 ΕΡ
1628 1186 1791 1227 dimidio
1811 1183 1884 1225 OT

78 1260 234 1300 quoque
273 1247 404 1299 majus
444 1252 522 1287 est.
586 1247 795 1299 Amplius,
839 1260 928 1287 cum
972 1261 997 1287 a
1035 1249 1247 1299 puncto.F
1285 1253 1399 1288 extra
1437 1252 1614 1287 centrum
1646 1245 1784 1287 circuli
1815 1242 1885 1284 GP

76 1307 273 1347 ducantur
301 1306 441 1354 binae,
487 1318 566 1346 una
595 1319 645 1346 ex
676 1312 815 1347 centro
844 1306 1009 1346 veniens
1041 1307 1126 1355 FP,
1160 1307 1286 1347 altera
1318 1320 1435 1347 secus
1466 1306 1553 1353 FT,
1586 1304 1812 1344 incidentes
1843 1302 1882 1342 in

77 1365 443 1406 circumferentiam
466 1365 537 1404 PT
545 1377 558 1413 ;
590 1365 669 1405 erit
699 1365 768 1405 FT
797 1365 928 1417 major
959 1378 1077 1418 quam
1104 1366 1183 1406 FP.
1244 1366 1337 1406 Jam
1369 1377 1490 1417 supra
1522 1363 1681 1404 dixerat
1710 1363 1883 1415 Apollo-

76 1424 166 1465 nius
195 1423 271 1465 OT
311 1424 371 1465 sie
402 1436 493 1463 esse
536 1424 587 1463 ad
619 1424 708 1471 TF,
753 1430 797 1464 nt
833 1424 1029 1464 velocitas
1068 1425 1194 1465 centri
1232 1424 1444 1465 eccentrici
1490 1423 1676 1470 (Martis)
1713 1421 1790 1463 NE
1834 1421 1884 1460 ad

76 1482 332 1525 velocitatem
371 1482 518 1522 stellae
547 1495 617 1523 seu
661 1488 811 1523 motum
835 1483 1158 1523 commutationis
1190 1485 1264 1524 AB
1306 1484 1343 1523 h.
1378 1496 1413 1523 e.
1446 1487 1492 1522 nt
1522 1479 1579 1523 59
1612 1482 1664 1521 ad
1696 1479 1754 1523 28
1785 1481 1882 1521 fere.

5 1557 11 1559 ⁴
77 1540 179 1583 Cum
214 1542 339 1595 igitm
373 1541 554 1594 ejusdem
595 1542 720 1582 totius
753 1543 803 1582 ad
837 1543 1028 1593 majorem
1067 1555 1117 1581 ex
1148 1541 1174 1582 2
1206 1543 1388 1595 partibus
1427 1542 1556 1582 minor
1588 1540 1643 1580 sit
1680 1539 1883 1592 proportio

77 1613 198 1654 qum
233 1601 287 1643 sd
315 1601 524 1649 minorem,
570 1600 648 1641 erit
689 1602 816 1652 major
850 1602 1055 1654 proportio
1088 1599 1162 1642 OT
1193 1603 1243 1642 ad
1275 1602 1344 1642 FP
1387 1613 1505 1654 qnam
1537 1598 1595 1642 59
1633 1600 1686 1640 ad
1717 1597 1798 1647 28;
1842 1605 1885 1638 et

77 1671 252 1708 rursum,
278 1671 369 1701 cum
401 1672 451 1700 ex
483 1659 638 1700 duabus
676 1660 893 1712 majoribus
933 1672 1035 1712 quae
1069 1660 1227 1712 longior
1264 1666 1328 1700 est
1365 1660 1559 1711 majorem
1590 1658 1884 1711 proportionem

77 1717 230 1766 habeat
260 1719 312 1759 ad
336 1718 541 1766 minorem,
575 1731 695 1771 quam
726 1732 827 1772 quae
860 1719 1043 1767 brevior;
1088 1720 1217 1771 major
1246 1720 1368 1771 igitur
1400 1719 1477 1759 erit
1501 1718 1706 1770 proportio
1730 1717 1802 1757 ΕΡ
1832 1717 1883 1756 ad

79 1772 149 1818 PF
178 1789 297 1830 qnam
327 1775 403 1818 OT
433 1777 485 1817 ad
516 1777 596 1818 PF.
658 1778 774 1818 Prius
806 1791 900 1818 vero
933 1783 974 1818 et
1006 1777 1111 1818 OT2:
1134 1779 1199 1819 PF
1221 1780 1270 1827 >
1295 1776 1352 1819 59
1376 1792 1385 1818 ε
1407 1776 1478 1822 28,
1510 1778 1632 1817 multo
1653 1776 1775 1828 igitur
1792 1789 1882 1815 ma-

0 1844 1 1860 ³
74 1835 141 1888 jor
175 1841 241 1877 est
281 1836 486 1889 proportio
524 1836 714 1877 EP1PF
756 1850 875 1890 quam
914 1834 1095 1878 59:28.
1158 1836 1336 1890 Cumque
1376 1833 1544 1878 59:28
1579 1835 1786 1888 proportio
1830 1834 1885 1873 sit

80 1895 207 1946 major
235 1895 371 1947 dupla,
400 1895 530 1936 tribus
561 1895 683 1946 igitur
714 1897 938 1936 nominibus
969 1895 1070 1935 ΕΡ.
1061 1910 1071 1918 ·
1093 1897 1160 1936 PF
1192 1897 1321 1948 major
1351 1896 1606 1948 proportione
1638 1894 1773 1946 dupla.
1838 1893 1890 1933 Si-

78 1953 150 1994 ΕΡ
178 1954 270 2006 plus
301 1960 367 1995 est
395 1967 516 2007 quam
546 1954 707 2005 duplum
728 1956 806 2003 PF,
841 1968 935 2007 ergo
954 1955 1022 1995 PF
1055 1956 1183 1996 minor
1202 1961 1266 1995 est
1297 1968 1415 2007 quam
1435 1954 1639 1995 dimidium
1656 1953 1728 1993 ΕΡ
1758 1954 1882 1993 semi—

79 2011 265 2054 diametri
305 2013 492 2054 eccentri.
554 2013 709 2054 Ablata
746 2014 868 2065 igitur
897 2015 965 2055 PF
1007 2014 1134 2055 minor
1175 2015 1339 2054 dimidia
1381 2013 1572 2066 relinquit
1600 2013 1670 2054 ΓΕ
1716 2012 1782 2052 vel
1811 2013 1844 2052 F
1847 2011 1886 2058 Q

81 2072 289 2124 aequalem
326 2073 520 2124 majorem
559 2073 725 2112 dimidia
764 2079 893 2125 parte.
955 2074 1096 2126 Itaque
1128 2074 1196 2113 FP
1238 2074 1434 2114 distantia
1474 2073 1666 2125 perigaea
1706 2086 1731 2112 a
1762 2071 1887 2112 Terra

82 2130 212 2170 minor
252 2135 318 2171 est
354 2129 429 2177 FQ
472 2130 770 2172 semidiametro
813 2132 971 2180 circuli,
1016 2133 1081 2184 qui
1126 2138 1304 2172 centrum
1335 2132 1549 2172 eccentrici
1587 2132 1710 2171 vehit.
1773 2131 1886 2171 Idem

83 2193 217 2229 antem
260 2189 408 2229 asserit
443 2189 579 2242 'tycho
622 2190 671 2228 de
710 2191 856 2230 circulo
889 2196 922 2236 (ς
961 2197 1125 2231 secante
1158 2191 1348 2231 circulum
1383 2190 1449 2241 Θ.
1512 2191 1576 2231 Ex
1613 2191 1723 2231 hisee
1764 2190 1886 2242 igitur

83 2252 255 2299 apparet
285 2261 348 2294 ea,
381 2260 499 2299 quam
531 2247 627 2296 dixi,
659 2249 846 2299 cognatio
877 2249 1153 2301 hypothesium
1174 2250 1371 2303 Tychonis
1402 2263 1490 2290 cum
1522 2249 1763 2302 geometrico
1788 2261 1886 2301 pro-

82 2307 258 2347 blemate
287 2305 506 2359 Apollonii.

199 2365 261 2406 At
290 2378 342 2405 ex
370 2364 433 2404 his
464 2370 598 2404 tamen
624 2364 795 2404 nondum
827 2365 1006 2416 sequitur
1034 2366 1093 2413 id,
1134 2367 1237 2417 quod
1260 2359 1308 2405 'in
1340 2379 1463 2406 causa
1493 2372 1704 2407 versatur:
1749 2365 1882 2416 Apol-

84 2419 232 2465 lonium
257 2423 502 2478 hypotheses
534 2423 707 2462 edidisse
730 2425 1018 2464 astronomicas
1051 2425 1229 2476 legitime
1261 2431 1304 2464 et
1321 2426 1479 2476 proprie
1500 2425 1558 2465 sic
1578 2426 1723 2471 dictas,
1756 2424 1882 2463 multo

84 2483 215 2523 minus
244 2496 340 2523 vero
371 2482 430 2531 id,
464 2482 566 2534 quod
592 2482 677 2521 sine
709 2482 814 2521 omni
845 2482 1114 2522 haesitatione
1146 2484 1416 2523 affirmaverat
1446 2484 1592 2531 Ursus,
1626 2482 1884 2535 Apollonium

86 2542 264 2582 secunda
293 2541 572 2582 immutatione
592 2540 987 2581 Aristarchianarnm
1018 2542 1140 2590 facta,
1173 2542 1275 2582 hanc
1309 2543 1476 2582 formam
1507 2541 1743 2595 systematis
1770 2554 1886 2581 mun-

86 2600 195 2649 dani,
227 2613 327 2656 quae
356 2600 475 2640 hodie
507 2599 684 2653 Tychoni
715 2600 862 2651 placet,
894 2601 1155 2651 expressisse.
1218 2601 1394 2641 Primum
1427 2601 1531 2641 enim
1553 2601 1668 2642 initio
1699 2612 1778 2640 nou
1810 2600 1888 2640 fuit

86 2658 325 2711 Apollonius
355 2664 606 2699 astronomus
636 2659 906 2709 professione,
940 2659 1012 2698 sed
1037 2664 1266 2710 geometra,
1300 2660 1480 2712 quodque
1513 2659 1806 2700 demonstravit
1837 2671 1887 2698 ex

87 2717 333 2758 astronomia
361 2722 651 2758 transsumtum
681 2717 906 2769 problema,
944 2717 984 2756 id
1015 2731 1093 2757 non
1124 2718 1231 2769 ipse,
1271 2725 1314 2758 ut
1346 2718 1566 2758 astronomi
1596 2718 1762 2770 requirit
1793 2718 1884 2758 offi-

87 2776 204 2824 cium,
238 2777 289 2816 ad
320 2789 434 2816 usum
465 2776 666 2824 adhibuit,
712 2781 757 2815 nt
793 2776 868 2815 hac
901 2782 1081 2816 assumta
1125 2777 1338 2829 hypothesi
1376 2771 1565 2828 planetae
1595 2777 1715 2817 ullius
1753 2782 1885 2817 motus

87 2846 139 2874 ex
177 2834 522 2875 observationibus
567 2835 779 2874 deduceret
817 2840 858 2873 et
889 2834 1200 2884 demonstraret,
1240 2836 1311 2875 sed
1355 2835 1735 2876 demonstrationem
1778 2847 1885 2875 mere

89 2893 372 2944 geometricam
395 2895 446 2934 ad
478 2898 742 2941 astronomos,
776 2899 966 2944 tanquam
995 2894 1162 2944 propola
1193 2894 1330 2933 clavos
1362 2899 1433 2934 aut
1464 2894 1634 2935 securim
1666 2895 1718 2934 ad
1750 2894 1884 2935 archi-

90 2955 221 2991 tectos
252 2951 400 3006 attulit„
434 2952 470 2993 si
502 2952 590 3004 quis
621 2958 743 2998 esset,
775 2952 886 3003 eujus
905 2951 1043 2991 usibus
1076 2953 1155 2991 ista
1174 2953 1384 2992 servirent.
1446 2953 1615 3001 Deinde,
1635 2966 1736 2994 rcum
1754 2954 1884 3007 hypo-

68 3009 228 3049 theses
259 3010 546 3051 astronomicas
577 3022 700 3061 snpra
730 3023 818 3061 qum
849 3009 953 3049 Urso
987 3010 1238 3050 definiremus
1275 3016 1428 3052 certam
1465 3012 1640 3064 aliquam
1670 3013 1720 3052 de
1750 3012 1884 3053 mundi

92 3068 218 3108 forma
258 3079 540 3122 corporumque
582 3064 815 3112 coelestium
858 3068 1121 3125 dispositione
1165 3070 1492 3126 conceptionem:
1538 3070 1743 3126 Apollonii
1784 3071 1884 3112 haec
