2028 3242
221 65 305 108 306
542 103 547 106 ,Ι
781 66 914 98 Literae
939 64 1076 106 Kepleri
1102 65 1302 107 aliorumque
1327 70 1463 98 mutuae

220 172 364 214 scripsit,
401 179 442 202 ea
479 179 564 213 quae
595 169 660 203 huc
688 170 872 212 pertinent,
912 169 1033 202 additis
1066 151 1206 211 Keplei·iv
1240 169 1284 202 ad
1312 168 1400 202 hanc
1424 169 1600 211 epistolam
1632 172 1910 220 respuam-mih..
1948 185 2020 218 1³¹0-

219 227 379 261 pommus,

321 288 546 320 Fabricius
572 286 825 327 (Resterhaviae
851 286 881 318 d.
914 287 942 317 1.
969 284 1059 326 (11.)
1087 287 1173 329 Aug.
1204 285 1324 327 1602).

320 359 328 367 .
358 359 366 368 .
395 359 402 367 .
431 335 600 377 Cognosco
627 332 677 375 (in
703 332 795 374 aula)
820 334 974 375 postridie
1001 334 1167 366 abiturum
1199 334 1277 366 hinc
1304 334 1347 366 ad
1372 344 1428 366 vos
1452 335 1556 366 virum
1589 345 1630 368 ex
1661 337 1779 368 nostris
1813 337 2020 375 consiliarum

224 391 324 425 quare
354 383 485 415 domum
510 392 657 424 propero,
701 386 735 413 et
760 380 934 414 σκελετον
959 382 1076 413 saltem
1102 380 1313 424 (paginarum
1347 382 1381 412 in
1406 381 1482 413 folio
1508 381 1552 414 ad
1575 383 1740 426 margines
1770 383 1939 427 plenarum
1963 383 2023 425 16)

224 431 267 462 ad
290 435 325 462 te
351 439 439 462 nunc
465 429 663 461 mittendum
690 429 838 466 conficio,
867 429 971 461 donec
997 430 1128 462 occasio
1154 429 1196 461 ad
1221 428 1483 470 respondendum
1507 433 1673 471 sequatur.

314 476 444 509 Videris
471 477 669 518 astrologiae
695 486 810 517 pamm
834 476 886 508 vel
910 474 991 508 nihil
1016 477 1170 508 tribuere.
1221 477 1275 508 An
1300 476 1362 508 hoc
1388 477 1495 509 studio
1521 477 1647 514 facias,
1684 480 1722 509 ut
1744 477 1788 510 D.
1815 477 1945 520 Tycho,
1970 481 2022 523 qui

218 534 334 567 parum
359 526 393 556 in
418 525 506 556 libris
534 524 613 556 facit
639 524 866 566 astrologiam,
903 533 1000 565 quam
1026 528 1139 555 tamen
1165 524 1273 555 animo
1301 523 1450 564 colebat,
1478 533 1522 556 an
1546 534 1622 559 vero
1647 525 1750 563 serio,
1781 527 1905 561 neseio.
1949 526 2022 570 Ego

219 573 394 604 multorum
420 581 578 604 annorum
603 571 710 603 studio
738 576 771 602 et
797 571 1077 603 observationibus
1103 571 1225 602 sedulis
1251 572 1414 612 comperi,
1452 573 1612 613 maJorem
1635 572 1670 604 in
1695 581 1737 605 ea
1761 581 1833 605 esse
1858 573 2021 607 certitudi-

218 629 306 657 nem,
333 628 431 661 quam
455 618 506 650 vel
530 618 722 649 millesimus
749 619 884 660 quisque
911 618 1086 650 existimat.
1140 617 1361 659 Praecipuum
1386 628 1500 650 meum
1531 618 1593 651 hoc
1620 623 1671 651 est
1691 620 1866 663 studium,
1889 625 1926 653 ut
1951 630 2025 664 eam

196 679 204 687 ·
220 667 395 709 aliquando
419 666 578 697 illustrem
602 665 748 696 reddam.
800 664 922 696 Omnes
946 664 1132 702 ventilabo,
1163 664 1371 702 Chaldaeos,
1397 666 1547 704 Arabes,
1573 665 1819 705 Ptolemaeum,
1845 669 1967 702 amicos
1993 673 2025 701 et

216 715 376 751 inimicos,
402 713 519 745 Picum!
542 716 575 744 et
601 712 692 743 alios.
743 712 907 752 Principia
931 713 1069 753 physica.
1094 716 1128 744 et
1154 712 1343 756 theologica
1368 713 1552 751 ostendam,
1578 717 1617 745 ut
1640 714 1781 747 influxus
1799 718 1958 748 astrorum
1982 716 2023 748 ab

218 762 307 793 intra
331 765 365 793 et
390 761 431 792 ab
457 764 550 791 extra
575 759 761 791 defendam.
813 758 848 791 Si
873 763 927 798 tu,
953 761 998 791 mi
1022 759 1189 800 Keplere,
1218 761 1322 793 audes
1346 761 1381 793 in
1405 760 1614 802 planetarum
1637 761 1766 803 palatia
1790 762 1970 797 ascendero
1993 767 2027 795 et

221 809 331 840 omnia
355 808 491 839 istorum
516 810 646 838 secreta
669 807 745 838 loca
768 806 948 848 indagare,
985 807 1163 848 explanare
1190 811 1224 840 et
1247 807 1404 849 prodere,
1445 817 1501 840 cur
1533 818 1600 840 non
1623 808 1704 841 mihi
1738 810 1904 852 integrum
1926 814 2024 847 esset,

218 865 284 887 non
307 858 438 887 tantum
462 854 497 886 in
521 854 705 894 penetralia
729 853 855 885 illorum
881 855 1033 896 irrepere,
1060 854 1119 886 sed
1145 855 1247 887 etiam
1271 855 1444 888 thesauros
1470 855 1598 888 illorum
1622 856 1779 895 occultos,
1805 856 1941 890 honesto
1965 857 2024 891 eli-

217 913 279 945 quo
305 903 389 934 furto
416 901 459 933 ad
482 910 535 933 me
561 899 748 933 adducere?
886 930 895 937 ,

312 973 320 982 .
348 973 357 981 .
385 971 392 979 .
419 949 554 980 Librum
577 948 867 990 meteorologicum
891 947 1037 980 nondum
1062 949 1145 988 vidi,
1185 949 1263 991 quia
1288 949 1455 991 exemplar
1478 949 1648 983 Johannes
1675 948 1868 991 (Ericksen)
1892 959 1959 984 non
1982 951 2025 985 ad

216 1006 269 1029 me
293 997 390 1028 misit.
443 995 538 1035 Quae
565 995 605 1027 de
633 996 819 1037 aspectibus
843 996 908 1027 tuis
933 997 1025 1027 novis
1051 996 1200 1034 adducis,
1226 1000 1305 1039 puto
1330 1006 1396 1029 non
1422 998 1553 1029 omnino
1578 1007 1666 1030 vana
1690 1008 1773 1032 esse.

333 1055 581 1106 Keplerus
615 1055 672 1102 (d.
712 1053 748 1094 1.
784 1053 875 1095 Oct.
915 1051 1071 1104 1602):
1116 1055 1425 1108 Aspectuum
1466 1056 1674 1108 negotium
1705 1057 1827 1098 velim
1859 1063 1901 1099 te
1932 1058 2024 1100 dili-

215 1119 356 1166 genter
385 1114 630 1166 perpendere
663 1119 704 1153 et
736 1127 823 1153 cum
855 1114 1203 1154 observationibus
1224 1115 1548 1168 meteorologicis
1569 1117 1765 1157 conferre.
1829 1118 1930 1159 Alta
1958 1123 2025 1158 est

219 1173 440 1226 speculatio
475 1178 516 1212 et
547 1185 624 1212 non
656 1178 742 1212 tam
774 1173 949 1213 difficilis
982 1186 1101 1226 quam
1133 1174 1216 1214 late
1247 1180 1408 1226 patens.
1470 1174 1560 1226 Ego
1588 1176 1800 1225 contendo,
1832 1190 1898 1217 res
1924 1189 2024 1230 geo-

216 1232 404 1272 metricas
447 1231 685 1284 praebuisse
730 1233 902 1273 creatori
949 1234 1155 1285 exemplar
1204 1234 1329 1274 totius
1366 1233 1501 1274 mundi
1539 1234 1770 1276 exornandi.
1831 1235 2025 1289 Disputat

215 1291 461 1331 Aristoteles
498 1290 610 1343 ipse,
655 1291 775 1331 rebus
817 1292 1074 1343 geometricis
1121 1305 1211 1332 esse
1255 1306 1350 1333 suas
1395 1292 1596 1333 essentias
1634 1298 1776 1334 contra
1807 1307 1851 1336 se
1887 1300 2024 1336 mutuo

217 1350 448 1398 distinctas,
480 1356 525 1390 ut
557 1363 591 1390 e.
626 1362 664 1402 g.
698 1350 735 1389 in
768 1356 910 1391 nostra
940 1351 1110 1392 materia
1141 1356 1227 1392 toto
1260 1364 1405 1404 genere
1440 1352 1650 1401 differunt,
1692 1353 1734 1392 id
1765 1354 1870 1406 quod
1910 1366 2021 1395 com-

213 1409 349 1461 parari
380 1409 432 1448 ad
464 1409 699 1450 diametrum
730 1415 870 1461 potest
901 1411 1017 1450 modo
1053 1423 1297 1464 quocunque,
1345 1412 1395 1450 ab
1430 1424 1476 1450 eo
1509 1411 1626 1463 quod,
1663 1411 1741 1452 etsi
1773 1417 1924 1454 certum
1955 1418 2024 1453 est

215 1473 256 1508 et
284 1467 488 1508 definitam
518 1481 742 1508 mensuram
777 1469 911 1519 habet,
947 1469 1040 1510 sciri
1073 1475 1207 1509 tamen
1242 1472 1318 1509 non
1350 1475 1489 1522 potest
1526 1483 1599 1510 nec
1637 1471 1873 1523 comparari.
1933 1472 2022 1516 Hoc

215 1539 339 1578 genus
372 1527 656 1579 quantitatum,
689 1533 732 1567 ut
765 1528 871 1568 latus
893 1529 1136 1581 septanguli,
1169 1529 1399 1581 nonanguli,
1433 1529 1712 1582 undecanguli,
1744 1530 2021 1584 tredecanguli

214 1586 266 1625 ad
297 1586 552 1636 diametrum,
585 1587 704 1626 valde
739 1592 804 1626 est
834 1588 1014 1628 mirabile
1048 1588 1271 1628 dimensum
1303 1601 1414 1638 esse,
1449 1594 1489 1628 et
1520 1589 1741 1630 mensurari
1773 1601 1850 1630 non
1881 1602 2018 1643 posse.

214 1645 279 1685 Ita
310 1645 366 1694 fit,
400 1651 445 1685 ut
465 1646 572 1685 ultra
605 1652 644 1685 et
665 1659 786 1698 supra
806 1647 1124 1687 intellectionem
1153 1647 1213 1687 sui
1246 1647 1366 1688 aliam
1393 1647 1516 1687 etiam
1536 1648 1686 1688 habeat
1705 1647 2020 1690 subsistentiam.

329 1704 441 1744 Haec
472 1705 606 1757 itaque
634 1705 952 1757 magnitudinum
984 1711 1128 1746 natura
1159 1719 1237 1746 nou
1270 1712 1334 1746 est
1365 1707 1673 1759 proportionata
1692 1707 1782 1760 capi
1813 1707 1865 1748 ab
1895 1707 2019 1749 intel·-

217 1763 322 1803 lectu
352 1768 504 1812 nostro,
539 1764 604 1816 qui
635 1763 727 1804 idea
759 1771 822 1804 est
855 1766 983 1805 omnis
1016 1765 1210 1817 spiritalis
1242 1765 1281 1805 in
1315 1766 1461 1806 mundo
1493 1772 1662 1807 naturae
1673 1779 1686 1814 3
1734 1771 1777 1807 et
1806 1767 1923 1808 simul
1953 1767 2018 1807 vi·-

215 1822 371 1870 demus,
420 1823 524 1874 quod
555 1835 632 1862 non
666 1823 720 1863 sit
749 1824 979 1864 introducta
1020 1825 1071 1864 ad
1103 1825 1323 1864 movendas
1355 1825 1395 1864 in
1427 1826 1570 1866 mundo
1609 1830 1776 1866 naturas
1808 1825 2017 1875 animales,

215 1881 308 1933 quia
339 1881 469 1921 nullus
503 1887 691 1933 aspectus
736 1897 759 1922 a
792 1884 1024 1935 septenaria
1054 1884 1233 1930 ratione,
1278 1897 1351 1923 nec
1393 1898 1418 1924 a
1450 1885 1595 1925 ceteris
1633 1884 1831 1925 similibus
1869 1884 2014 1929 oritur:

216 1940 547 1991 quemadmodum
580 1940 702 1980 etiam
735 1943 885 1982 nullum
917 1955 1060 1995 corpus
1093 1943 1298 1994 regulare,
1332 1943 1397 1982 vel
1420 1944 1549 1995 quasi,
1583 1945 1748 1996 aplano
1779 1943 2018 1997 septangulo

215 1999 430 2039 conficitur.
495 1999 540 2039 Si
561 2000 782 2040 cabalistae
815 2002 1088 2054 septenarium
1108 2003 1359 2054 perrexerint
1390 2003 1567 2052 laudare,
1602 2004 1734 2044 dicam
1765 2015 1855 2043 esse
1875 2015 2015 2044 nume-

214 2070 300 2097 rum
331 2057 488 2109 quietis.
551 2059 657 2098 Nam
689 2073 813 2112 usque
847 2061 899 2101 ad
931 2061 1131 2101 senarium
1164 2061 1379 2114 gignuntur
1411 2067 1612 2114 aspectus,
1646 2061 1777 2115 prima
1795 2061 1900 2103 ratio
1919 2074 2018 2115 sep-

213 2116 370 2155 tenaria
401 2116 510 2156 sistit
540 2118 643 2157 hanc
669 2120 1016 2172 propagationem.
1081 2120 1149 2161 Sic
1183 2133 1262 2161 non
1286 2119 1332 2169 7,
1365 2121 1437 2161 sed
1470 2118 1496 2162 6
1517 2121 1602 2162 dies
1623 2121 1815 2162 creationi
1834 2121 2018 2163 tribuun-

216 2182 292 2224 tur,
327 2175 521 2227 septimus
555 2176 679 2228 quieti
711 2185 971 2219 consecratus
1003 2185 1082 2220 est.
2004 2208 2006 2210 -

331 2233 412 2274 Sed
446 2235 496 2274 ab
528 2235 808 2277 Aristotele
852 2238 1100 2291 inceperam,
1146 2238 1238 2278 illuc
1271 2238 1404 2279 redeo.
1469 2238 1669 2290 Agnoscit
1709 2239 1778 2279 ille
1818 2238 2016 2291 quandam

213 2293 429 2333 essentiam
469 2307 599 2334 rerum
640 2297 1036 2347 1nathematicarum3
1089 2298 1242 2337 faciunt
1282 2297 1321 2336 id
1365 2297 1536 2337 maxime
1581 2297 1703 2338 etiam
1746 2295 2013 2346 Platonici.

213 2351 378 2391 Dicunt:
426 2353 673 2394 abstractam
706 2369 816 2405 esse,
861 2370 936 2409 quo
969 2357 1126 2397 nomine
1160 2357 1211 2396 ad
1244 2355 1378 2396 divina
1418 2362 1461 2396 et
1494 2357 1767 2398 immateriata
1805 2354 2011 2405 accedant.

213 2411 429 2450 divisibilia
460 2418 594 2452 tamen
629 2419 669 2453 et
688 2415 937 2467 multiplicia,
972 2429 1050 2468 qua
1080 2416 1235 2456 ratione
1270 2415 1526 2455 sensibilibus
1554 2416 1893 2468 appropinquent;
1919 2423 2013 2455 *em

213 2481 305 2520 ergo
338 2470 466 2509 medio
499 2471 599 2510 loco.
663 2472 718 2512 Et
750 2479 898 2523 tamen,
933 2488 1019 2515 cum
1051 2489 1117 2514 res
1150 2474 1306 2514 divinae
1340 2474 1565 2514 subsistant
1591 2475 1711 2515 etiam
1736 2474 1918 2522 realiter,
1945 2484 2011 2512 res

197 2528 386 2567 -sensiles
427 2529 583 2580 itidem,
617 2533 903 2573 mathematica
941 2540 1092 2586 negant
1129 2533 1363 2573 subsistere.
1427 2533 1515 2585 Ego
1548 2546 1770 2586 repugnare
1802 2545 1881 2573 non
1910 2543 2008 2584 pos·-

212 2599 310 2625 sum.
374 2587 499 2628 Miror
530 2594 663 2629 tamen
703 2604 780 2630 non
814 2594 946 2632 onmia
971 2594 1010 2632 in
1042 2598 1176 2632 mente
1210 2592 1381 2632 hominis
1407 2593 1584 2632 relucere
1614 2605 1748 2644 posse,
1791 2603 1908 2645 quam
1938 2601 2008 2630 eo·—

212 2645 290 2684 lam
322 2658 458 2686 omnes
491 2649 739 2699 quantitates
780 2657 944 2705 propter
975 2652 1214 2691 infinitatem
1254 2652 1371 2701 plene
1403 2663 1646 2703 cognoscere
1685 2663 1762 2691 non
1792 2660 1913 2706 posse
1941 2648 2007 2707 fa·

211 2709 356 2752 tentur‚
390 2706 460 2745 sed
493 2719 581 2746 esse
613 2714 826 2760 praeterea
858 2716 899 2750 et
931 2710 1024 2760 alia,
1057 2711 1116 2750 uti
1149 2711 1428 2762 septangulum
1462 2723 1573 2750 suam
1600 2709 1752 2750 invenit
1782 2721 1833 2750 ex
1863 2705 2007 2749 circulo

210 2767 251 2800 et
281 2762 320 2801 in
353 2776 399 2803 eo
434 2765 740 2806 determinatam
773 2768 1079 2821 longitudinem,
1121 2770 1160 2809 in
1192 2773 1324 2809 mente
1358 2769 1527 2808 hominis
1566 2782 1644 2809 non
1676 2767 1849 2816 invenit}
1888 2765 2006 2818 plane

210 2826 253 2859 ut
282 2821 368 2872 ipse
402 2823 571 2864 circulus
605 2826 655 2864 ad
688 2826 925 2868 diametrum
959 2829 1052 2876 (sed
1085 2828 1175 2868 aliis
1209 2828 1257 2867 de
1291 2828 1424 2868 causis
1458 2841 1575 2880 quam
1607 2825 1902 2880 septangulmn)
1927 2823 2003 2864 ha-

211 2877 278 2917 bet
304 2879 457 2930 justam
489 2883 800 2934 proportionem,
834 2892 1073 2927 neeetamen
1107 2887 1159 2926 ad
1191 2886 1277 2938 ejus
1299 2886 1578 2938 cognitionem,
1611 2890 1774 2939 propter
1796 2881 2006 2924 infinitatis

211 2937 418 2986 rationem,
451 2941 650 2990 perveniri
681 2948 838 2994 potest3
890 2951 933 2986 et
964 2959 1057 2986 vere
1090 2958 1167 2985 non
1199 2950 1357 2997 potest,
1388 2945 1734 2998 demonstrarique
1762 2947 1900 2999 potest
1929 2953 2005 2981 non

208 3005 339 3045 posse.
405 2998 467 3037 lta
497 3001 769 3042 necessarium
803 3009 886 3054 est,
934 3010 975 3045 et
1007 3006 1055 3044 de
1090 3004 1268 3045 essentia
1299 3003 1435 3045 circuli
1467 3005 1526 3045 sic
1559 3017 1669 3054 esse,
1711 3002 2010 3055 utignoretur.
