2028 3242
770 45 811 75 de
837 46 933 76 rebus
957 45 1172 86 astrologicis.
1793 45 1871 87 35]

80 149 178 194 aliis
199 147 334 195 Q
356 148 421 199 (p.
451 144 574 199 339).
637 148 812 189 Videtur
844 161 896 188 ea
932 149 1024 200 ipsa
1058 160 1151 191 esse
1182 149 1316 200 regio,
1361 150 1466 190 unde
1507 151 1560 191 ad
1591 163 1664 191 nos
1700 151 1882 202 pervenit

78 205 487 258 vm„Noi-dost‚“
521 206 587 258 qui
618 219 778 260 semper
808 207 993 259 frigidus.
1052 206 1163 260 Ergo
1195 207 1341 260 aliquis
1373 208 1427 248 ibi
1454 209 1567 250 culus
1599 210 1747 257 mundi,
1778 210 1880 251 unde

78 259 164 308 tim
192 264 328 317 frigidi
357 265 481 304 venti.
543 265 635 305 Non
666 266 789 318 liquet
820 279 892 306 nec
924 266 1024 306 libet
1054 262 1092 306 in
1126 279 1209 306 rem
1239 272 1495 318 praesentem
1527 269 1676 308 venire.

170 323 414 365 Fabricius:
439 323 475 356 Si
500 324 610 359 cauda
633 328 834 360 cometarum
859 333 880 357 ι
904 323 982 358 Sole
1007 328 1183 362 causatur.
1216 334 1275 357 cur
1297 335 1364 357 nou
1389 330 1424 358 et
1448 325 1547 359 Luna
1570 327 1713 360 caudam
1736 328 1877 370 proficit,

76 381 151 405 01111
172 380 240 403 11011
263 370 397 405 dubium
420 372 475 409 sit,
499 375 701 404 cometarum
723 380 860 413 corpora
882 381 949 405 nou
972 373 1080 405 miuus
1103 371 1210 408 densa
1232 382 1319 411 esse.
1346 383 1444 415 quam
1471 373 1614 407 Lunae?

148 464 149 467 Ἴ
193 418 472 471 Keplerus:
515 419 579 466 De
609 418 672 459 1115
709 431 789 459 11011
817 419 937 472 plura
968 419 1101 460 dicere
1138 431 1322 470 possum,
1370 433 1486 472 qnam
1529 421 1569 460 iu
1601 419 1772 474 Opticis.
1836 421 1880 461 si

75 489 204 537 opaca
235 484 373 550 essent
402 489 582 529 corpora,
615 482 661 517 ut
688 477 819 526 Luna,
850 490 931 517 non
961 478 1203 531 projicerent
1233 478 1418 519 caudam.

212 548 214 550 ’
351 551 363 590 j
430 546 665 589 Koprates,
691 547 735 580 ad
759 547 843 580 alias
859 546 1002 581 Fabricii
1018 549 1230 591 quaestiones
1247 549 1463 592 respondens,
1488 551 1582 592 quae'
1594 560 1635 582 ex
1650 550 1729 592 ipsis
1744 558 1878 594 respon-

75 591 233 630 amahus
386 591 583 636 puteum:

139 640 252 702 ΗΒΘ
265 640 443 700 armis
465 653 825 709 experimentisque
858 634 1030 706 propriis
1066 654 1323 695 commendas
1365 655 1459 696 mihi
1494 656 1715 696 Ptolemaei
1747 657 1875 709 apho—

75 712 237 764 rismum
265 712 306 752 iu
338 707 644 764 Quadripartito
682 713 732 752 de
763 712 1070 764 coangulatione.
1103 713 1293 754 siderum.
1355 714 1446 754 Non
1479 715 1598 755 credo
1638 715 1718 755 tuis
1750 728 1875 768 gene-

75 770 227 813 ralibus
257 771 493 819 affirmatis;
524 783 688 811 recense
721 772 997 824 experimenta
1026 784 1100 825 per
1128 779 1280 825 partes,
1314 773 1500 825 opinione
1530 774 1721 826 pauciora
1747 780 1874 814 erunt.

76 820 282 886 Aspectus‘
303 830 572 882 dplanetarum
609 830 660 870 ad
693 831 835 871 stellas
871 835 1064 883 perpetuo
1099 830 1243 872 infiniti
1276 837 1390 880 sunt,
1435 845 1511 873 non
1551 832 1675 884 igitur
1705 834 1791 886 apti
1823 834 1873 874 ad

75 888 315 941 objectivam
345 888 660 930 admonitionem
691 889 756 929 vel
789 889 1092 930 commotionem
1125 890 1366 932 facultatum
1399 891 1656 932 naturalium.

192 946 274 989 Gur
303 947 408 988 inter
438 954 628 1000 aspectus
665 947 704 987 in
737 949 844 988 nullo
866 962 988 989 censu
1020 949 1100 989 sint
1133 950 1174 999 c(
1193 951 1243 997 00,
1276 955 1319 990 et
1349 951 1399 998 [3
1419 952 1454 998 D
1489 956 1533 991 et
1563 948 1618 1003 Q
1661 951 1743 991 dixi
1775 965 1870 991 can·

74 1019 162 1046 sam
192 1007 231 1047 in
264 1006 561 1047 Fundamentis.
624 1007 684 1046 Tu
715 1020 809 1047 vero
845 1007 1018 1060 paginas
1051 1008 1191 1048 studes
1230 1009 1395 1061 implere
1433 1024 1657 1062 περιεργοις
1719 1009 1875 1050 Eadem

75 1071 211 1115 teneto
243 1065 292 1118 de
323 1065 489 1106 heliacis
520 1065 738 1106 exortibus
799 1065 951 1107 Eorum
981 1066 1043 1106 vis
1075 1067 1270 1108 naturalis
1300 1069 1463 1124 propria
1483 1069 1606 1109 110113.
1670 1067 1803 1110 Sunt'
1793 1069 1872 1122 igi-

74 1132 139 1165 tur
168 1123 285 1176 sigua
313 1130 384 1164 aut
415 1129 536 1165 notae
567 1131 788 1177 temporum
819 1139 869 1165 ex
900 1125 1067 1166 arbitrio
1098 1126 1316 1176 hominum,
1361 1127 1455 1180 quia
1485 1127 1576 1168 aliis
1607 1128 1746 1177 citius,
1780 1129 1872 1169 aliis

73 1183 227 1223 tardius
270 1183 466 1232 oriuntur,
511 1190 627 1236 prout
658 1183 747 1223 visu
778 1185 916 1225 valent
957 1184 1150 1226 homines
1212 1185 1300 1225 Nec
1339 1187 1520 1239 sequitur
1558 1200 1689 1227 rerum
1727 1192 1872 1227 natura

73 1247 252 1282 nostram
283 1242 393 1282 visus
424 1242 753 1283 imbecillitatem.
816 1242 897 1283 Sed
931 1244 979 1284 de
1011 1244 1085 1283 hoc
1114 1245 1156 1283 in
1188 1244 1488 1285 Fundamentis.

194 1300 322 1340 Venio
353 1301 405 1340 ad
439 1301 577 1341 literas
610 1299 649 1341 6.
672 1299 784 1346 (16.)
805 1302 947 1350 Febr„
982 1316 1080 1354 quas
1112 1302 1282 1355 geminis
1314 1305 1551 1356 expressisti
1576 1303 1871 1356 exemplaribus

73 1360 222 1412 (comp.
254 1359 322 1400 lib.
355 1359 404 1399 de
437 1359 568 1400 Stella
598 1360 756 1409 Nova),
797 1373 960 1413 quorum
994 1362 1163 1401 alterum
1196 1363 1246 1401 de
1278 1362 1423 1405 Schele
1454 1363 1597 1404 nudius
1629 1364 1787 1403 demum
1819 1364 1870 1403 ad

73 1430 142 1459 1110,-
160 1418 287 1466 uicit,
318 1419 489 1459 alterum
515 1420 735 1470 exemplum
767 1432 838 1459 suo
870 1425 1047 1472 tempore
1080 1427 1146 1460 est
1176 1416 1387 1462 reddituin.

188 1477 277 1530 Ego
319 1477 513 1529 impedior
545 1478 616 1525 (ab
659 1476 1046 1528 observationibii‘s);
1090 1480 1302 1520 catarrhus
1340 1494 1401 1521 me
1437 1481 1591 1521 bilosus
1634 1481 1698 1520 his
1729 1481 1868 1520 diebus

72 1535 167 1576 a'f.
185 1534 285 1576 11011.Δ
311 1541 436 1576 tenet.
499 1535 567 1576 Sic
600 1550 626 1576 a
661 1535 726 1578 12.
760 1537 798 1576 in
831 1535 900 1577 22.
933 1538 1050 1578 Febr.
1085 1538 1160 1579 fuit
1191 1540 1371 1580 defluxus
1403 1539 1737 1592 interscapilium,
1770 1540 1867 1580 bra-

16 1612 20 1613 *
70 1595 247 1638 chiorum
279 1601 429 1641 motum
460 1596 678 1647 impediens
688 1608 701 1644 3
742 1597 925 1648 utrinque
956 1594 984 1646 15
1015 1598 1056 1637 in
1088 1608 1234 1638 occasu
1275 1611 1377 1638 meo.
1440 1599 1499 1639 Tu
1529 1599 1564 1639 si
1596 1599 1751 1639 videres
1783 1598 1865 1638 fieri

74 1655 108 1701 <P
131 1651 184 1704 Q
217 1658 261 1693 et
288 1651 336 1703 15,
381 1656 420 1703 0‘
442 1652 494 1704 Q
528 1659 570 1694 01
601 1660 652 1702 d,
700 1657 734 1701 (Ξ)
757 1652 784 1705 15
817 1661 858 1695 01
889 1661 923 1701 <3¹
954 1656 992 1695 in
1018 1662 1088 1696 tuo
1114 1663 1255 1697 exortu
1293 1663 1335 1697 et
1374 1670 1538 1705 occasu,
1583 1663 1690 1697 metu
1721 1663 1865 1697 eonta-

73 1713 270 1752 besceres.
333 1713 464 1752 Video
484 1726 558 1780 ego
582 1714 766 1753 effectum
798 1720 841 1754 et
870 1715 1084 1766 praescivi,
1117 1721 1159 1755 at
1187 1729 1266 1756 non
1285 1717 1422 1765 metui,
1456 1717 1549 1784 quia
1579 1715 1677 1756 nihil
1708 1722 1869 1768 praeter

69 1777 237 1811 naturae
266 1771 447 1823 modum,
481 1772 557 1812 nisi
590 1785 651 1811 me
684 1772 771 1824 ipso
803 1786 963 1813 manum
995 1774 1253 1823 admovente,
1298 1775 1394 1815 mihi
1426 1776 1584 1815 evenire
1615 1787 1735 1827 posse
1769 1776 1864 1815 scio.

73 1830 199 1882 Igitur
235 1836 284 1875 00
323 1843 448 1872 caveo
484 1837 528 1870 et
567 1837 748 1883 tempero
793 1846 818 1871 a
860 1833 1096 1884 periculosis
1139 1834 1380 1883 actionibus,
1427 1835 1614 1875 libertate
1659 1835 1865 1883 sermonis,

59 1889 276 1942 suspectis
311 1890 602 1956 scriptionibus
640 1891 688 1930 de
720 1891 838 1931 rebus
874 1891 1116 1959 principum,
1159 1894 1285 1933 donec
1323 1894 1533 1934 transierit
1562 1894 1627 1934 11ἰο
1659 1893 1865 1934 transitus

68 1946 146 1991 Sin
164 1953 301 1991 autem
328 1961 381 1989 ox
408 1949 485 1989 hoc
515 1948 707 2001 principio
739 1951 966 2001 pulmonum
985 1952 1112 1991 erasis
1133 1958 1175 1992 et
1194 1952 1353 2005 phtysis
1373 1974 1428 1980 —-
1460 1959 1506 1993 at
1523 1953 1694 1993 materia
1713 1958 1807 1992 ante
1827 1953 1864 1992 in

68 2018 236 2058 corpore
260 2006 356 2055 fuit,
387 2019 465 2049 non
496 2020 567 2059 per
598 2008 671 2047 hos
703 2015 892 2060 aspectus
925 2010 999 2050 fuit
1019 2010 1259 2059 introducta,
1293 2012 1364 2051 sed
1396 2017 1555 2054 tantum
1575 2012 1722 2060 excita,
1754 2012 1865 2064 potui

73 2063 195 2116 igitur
221 2065 380 2113 meliori
406 2066 544 2106 diaeta
562 2079 735 2117 praecav
737 2081 817 2108 e1·.e
879 2069 1040 2109 Excuso
1060 2074 1194 2118 astra;
1225 2071 1324 2115 scio,
1356 2083 1429 2110 nos
1456 2084 1687 2123 quocunque
1707 2070 1864 2110 vivendi

70 2134 217 2174 genere
247 2124 345 2164 nibil
375 2123 484 2165 aliud
515 2137 635 2176 quam
666 2126 779 2165 mori.

162 2192 380 2224 Fabricius
403 2190 451 2232 (d.
478 2191 533 2224 16.
558 2192 675 2233 febo:
712 2194 810 2226 Mitto
843 2195 980 2236 genesin
1005 2195 1062 2227 filii
1086 2197 1313 2238 primogeniti,
1350 2198 1407 2238 qui
1435 2198 1538 2230 literis
1571 2208 1659 2230 nunc
1690 2199 1861 2230 incumbit.

52 2239 140 2271 'Tuo
158 2239 284 2279 judicio
314 2240 386 2280 plus
409 2241 526 2277 tribuo,
551 2250 650 2281 quam
673 2251 745 2272 meo
774 2258 817 2263 —
842 2242 880 2272 ln
897 2242 1010 2278 literis,
1036 2252 1121 2283 quae
1136 2243 1198 2274 has
1215 2244 1412 2276 subsecutae
1436 2249 1513 2276 sunt
1537 2245 1568 2276 d.
1592 2245 1643 2275 12.
1662 2246 1759 2286 Apu,
1785 2255 1863 2277 ean·

70 2286 146 2327 dem
166 2286 359 2328 petitionem
382 2287 429 2318 sic
454 2288 590 2328 repetit:
626 2287 768 2329 Egregie
791 2296 902 2319 meam
924 2290 1061 2330 genesin
1088 2290 1285 2330 descripsisti
1310 2301 1498 2331 nuper‚‚ac
1523 2292 1551 2323 si
1575 2292 1653 2323 mihi
1677 2293 1738 2332 ipsi
1762 2293 1866 2332 pictor

67 2333 211 2377 fui‘ssem.
259 2332 310 2364 Tu
333 2334 368 2364 in
392 2333 457 2364 filio
482 2334 569 2365 idem
593 2343 715 2374 quaeso
741 2338 900 2375 praestes,
926 2335 1031 2366 facies
1056 2339 1186 2376 gratum
1212 2337 1366 2368 officium.
1416 2338 1487 2379 Ego
1519 2339 1599 2370 mihi
1630 2339 1663 2370 in
1687 2340 1727 2369 iis
1752 2339 1867 2370 studiis

68 2388 184 2420 parum
205 2380 325 2417 tribuo,
351 2386 386 2412 et
410 2390 497 2412 nunc
521 2381 613 2422 quasi
638 2380 746 2412 nullus
771 2391 851 2412 sum.

125 2478 130 2480 s
177 2436 457 2491 Keplerus:
503 2439 594 2478 Filii
626 2438 684 2478 tui
715 2439 879 2490 genesin
912 2453 982 2478 cur
1012 2446 1203 2488 tractem,
1237 2454 1325 2480 cum
1351 2448 1394 2481 tu
1418 2443 1503 2493 jam
1536 2457 1561 2481 a
1591 2443 1720 2482 tribus
1750 2444 1864 2483 annis

68 2497 198 2537 induci
230 2511 306 2537 non
340 2498 485 2550 possis,
519 2502 563 2537 ut
595 2498 642 2536 de
674 2510 766 2536 mea
796 2498 1036 2537 transmissa
1067 2499 1204 2550 genesi
1224 2500 1414 2551 judicium
1442 2502 1559 2549 feras,
1592 2507 1774 2542 metuens
1806 2515 1862 2542 sc.

68 2555 131 2604 id,
175 2557 277 2608 quod
309 2569 374 2596 res
405 2562 488 2603 est,
534 2569 582 2595 ne
616 2556 792 2595 irretiam
831 2561 873 2596 te
910 2557 949 2596 in
990 2557 1240 2608 dogmatibus
1285 2559 1553 2610 astrologicis.
1617 2559 1697 2599 Sed
1730 2567 1863 2601 tamen

70 2614 330 2667 obsequamur
361 2615 551 2662 nonnihil,
579 2614 693 2665 qnasi
725 2619 936 2664 praeterea
968 2615 1065 2654 nihil
1097 2616 1162 2663 sit,
1198 2617 1299 2668 quod
1320 2623 1551 2658 tractemus.
1616 2617 1668 2668 Q
1698 2620 1735 2658 in
1754 2617 1862 2670 1315,

66 2673 102 2719 3)
136 2673 174 2712 in
204 2675 324 2724 DQ,
357 2673 398 2722 9-1
428 2674 466 2712 in
499 2676 546 2718 Δ
568 2673 600 2719 Q
634 2679 676 2711 01
706 2673 783 2712 imo
817 2674 929 2721 coeli,
963 2679 1056 2712 sunt
1088 2680 1275 2726 aspectus
1299 2676 1432 2724 validi,
1464 2682 1509 2715 111
1541 2689 1617 2716 000
1644 2678 1747 2717 male
1768 2692 1862 2731 spe-

67 2743 173 2780 rem3
204 2733 272 2772 ille
302 2732 550 2780 industriam,
585 2732 661 2771 iste
693 2731 906 2783 ingenium,
940 2733 1012 2771 sed
1043 2745 1199 2783 vagum,
1234 2734 1297 2773 hic
1329 2735 1499 2785 gratiam
1525 2735 1748 2786 pollicetur.
1804 2736 1862 2778 At

69 2801 163 2830 vero
192 2788 219 2840 15
250 2803 322 2842 per
352 2791 602 2831 latitudinem
634 2796 759 2829 30511.
793 2802 979 2841 magnam
1011 2791 1049 2830 in
1081 2792 1194 2843 signo
1234 2792 1554 2833 brevissimarum
1587 2796 1862 2836 ascensionum

69 2853 111 2888 et
145 2861 291 2901 magna
325 2851 406 2902 poli
436 2850 694 2889 inclinatione
726 2849 845 2888 valde
877 2848 1031 2889 vicinus
1062 2855 1126 2889 est
1159 2851 1319 2897 orienti,
1354 2857 1397 2890 et
1435 2859 1555 2903 puto,
1594 2854 1715 2904 plane
1746 2855 1860 2895 infra.

31 2917 38 2931 ³
68 2906 126 2947 Tu
154 2907 293 2960 itaque
323 2909 461 2960 cogita
491 2909 540 2948 de
571 2908 792 2947 directione
827 2907 912 2958 ejus
943 2908 994 2947 ad
1027 2908 1234 2948 orientem.
1295 2910 1412 2950 Facit
1448 2911 1511 2950 hic
1543 2911 1644 2952 situs
1676 2912 1862 2965 frigidum

13 2975 14 2978 ’
69 2964 107 3003 iu
138 2965 270 3018 legum
300 2967 580 3006 observatione
611 2971 653 3006 et
685 2978 816 3005 amore
847 2966 1174 3018 propinquorum3
1196 2980 1399 3008 erronem
1432 2970 1576 3018 habes,
1615 2983 1693 3010 non
1724 2970 1859 3014 infeli—

66 3034 167 3065 cem.
228 3026 274 3065 In
315 3026 612 3082 comparatione
654 3038 743 3065 cum
787 3030 857 3065 tua
895 3025 1032 3078 genesi
1071 3038 1148 3066 non
1186 3027 1396 3067 admodum
1434 3029 1491 3069 fui
1528 3030 1771 3080 delectatus,
1815 3038 1860 3072 ut
