2028 3242
191 142 207 182 1
218 140 272 182 32
874 139 1023 180 Mysterii
1051 139 1317 182 Cosmographici

826 269 885 309 IN
918 268 1104 311 CAPUT
1133 271 1360 312 Ill—VIII

904 350 1029 384 NOTA
1055 351 1293 385 Aucroms.

291 418 332 467 a)
361 422 489 456 Plures
517 432 707 467 corporum
726 422 976 457 distinctiones
1005 428 1043 458 et
1070 424 1164 458 haec
1189 424 1271 469 ipsa
1296 423 1412 458 fusius
1442 404 1607 459 iuvenies
1633 422 1696 457 lib.
1717 421 1780 457 Iv.
1799 421 1999 467 Epitomes,

184 476 309 521 aliqua
334 475 457 516 etiam,
489 479 607 510 ortum
635 479 674 509 et
699 476 1003 511 combinationem
1030 478 1251 523 spectantia,
1282 477 1344 512 lib.
1368 477 1411 512 V.
1439 476 1613 511 Hermon.
1635 475 1724 521 Cap.
1750 475 1801 516 1.‚
1839 477 1880 509 et
1905 474 2002 510 infra

183 530 220 564 in
247 529 317 564 hoc
344 528 424 573 ipso
450 527 577 563 libello
607 528 697 573 Cap.
727 529 828 564 X111.

949 674 1109 740 Caput
1145 674 1236 723 IX.

225 764 474 805 Distributa
499 775 679 815 corpora
705 762 812 802 mter
833 761 1047 816 planetas,
1074 764 1353 817 proprietates
1377 767 1567 817 aptatae,
1595 762 1880 803 demomorata
1906 772 1960 801 ew

626 822 870 874 corporibus
895 823 1087 876 coynatio
1107 821 1379 877 planetarum
1403 827 1560 862 mutua.

298 909 389 950 Non
421 921 583 960 possum
615 909 848 960 praeterire,
887 909 979 962 quin
1012 909 1074 949 hic
1108 909 1244 962 aliqua
1270 922 1320 950 ex
1347 923 1395 950 ea
1420 909 1608 962 physices
1638 913 1768 960 parte,
1803 919 1903 960 quae.
1936 911 2000 947 est

185 969 232 1008 de
265 968 519 1020 planetarum
552 967 828 1020 qualitatibus,
863 968 1055 1017 delibem,
1091 974 1135 1008 ut
1167 975 1385 1021 appareat,
1420 969 1543 1008 etiam
1574 968 1682 1007 vires
1714 967 1889 1019 ipsorum
1920 979 1996 1006 na-

182 1027 333 1067 turales
378 1027 481 1067 hunc
529 1027 707 1066 ordinem
751 1040 912 1067 servare
958 1040 1124 1080 eamque
1167 1029 1219 1068 ad
1263 1028 1432 1068 invicem
1469 1026 1768 1080 proportionem
1808 1025 1996 1066 retinere.

182 1087 286 1126 Nam
319 1087 353 1126 si
386 1098 454 1125 eos
487 1086 686 1138 planetas,
724 1086 789 1138 qui
816 1086 981 1126 Terram
1008 1087 1210 1136 ambeunt,
1245 1086 1326 1127 illis
1354 1087 1475 1127 etiam
1507 1085 1751 1138 corporibus,
1787 1096 1888 1136 quae
1920 1083 1998 1124 sibi

181 1145 376 1196 inscripta
408 1145 637 1193 continent,
682 1158 920 1194 accenseas,
966 1145 1298 1189 inclusisautem
1334 1145 1509 1198 planetis
1541 1158 1574 1187 a
1597 1142 1767 1184 Telluris
1801 1143 1896 1183 orbe
1926 1142 1998 1182 illa

180 1216 348 1256 corpora
379 1204 561 1253 tribuas,
607 1204 749 1255 quibus
782 1210 948 1256 uterque
991 1204 1351 1252 circumscribitur,
1398 1203 1502 1256 quod
1543 1203 1695 1255 optima
1726 1202 1881 1243 ratione
1912 1201 1997 1241 fieri

178 1275 297 1314 posse
332 1262 544 1303 existimo:
585 1262 783 1303 Saturnus
817 1263 983 1303 habebit
1015 1264 1168 1313 cubum,
1203 1263 1363 1315 Jupiter
1393 1263 1614 1318 pyramida,
1648 1262 1760 1302 Mars
1793 1260 1994 1301 dodecac-

179 1323 290 1367 dron,
326 1323 527 1362 Venerem
559 1322 810 1370 icosaedron,
844 1322 1087 1362 Mercurium
1119 1324 1350 1364 octae’dron.
1409 1323 1534 1362 Terra
1565 1333 1660 1362 vero
1692 1333 1781 1361 cum
1811 1319 1909 1360 nihil
1941 1319 1996 1359 sit

177 1380 253 1420 nisi
298 1381 437 1428 limes,
483 1380 614 1420 neutri
655 1386 902 1421 accensetur.
969 1376 1105 1421 Solem
1144 1383 1266 1422 etiam
1305 1387 1346 1422 et
1384 1382 1541 1422 Lunam
1583 1378 1778 1432 astrologi
1818 1378 1994 1419 maximo

177 1439 391 1480 intervallo
425 1453 448 1478 a
475 1439 621 1479 ceteris
643 1440 811 1492 quinque
833 1440 1096 1492 distinguunt,
1131 1446 1176 1480 ut
1207 1441 1265 1481 ita
1296 1454 1373 1480 non
1407 1453 1506 1493 opus
1537 1439 1593 1479 sit
1623 1439 1778 1479 illorum
1809 1437 1874 1478 hic
1905 1449 1993 1478 me-

178 1499 361 1547 minisse,
398 1503 439 1538 et
470 1511 656 1537 numerus
689 1511 897 1550 corporum
931 1500 1094 1551 pulchre
1127 1513 1215 1540 cum
1248 1498 1273 1540 5
1307 1500 1482 1552 planetis
1514 1497 1741 1538 conveniat.

293 1556 454 1608 Jupiter
485 1557 608 1608 igitur
639 1557 677 1596 in
710 1558 840 1597 medio
880 1559 1149 1598 maleficarum
1188 1559 1388 1598 beneficus
1426 1559 1512 1610 ipse
1551 1557 1698 1597 multos
1739 1555 1779 1596 in
1813 1555 1991 1595 admira-

176 1617 325 1656 tionem
356 1616 511 1667 rapuit,
558 1622 598 1655 et
630 1616 904 1656 Ptolemaeum
943 1617 1066 1657 etiam
1105 1618 1157 1656 ad
1189 1630 1399 1658 causarum
1432 1615 1785 1668 investigationem
1818 1614 1992 1654 extimu-

178 1674 288 1714 lavit.
312 1676 348 1723 ²)
411 1675 495 1714 Nos
535 1675 664 1714 simile
708 1676 801 1727 quid
839 1676 1018 1716 videmus
1058 1676 1096 1716 in
1134 1677 1365 1730 pyramide,
1412 1688 1512 1729 quae
1555 1675 1660 1715 inter
1703 1674 1780 1714 duo
1823 1685 1993 1726 corpora

175 1735 320 1785 partim
353 1739 546 1785 cognata,
580 1734 726 1785 partim
759 1734 1018 1775 abhorrentia
1050 1735 1220 1775 invicem
1253 1736 1354 1775 adeo
1387 1736 1438 1775 ab
1471 1740 1639 1786 utroque
1678 1733 1904 1785 discrepat,
1947 1737 1992 1771 ut

177 1794 258 1832 fere
293 1794 340 1833 de
375 1793 462 1832 loco
493 1792 743 1844 periclitetur
775 1793 813 1833 in
852 1794 1076 1834 ratiociniis
1109 1795 1392 1846 superioribus,
1457 1794 1591 1834 Trium
1623 1792 1868 1844 superiorum
1899 1790 1988 1844 qui-

177 1852 275 1891 libet
306 1865 392 1892 cum
425 1851 588 1903 reliquis
620 1851 785 1892 hostilia
817 1858 979 1893 exercet
1017 1853 1121 1893 odia.
1141 1852 1179 1902 b)
1243 1854 1386 1894 Tribus
1426 1853 1549 1893 etiam
1587 1864 1720 1892 eorum
1758 1850 1990 1904 corporibus

177 1911 273 1950 nihil
303 1910 464 1962 penitus
497 1911 684 1950 convenit
716 1924 869 1960 eorum,
905 1925 1005 1964 quae
1039 1917 1247 1964 apparent.
1311 1913 1423 1952 Mars
1456 1917 1590 1952 tamen
1622 1923 1711 1951 cum
1743 1909 1918 1951 Saturno
1949 1908 1988 1948 in

176 1970 265 2008 sola
295 1969 454 2009 malitia
485 1970 703 2020 conspirat.
767 1971 869 2010 Huic
901 1983 976 2022 ego
1009 1983 1196 2023 comparo
1228 1971 1543 2011 inconstantiam
1581 1970 1841 2021 angulorum,
1887 1980 1989 2021 quae

175 2028 332 2068 illorum
363 2028 525 2080 propria
557 2033 598 2067 et
629 2029 847 2068 communis
880 2035 946 2068 est
978 2030 1147 2082 utrique.
1218 2030 1346 2081 Igitur
1377 2028 1572 2070 bonitatis
1605 2034 1881 2081 argumentum
1913 2027 1990 2068 erit

176 2087 443 2135 contrarium,
492 2086 647 2126 scilicet
690 2087 894 2127 stabilitas
940 2089 1174 2140 angulorum
1214 2088 1252 2128 in
1292 2089 1389 2129 solis
1422 2087 1631 2128 lateribus.
1693 2086 1989 2139 Argumentum

177 2158 244 2185 cur
275 2145 446 2197 Jupiter,
480 2145 619 2184 Venus
654 2149 695 2184 et
728 2147 950 2187 Mercurius
982 2147 1148 2187 benefici
1181 2147 1274 2198 sint.
1328 2146 1478 2196 cubus,
1512 2146 1678 2187 Saturni
1710 2158 1868 2198 corpus,
1900 2157 1987 2185 me-

175 2204 273 2244 titur
305 2205 438 2243 omnia
469 2204 623 2256 reliqua
655 2217 728 2244 sua
758 2206 1011 2255 rectitudine,
1047 2211 1087 2246 et
1117 2206 1284 2258 planeta
1315 2207 1401 2258 ipse
1434 2217 1641 2246 mensores
1671 2205 1815 2253 efficit,
1848 2209 1988 2257 estque

177 2264 306 2314 quoad
339 2263 540 2314 ingenium
572 2263 737 2314 rigidus,
769 2265 869 2305 recti
901 2270 1049 2312 custos,
1082 2278 1131 2304 ne
1165 2266 1290 2306 latum
1319 2278 1490 2318 unguem
1521 2265 1681 2310 cedens,
1714 2263 1985 2311 inexorabilis,

128 2363 138 2368 ᾗ
175 2321 419 2361 inflexibilis.
483 2320 551 2361 Sic
584 2322 663 2362 fert
695 2324 830 2375 anguli
862 2324 1074 2364 rectitudo,

294 2379 492 2432 Cognatio
526 2381 830 2421 evidentissima
862 2388 925 2422 est
955 2383 994 2422 in
1027 2383 1205 2432 basibus,
1241 2396 1319 2435 qua
1352 2396 1438 2423 cum
1471 2382 1648 2435 Jupiter,
1683 2382 1836 2430 Venus,
1870 2380 1984 2420 Mer-

174 2439 304 2478 curius
339 2440 562 2491 (planetam
597 2441 682 2480 dico
715 2454 785 2493 pro
819 2443 1004 2494 corpore)
1039 2443 1180 2481 eadem
1213 2447 1397 2490 utantur,
1431 2454 1595 2482 causam
1625 2440 1818 2480 habemus
1851 2451 1986 2479 eorum

175 2498 386 2546 amicitiae,
422 2505 465 2538 ut
497 2511 631 2550 supra.
695 2501 801 2539 Nam
834 2501 1039 2541 stabilitas
1071 2491 1180 2540 inest
1210 2501 1412 2553 triangulo
1443 2501 1625 2553 primum.
1689 2499 1807 2540 Alter
1837 2497 1986 2550 gradus

174 2562 236 2595 est
268 2557 429 2608 planum
461 2570 658 2608 apparens
693 2572 780 2599 cum
814 2561 959 2611 angulo
995 2572 1067 2599 ceu
1099 2560 1300 2600 umbilico.
1353 2560 1414 2600 Ne
1445 2559 1631 2599 miremur
1661 2558 1784 2611 igitur
1815 2556 1984 2609 amplius

175 2616 315 2666 ecquid
347 2616 574 2656 delitiarum
607 2630 731 2668 penes
765 2619 904 2658 durum
938 2624 979 2657 et
1011 2619 1172 2671 igneum
1198 2619 1372 2658 Martem
1406 2619 1547 2667 lateat,
1581 2618 1694 2669 cujus
1725 2629 1848 2656 causa
1880 2614 1983 2656 deli·-
2027 2651 2028 2671 3

173 2675 308 2713 catula
346 2674 485 2714 Venus
527 2676 661 2716 maliti
707 2678 902 2717 frustrata
945 2678 1167 2718 thalamum
1209 2691 1296 2717 cum
1335 2678 1469 2716 Marte
1511 2675 1816 2729 conspiraverit.
1878 2675 1984 2716 Nam
2026 2690 2028 2697 ⁴

173 2732 318 2772 Martis
351 2733 686 2786 quinquangulum
729 2742 793 2775 est
830 2736 869 2774 in
903 2737 1076 2776 Venere.
1140 2736 1209 2776 Sic
1242 2735 1406 2776 Saturni
1446 2735 1762 2787 quadrangulum
1798 2734 1839 2774 in
1870 2727 1984 2773 ffir-
2026 2746 2028 2762 Δ

174 2791 280 2829 curio
313 2792 501 2832 conciliat
534 2794 694 2833 eosdem
728 2794 880 2847 utrique
915 2808 1057 2835 mores.
1121 2795 1279 2834 Tertius
1312 2794 1460 2846 gradus
1494 2799 1575 2842 est,
1617 2805 1704 2833 cum
1736 2792 1841 2832 idem
1873 2791 1983 2843 ejus-

175 2848 262 2887 dem
296 2849 331 2888 in
366 2850 519 2890 duobus
552 2858 615 2892 est
635 2853 698 2892 vel
721 2858 912 2905 apparet:
949 2859 990 2893 et
1021 2860 1104 2894 tum
1136 2853 1216 2893 illis
1248 2854 1287 2893 in
1322 2851 1454 2892 causis
1486 2851 1704 2892 communis
1737 2850 1853 2891 amici
1885 2862 1983 2890 con-

174 2907 295 2945 venit.
356 2908 481 2959 Igitur
512 2910 550 2949 in
584 2911 702 2951 rebus
734 2912 863 2951 Joviis
898 2913 1083 2952 convenit
1115 2911 1266 2951 Veneri
1298 2924 1386 2951 cum
1417 2911 1630 2957 Mercurio,
1664 2910 1756 2963 quia
1787 2907 1982 2949 communi

170 2963 284 3003 Jovis
317 2971 481 3006 utuntur
514 2968 615 3009 basi.
678 2971 724 3010 In
756 2970 958 3011 Saturniis
990 2971 1190 3012 consentit
1221 2970 1442 3009 Mercurius
1474 2982 1562 3009 cum
1593 2969 1727 3009 Marte
1757 2979 1980 3020 parumper,

172 3023 263 3073 quia
295 3023 332 3062 in
365 3025 436 3063 illo
461 3025 624 3067 Saturni
658 3030 906 3079 quadratum,
941 3030 979 3070 in
1006 3030 1079 3069 hoc
1105 3034 1236 3070 tectus
1261 3028 1383 3068 cubus
1405 3033 1480 3069 est.
1525 3028 1712 3080 Apparet
1735 3028 1855 3068 etiam
1875 3027 1980 3074 hinc,

172 3091 240 3120 cur
273 3082 420 3121 Veneri
453 3097 541 3123 cum
572 3085 745 3126 Saturno
778 3089 885 3127 nulla
917 3089 1119 3140 cognatio,
1154 3093 1194 3127 et
1227 3100 1326 3139 quae
1359 3087 1588 3138 potissima,
1623 3093 1664 3126 et
1695 3099 1763 3126 cur
1793 3084 1981 3126 Mercurii

172 3140 361 3180 versatile
395 3142 593 3194 ingenium
626 3146 805 3186 omnibus
840 3153 1009 3200 quatuor
1041 3160 1130 3187 sese
1163 3146 1355 3198 applicet,
1390 3145 1591 3186 minimum
1623 3150 1757 3186 tamen
1787 3143 1923 3186 Marti.
