1982 3268
110 91 167 133 62
899 93 1115 126 Prooemium.

109 207 189 230 sane
213 198 380 230 anomalia
402 198 519 231 Lunae
542 208 601 240 per
624 200 876 241 suppontionem
899 204 1007 232 motus
1043 201 1148 232 centri
1178 198 1299 232 Terrae
1330 208 1435 242 aeque
1458 200 1580 234 niv-ri
1606 206 1729 244 pauset.
1779 201 1810 234 1·
1833 210 1910 236 vero

110 246 213 278 centri
239 245 360 278 Terrae
385 250 510 285 motus,
548 256 610 288 quo
636 248 724 279 circa
749 245 856 279 Solem
890 247 1008 280 circulo
1041 257 1161 291 magno
1195 246 1330 280 'ren-m
1373 248 1583 281 circumvehit
1616 248 1835 292 Comminus,
1874 253 1913 282 ut

110 303 219 325 vemm
243 293 362 329 fatear,
386 294 513 326 videtur
535 293 615 325 mihi
639 304 767 326 omnem
792 295 1104 327 verisimilitudinem
1128 294 1294 328 excedere.
1346 293 1412 328 Sed
1450 295 1535 328 haue
1567 296 1690 335 scribo,
1715 304 1791 329 eun
1823 295 1912 329 aliud

111 340 195 382 quod
220 341 361 372 scribam
385 351 451 373 non
476 346 636 374 occurrat.

205 410 258 443 Ad
280 410 364 444 haec
388 411 597 454 Keplerns
623 410 671 452 (d.
699 411 774 444 VII.
802 411 871 446 Cal.
898 412 997 454 April.
1028 410 1158 452 1598)·
1151 437 1158 444 .

287 506 468 546 Salutem
500 514 540 547 et
571 520 661 547 mea
695 507 870 554 servitia,
903 507 1115 560 Magnifice
1148 513 1189 548 et
1218 507 1460 548 Doctissime
1492 507 1582 549 Vir.

230 564 336 612 Quid
368 566 494 606 literis
527 567 624 606 meis
657 567 850 607 accidisse
883 567 1035 615 dicam,
1071 573 1114 607 ut
1144 573 1227 607 tam
1259 567 1324 607 diu
1355 567 1604 616 delituerint,
1644 567 1804 608 nescio:
1838 567 1914 607 nisi

114 625 239 678 quod,
273 626 363 665 dum
395 626 446 665 ad
479 626 598 666 libros
630 632 820 678 perpetuo
853 627 1046 675 desedeo,
1094 639 1259 666 11000550
1292 626 1386 667 1111111
1424 632 1487 666 est
1516 626 1556 666 in
1586 626 1789 667 hominum
1819 626 1910 667 ido-

113 697 272 724 neorum
305 685 552 736 ignmatione
586 685 749 732 versari,
785 699 944 737 quorum
979 685 1175 726 industria
1202 685 1395 738 01115111οᾶ1
1414 686 1577 739 negotia
1597 691 1913 738 promoveantur.

114 744 180 784 Ad
211 750 302 784 tuas
335 745 473 785 literas
505 745 633 785 tribus
665 745 914 797 potissimum
948 745 1168 785 nominibus
1200 745 1296 785 mihi
1326 745 1644 798 respondendum
1675 750 1755 796 est,
1787 745 1912 799 primo
1977 748 1982 801 j

114 804 272 856 quidem
304 804 548 853 difficillimo,
582 804 728 844 ceteris
761 804 1047 856 quodammodo
1081 804 1337 844 facilioribus.
1980 844 1982 851 ,

230 863 390 904 Etenim
440 863 580 916 quibus
626 876 699 915 ego
742 863 873 903 verbis
912 863 1082 915 gratiam
1124 875 1195 915 pro
1232 863 1468 903 transmisso
1510 876 1669 904 munere
1710 863 1913 904 referam?
1978 878 1982 915 ς

115 924 252 975 Neque
287 923 387 962 enim
419 923 523 963 tanti
556 922 771 962 aestimare
804 923 924 962 vilem
957 935 1115 974 operam
1147 928 1347 975 poteram,
1386 935 1512 976 neque
1543 923 1766 963 mehercule
1805 922 1917 975 quic·

116 995 231 1035 quam
262 988 424 1035 praeter
455 982 742 1022 sententiarum
773 995 895 1021 causa
925 981 1109 1022 veritatis
1141 982 1395 1022 collationem
1427 981 1691 1034 quaerebam,
1732 987 1775 1022 et
1814 993 1914 1034 quo-
1980 981 1982 990 '

115 1042 176 1082 vis
207 1055 368 1082 munere
400 1042 552 1094 gratius
584 1041 678 1081 mihi
711 1047 812 1090 erat,
846 1042 1006 1081 literato
1038 1041 1136 1088 viro,
1168 1041 1205 1081 in
1228 1054 1303 1094 quo
1333 1041 1506 1093 cognitio
1525 1041 1756 1081 matheseos
1782 1040 1915 1093 digni-

115 1107 201 1141 tate
231 1101 418 1153 politicae
441 1101 654 1141 functionis
675 1101 1014 1149 cohonestaretur,
1049 1099 1373 1153 qualitercunque
1406 1100 1666 1141 innotescere.
1714 1099 1796 1141 Sed
1816 1099 1920 1141 enim

117 1161 209 1213 quid
240 1161 475 1212 prohibeat,
509 1160 586 1200 imo
619 1160 711 1213 quid
750 1160 959 1211 expediat,
1005 1160 1265 1211 indigentiam
1302 1172 1430 1200 meam
1450 1190 1460 1208 ,
1507 1172 1584 1213 qua
1620 1172 1760 1200 munus
1792 1159 1918 1199 Tuum

118 1225 298 1272 augetur,
331 1233 463 1260 coram
496 1225 535 1259 te
570 1219 687 1259 fateri
718 1219 840 1266 nolle,
872 1219 955 1259 viro
989 1219 1087 1264 tali,
1121 1220 1182 1259 cui
1213 1219 1348 1271 utique
1380 1230 1494 1258 nemo
1533 1219 1797 1272 persuadeat,
1827 1230 1916 1258 ma-

116 1278 355 1320 thematicos
388 1292 438 1320 ex
470 1292 566 1318 aura
597 1279 729 1318 vivere
763 1283 804 1318 et
835 1279 923 1318 sola
952 1277 1101 1330 ingenii
1133 1278 1260 1331 gloria
1291 1283 1500 1318 contentos
1532 1291 1621 1318 esse
1652 1289 1786 1330 posse.
1826 1277 1916 1318 Ita-

117 1353 190 1392 que
222 1339 366 1387 velim,
411 1339 484 1379 hoc
530 1338 602 1378 tibi
645 1338 910 1390 persuadeas,
951 1338 1028 1377 etsi
1073 1338 1167 1378 mihi
1198 1337 1351 1390 gratius
1390 1337 1569 1378 accidere
1600 1337 1698 1378 1111111
1727 1337 1914 1390 potuerit,
1962 1375 1965 1386 Ξ

118 1412 235 1451 (1113111
267 1398 502 1450 intelligere,
534 1411 624 1438 mea
656 1398 727 1437 abs
760 1404 800 1437 te
832 1397 1004 1449 probari,
1029 1402 1161 1437 tamen
1182 1411 1231 1437 ne
1252 1410 1389 1438 munus
1411 1396 1567 1450 quidem
1587 1396 1717 1437 isthoc
1735 1395 1914 1450 potuisse
1970 1426 1971 1431 1

119 1470 194 1497 11011
229 1471 317 1498 0550
350 1457 632 1510 gratissimum.
697 1456 849 1502 Quodsi
895 1469 972 1509 qua
1014 1469 1102 1496 mea
1132 1457 1330 1496 industria
1359 1456 1432 1496 tibi
1456 1469 1480 1495 a
1516 1467 1577 1496 me
1607 1456 1768 1508 pensari
1797 1467 1917 1511 posse
1957 1448 1966 1512 }

121 1517 335 1570 intelligis,
369 1517 544 1566 obsecro,
579 1517 620 1556 id
651 1529 711 1556 me
745 1516 909 1565 doceas,
943 1515 1227 1568 materiamque
1261 1515 1524 1556 declarandae
1555 1514 1809 1568 gratitudinis
1840 1514 1917 1556 im·
1959 1523 1968 1566 j

122 1577 251 1629 perito
283 1576 486 1616 exhibeas.
508 1600 563 1606 -
1952 1607 1963 1629 Ι.

243 1666 383 1676 .....
418 1635 497 1675 Sed
531 1635 581 1674 ad
612 1634 774 1674 tertium
805 1638 992 1686 punctum
1033 1634 1221 1674 accedam
1253 1632 1522 1681 („secundum
1560 1632 1776 1685 punctum“
1815 1632 1915 1674 atti-
1954 1639 1965 1685 s

124 1701 190 1735 net
221 1696 492 1747 quaestionem
522 1694 719 1734 Herwarti
751 1693 799 1732 de
831 1693 968 1733 libella
1000 1693 1172 1743 nautica,
1219 1692 1466 1733 referendum
1498 1691 1548 1732 ad
1583 1691 1722 1733 librum
1752 1691 1916 1745 Kepleri
1954 1703 1955 1706 ’

124 1756 172 1794 de
215 1755 334 1794 stella
378 1755 499 1802 nova)
550 1758 591 1793 et
633 1753 681 1792 ad
727 1765 793 1801 ea,
846 1765 946 1804 quae
990 1752 1130 1792 scribis
1175 1753 1222 1792 de
1265 1764 1352 1791 meo
1395 1751 1624 1792 Prodromo.
1685 1751 1916 1792 Mathema-

122 1814 191 1854 tici
235 1813 364 1862 illius,
409 1813 583 1865 quisquis
627 1812 693 1851 ille
738 1811 808 1859 sit,
850 1811 1041 1862 judicium
1072 1824 1194 1864 prope
1227 1810 1448 1863 intelligere
1480 1809 1626 1852 videor.
1688 1810 1783 1851 Jam
1813 1810 1916 1851 enim
1958 1847 1960 1850 ,

125 1873 336 1926 aliquoties
369 1873 461 1912 mihi
494 1886 565 1912 usu
599 1872 717 1919 venit,
753 1878 794 1910 ut
814 1871 853 1910 in
874 1883 955 1919 005,
985 1871 1049 1923 qui
1070 1884 1151 1911 rem
1172 1871 1329 1923 quidem
1353 1870 1591 1922 intelligunt,
1613 1871 1762 1911 motum
1782 1877 1915 1911 autem
1952 1870 1969 1930 ’ὲ

124 1934 271 1973 Terrae
303 1932 461 1972 credere
494 1944 570 1971 non
602 1935 791 1983 possunt,
830 1929 1005 1969 incidens
1044 1930 1117 1969 hoc
1156 1930 1339 1970 audiam:
1385 1929 1584 1981 egregiam
1616 1942 1705 1970 esse
1736 1929 1912 1982 phanta-

125 1993 250 2040 siam;
282 1992 355 2031 hoc
388 1996 474 2039 est,
522 1990 713 2042 siquidem
753 2002 831 2029 una
862 1989 960 2028 haec
993 1989 1223 2042 hypothesis
1262 1989 1309 2028 de
1343 1989 1488 2028 Terrae
1520 1993 1628 2029 motu
1664 2001 1762 2028 vera
1792 1994 1913 2039 esset,
1962 1984 1968 2000 ’

125 2057 260 2091 cetera
291 2051 421 2090 omnia
451 2049 714 2102 pulcherrima
745 2048 821 2088 sibi
851 2048 990 2088 videri.
1032 2048 1258 2096 Materiam,
1292 2060 1406 2100 quam
1439 2047 1598 2100 dignam
1629 2048 1794 2100 alicujus
1820 2047 1914 2088 dili·
1950 2083 1951 2086 ,

125 2110 282 2163 gentiae
315 2122 479 2155 censes,
524 2121 596 2161 ego
640 2108 725 2160 ipso
759 2107 874 2147 titulo
913 2119 998 2146 sum
1027 2107 1253 2160 pollicitus:
1303 2106 1595 2147 Prodromus
1643 2106 1769 2147 enim
1806 2118 1915 2148 esse

125 2170 291 2210 debuit
320 2170 418 2209 iste
450 2181 577 2208 meus
609 2167 815 2207 libellus
859 2171 1244 2219 sequuturarum
1283 2166 1683 2207 dissertationum
1725 2177 1910 2207 cosmo·
1940 2174 1943 2178 “

125 2229 478 2282 graphicarum.
542 2226 759 2267 Consilium
802 2225 895 2266 mihi
931 2226 1035 2265 tale:
1078 2226 1116 2266 in
1161 2239 1264 2266 nova
1303 2225 1605 2278 cosmographia
1645 2230 1915 2266 tractarentur
1940 2239 1947 2274 j

126 2293 357 2342 argumenta
387 2287 554 2341 physica
583 2299 654 2338 pro
685 2290 794 2325 motu
822 2285 989 2333 Το1130,
1028 2290 1069 2325 et
1111 2291 1346 2338 cogerentur
1384 2286 1529 2334 multa,
1568 2284 1708 2338 quibus
1744 2284 1912 2337 singulis
1940 2304 1943 2322 ε

126 2348 272 2389 diversi
304 2347 485 2399 exiguam
516 2346 631 2385 fidem
664 2344 876 2385 adhibituri
908 2349 1055 2384 essent.
1116 2345 1178 2385 Ne
1209 2345 1343 2397 itaque
1374 2343 1575 2384 inventum
1604 2344 1679 2384 hoc
1708 2356 1837 2385 meum
1863 2343 1910 2383 de
1948 2368 1950 2371 v

128 2408 296 2461 quinque
327 2406 554 2462 corporibus
585 2405 688 2444 inter
719 2404 820 2444 istas
860 2403 973 2455 quasi
1015 2404 1155 2456 paleas
1193 2404 1470 2452 delitesceret,
1508 2407 1550 2443 et
1585 2415 1675 2443 mea
1710 2402 1912 2443 sententia

126 2479 212 2507 cum
243 2465 387 2506 ceteris
418 2465 522 2505 inter
558 2464 712 2504 incerta
750 2463 998 2515 rejiceretur,
1049 2463 1155 2503 volui
1192 2463 1290 2503 illud
1325 2462 1540 2515 separatim
1575 2462 1710 2511 edere,
1761 2461 1795 2502 si
1835 2473 1942 2515 quo

125 2531 243 2579 pacto
274 2525 389 2565 fidem
420 2528 630 2564 mereatur.
693 2523 797 2562 Nam
833 2522 906 2561 hoc
938 2527 1017 2571 est,
1059 2522 1161 2575 quod
1203 2522 1474 2575 probabilibus
1517 2520 1741 2574 sequuturis
1787 2533 1908 2574 argu-

125 2585 268 2625 mentis
306 2597 356 2624 ex
390 2583 555 2637 physica
596 2583 665 2622 810.
709 2581 924 2633 depromtis
961 2582 1187 2622 nonnullam
1227 2581 1483 2622 autoritatem
1525 2579 1734 2621 conciliare
1777 2579 1907 2621 debet.

126 2645 303 2684 Libellos
334 2643 502 2683 meditor
533 2640 874 2693 cosmographicos
907 2645 1090 2692 quatuor:
1128 2640 1170 2689 1)
1202 2641 1269 2680 De
1300 2638 1659 2688 Universitate,
1701 2643 1741 2680 et
1775 2638 1907 2691 potis·-

128 2704 268 2743 simum
299 2704 345 2742 de
377 2702 556 2755 partibus
588 2701 720 2740 mundi
752 2700 1056 2751 quiescentibus,
1091 2699 1196 2740 Solis
1227 2699 1312 2739 loco
1344 2704 1386 2738 et
1416 2698 1556 2751 quiete,
1585 2698 1750 2738 fixarum
1770 2697 1923 2753 dispo-'

129 2763 269 2801 sitione
302 2767 342 2801 et
373 2762 516 2814 quiete,
549 2760 702 2800 unitate
734 2759 804 2799 &c.
836 2759 980 2799 mundi.
1043 2757 1089 2807 2)
1120 2759 1190 2799 De
1221 2757 1501 2806 Mobilibus;
1532 2757 1572 2797 in
1599 2769 1674 2810 quo
1700 2756 1929 2810 repetitum}

129 2821 326 2872 negotium
359 2821 405 2860 de
438 2821 605 2872 quinque
637 2818 876 2871 corporibus,
910 2818 1125 2869 disputatio
1158 2818 1206 2858 de
1235 2822 1344 2857 motu
1363 2816 1520 2866 Terrae,
1547 2816 1800 2871 proportione
1818 2828 1907 2857 mo-

129 2885 236 2920 tuum
266 2879 544 2931 Pythagorica,
577 2878 727 2918 musica
759 2878 828 2917 &c.
875 2874 921 2925 3)
953 2877 1019 2916 De
1051 2877 1208 2928 globis
1238 2875 1358 2927 ipsis
1387 2875 1665 2927 peculiaribus,
1697 2875 1767 2916 sed
1785 2887 1918 2929 pram,

131 2938 241 2990 cipue
283 2938 330 2976 de
369 2938 484 2989 globo
523 2938 685 2986 Terrae,
735 2936 864 2977 causis
902 2935 1106 2985 montium,
1146 2935 1343 2976 fluminum
1377 2934 1446 2974 &c.
1505 2934 1552 2974 In
1589 2946 1732 2991 genere
1770 2931 1920 2976 tamen?

131 2995 178 3046 4)
211 2997 276 3036 De
308 2996 546 3036 relatione
579 2995 704 3036 coeli
736 3001 783 3035 et
812 2996 987 3036 Terrae
1025 3007 1146 3034 031153
1181 2992 1348 3034 actionis
1384 2997 1427 3032 et
1463 2993 1710 3045 passionum,
1753 2993 1801 3034 de
1840 2992 1925 3033 lu-‘

132 3057 247 3103 mine,
282 3055 520 3106 aspectibus,
551 3054 856 3106 meteorologiae
889 3059 930 3094 et
960 3053 1198 3105 astrologiae
1233 3051 1433 3105 principiis
1470 3052 1656 3106 physicis·
1717 3050 1785 3093 Sic
1821 3056 1930 3093 tres<

131 3115 282 3167 priores
313 3114 598 3165 responderent
627 3113 739 3152 libris
770 3112 1001 3153 Aristotelis
1031 3112 1079 3152 de
1116 3112 1243 3160 coelo,
1285 3116 1446 3163 quartus
1498 3111 1608 3152 libris
1650 3111 1698 3151 de
1735 3123 1913 3163 genera-1
1924 3135 1933 3177 >⁴
