2028 3242
109 63 195 107 22ss
909 60 1122 93 Prooemium.

106 172 228 214 gentis,
253 169 307 212 qui
332 167 411 199 mihi
437 170 510 199 erat
539 167 749 203 domesticus,
777 175 851 198 cum
876 167 958 198 liber
983 170 1094 198 noster
1119 165 1160 197 de
1187 164 1326 197 Cometa
1352 165 1430 197 anni
1455 162 1511 196 7¹7.
1531 163 1729 206 Urmiburgi
1753 163 1917 205 imprime·
1937 166 1943 172 ‘

106 222 217 254 retur,
256 219 290 248 et
314 215 412 256 paulo
436 218 511 256 post
536 223 635 255 quam
660 213 791 246 Ursus
815 214 878 246 iste
905 213 992 255 apud
1017 223 1070 245 me
1093 213 1205 244 fuerat
1230 213 1388 249 accessit,
1413 212 1551 254 ideoque
1575 217 1674 254 quam
1697 210 1924 243 fraudulenter

107 267 242 306 egerat,
279 272 319 294 ex
353 262 471 294 ceteris
495 262 576 293 meis
613 261 766 292 studiosis
793 262 960 303 cognitum
986 261 1112 292 habuit.
1165 259 1286 291 Addidi
1310 260 1413 292 etiam
1437 259 1662 291 testimonium
1685 259 1813 290 scribae
1837 257 1922 290 Noe.

107 311 179 343 Viri
203 310 291 342 Erici
315 309 402 341 Lan
412 309 491 351 gii,
519 309 571 340 cui
597 308 699 340 Ursus
724 312 803 340 tunc
828 308 993 345 inserviit,
1019 308 1074 349 qui
1101 307 1201 339 etiam
1226 310 1357 348 praesto
1383 310 1476 343 erat,
1505 315 1580 338 cum
1603 307 1667 338 iste
1691 315 1785 344 sunm
1808 305 1924 338 herum

109 353 283 390 comitatus
309 365 438 388 mecum
463 356 536 387 fuit.
575 354 684 394 Quam
710 355 979 387 testificationem
1004 356 1144 396 ipsemet
1162 354 1276 385 Ericus
1301 358 1419 395 postea
1433 353 1654 396 Magdeburgi
1677 353 1710 385 in
1733 353 1926 394 praesentia

106 405 226 447 publici
250 404 371 436 notarii
397 402 612 440 confirmavit,
639 406 674 434 et
698 411 914 444 quaecunque
941 403 1024 434 alias
1050 401 1151 434 Ursus
1176 402 1209 432 in
1234 402 1359 433 famoso
1384 402 1447 432 isto
1473 401 1592 442 scripto
1617 397 1736 436 habet,
1762 404 1925 442 quatenus

107 453 168 484 sibi
194 461 236 484 ea
261 451 301 483 de
326 461 362 483 re
387 450 553 492 quippiam
580 450 765 487 constabat,
792 450 971 481 falsissima
997 459 1068 481 esse
1093 453 1236 481 testatus
1263 453 1323 485 est,
1351 453 1460 480 erecto
1487 448 1528 480 de
1556 446 1598 479 12
1618 447 1817 488 ejuscemodi
1839 449 1923 489 prun-

109 501 181 535 ctis,
207 508 291 541 quae
316 498 363 530 illi
386 498 664 539 proponebantur,
691 506 709 529 e
735 497 815 528 libro
840 497 894 528 illo
920 497 1047 529 famoso
1075 497 1256 537 excerptiS‚
1284 496 1433 537 publico,
1459 497 1507 528 uti
1532 499 1672 532 vocant,
1697 495 1925 533 instrumento,

107 546 193 589 quod
219 546 300 579 alias
324 545 468 582 videbis3
494 544 572 576 hinc
597 548 710 576 cetera
734 545 935 576 aestimabis.
1590 541 1629 574 T.
1655 541 1807 574 Brahe.

201 651 275 689 His,
301 660 386 693 quae
411 650 510 682 refert
537 648 648 690 Tycho
675 649 715 681 de
743 649 825 681 Urso
853 650 1000 691 aliisque,
1028 650 1083 691 qui
1107 650 1208 691 ipsius
1233 649 1431 691 hypotheses
1457 649 1518 681 sibi
1543 650 1747 691 arrogarint,
1774 657 1837 680 nec
1861 657 1928 679 non

110 699 150 731 de
176 699 260 737 illis,
286 699 341 740 qui
365 698 472 739 ipsum
497 702 612 728 contra
637 696 896 729 calumniatores
924 697 1148 734 defenderint,
1174 697 1258 728 haec
1284 697 1438 729 addenda
1462 700 1567 728 sunt.'

204 793 225 825 J
233 792 389 825 acobus
416 790 587 823 Curtius
614 799 634 821 a
653 790 882 828 Senfl'tenaun,
909 791 1036 832 imperii
1050 779 1328 832 procancellarius
1354 788 1392 830 (†
1411 787 1530 829 1594),
1557 789 1777 822 astronomiae
1795 791 1929 831 eJusque

110 840 319 882 antesignani
338 839 501 880 Tychonis
528 838 632 869 cultor
646 847 685 869 ac
700 838 874 874 studiosus,
907 839 1089 870 transmisit
1106 838 1253 879 Tychoni
1271 837 1424 869 Caesaris
1441 836 1607 878 Rudolphi
1622 837 1657 869 II
1684 834 1927 879 „privilegiuffl

112 888 198 929 quod
211 887 424 928 praemissum
451 889 502 917 est
519 885 607 925 operi
621 885 793 925 inscripto:
825 886 1054 917 Astronomiae
1074 886 1281 917 instauratae
1299 885 1615 927 Progymnasmata,
1642 884 1755 916 datum
1783 883 1838 915 13.
1852 883 1929 916 Jun.

114 933 222 970 1590,
259 934 374 966 addita
397 933 475 970 illa,
507 941 605 973 quam
641 932 720 963 dicit
750 940 850 972 snpra
875 932 1005 972 Tycho,
1039 932 1178 973 epistola
1216 931 1262 972 (d.
1303 931 1359 962 28.
1384 931 1461 964 Jun.
1491 930 1618 972 1590),
1653 932 1688 963 in
1719 940 1786 974 qua
1819 931 1930 968 refert,

111 987 260 1014 autorem
297 990 332 1012 se
357 981 456 1011 fuisse
483 979 619 1010 Caesari
647 978 747 1016 „illud
771 979 820 1010 ita
845 980 1005 1011 scribendi
1047 985 1080 1011 et
1105 989 1303 1021 sponsorem,
1343 989 1422 1011 vera
1454 980 1488 1011 in
1514 988 1552 1011 eo
1578 979 1756 1011 Caesarem
1780 978 1929 1011 testari.“

111 1028 206 1068 Quae
233 1029 273 1060 de
297 1027 380 1059 Urso
405 1027 471 1058 illic
498 1027 593 1063 dicit,
631 1025 716 1057 haec
755 1030 886 1058 tantum
908 1031 1002 1058 sunt:
1051 1027 1101 1058 Ex
1124 1026 1166 1058 N.
1193 1026 1234 1058 N.
1263 1027 1416 1069 plagiarii
1441 1028 1489 1058 tui
1520 1026 1650 1064 libello,
1685 1026 1782 1068 'quem
1812 1025 1930 1058 funda-

109 1078 257 1108 mentum
283 1074 537 1106 astronomicum
561 1074 746 1114 inscripsit,
772 1074 933 1115 unicoque
959 1076 1029 1115 ejus
1055 1074 1307 1116 diagrammate,
1335 1074 1421 1116 quod
1449 1074 1555 1106 Paulo
1572 1073 1727 1106 Witichio
1754 1073 1931 1110 dedicavit,

111 1123 275 1155 construxi
295 1146 302 1152 .
322 1145 330 1153 .
351 1145 358 1152 .
383 1131 503 1153 novam
530 1120 771 1161 sphaericorum
793 1121 1030 1163 triangulorum
1055 1122 1269 1163 geometriam
1295 1120 1354 1153 810.
1867 1159 1870 1161 Α

204 1169 460 1202 Rothmanni
485 1168 623 1205 literae,
660 1168 693 1199 in
725 1168 840 1209 quibus
866 1172 962 1200 taxat
986 1168 1106 1200 Ursum
1137 1179 1193 1209 pro
1224 1170 1368 1203 meritis.
1405 1169 1505 1201 datae
1531 1171 1609 1201 sunt
1634 1166 1772 1201 Casellis
1798 1165 1831 1200 7,
1853 1166 1932 1200 ¹021.

112 1216 203 1259 Sept.
234 1214 323 1249 1586
350 1215 399 1256 (111
428 1215 615 1255 „Tychonis
639 1215 763 1246 Brahei
789 1215 878 1248 Dani
904 1216 1126 1257 Epistolarum
1146 1216 1300 1248 Astron.“
1329 1216 1383 1248 lib.
1410 1216 1436 1248 1.
1463 1227 1495 1258 p.
1526 1213 1610 1256 33),
1645 1216 1809 1258 ipsiusque
1834 1208 1935 1247 verba

111 1269 207 1296 sunt:
246 1263 346 1296 Plura
371 1263 565 1298 scriberem,
602 1263 796 1303 praesertim
822 1263 862 1295 de
887 1264 1012 1304 impuro
1037 1263 1091 1294 illo
1117 1263 1278 1296 nebulone
1303 1263 1345 1295 N.
1371 1263 1415 1295 R.
1442 1263 1543 1301 Urso,
1569 1264 1623 1306 qui
1647 1263 1805 1305 superiori
1826 1261 1935 1295 hieme

113 1312 201 1353 apud
218 1311 323 1343 Tuam
340 1310 463 1342 Excell.
490 1309 763 1351 typographicam
787 1310 959 1342 literarum
987 1310 1214 1343 collectionem
1240 1315 1274 1343 et
1297 1311 1548 1349 ordinationem,
1573 1314 1611 1343 ut
1628 1311 1751 1352 opinor,
1777 1309 1934 1344 exercuit.

112 1359 272 1401 quomodo
299 1358 426 1389 scilicet
449 1357 503 1388 hic
528 1361 561 1387 te
588 1357 740 1388 conviciis
765 1358 1075 1398 proscinderenon
1102 1358 1257 1395 desierit,
1293 1362 1328 1390 et
1358 1358 1517 1400 quomodo
1549 1361 1584 1390 te
1615 1357 1837 1398 defenderim,
1871 1356 1935 1389 nisi

112 1406 269 1448 angustia
293 1405 446 1446 temporis
471 1413 525 1435 me
551 1404 733 1445 impediret.

208 1452 319 1494 Tycho
357 1454 391 1483 in
428 1451 531 1483 literis
568 1452 633 1482 suis
670 1452 814 1492 proxime
847 1453 1058 1494 sequentibus
1088 1452 1207 1484 Ursum
1244 1463 1310 1484 non
1346 1457 1509 1495 tangens,
1546 1453 1580 1484 in
1617 1451 1865 1495 posterioribus,
1900 1452 1935 1483 in

113 1498 229 1542 quibus
253 1499 450 1541 hypothesin
477 1508 571 1530 suam
598 1498 741 1539 explicat
773 1497 821 1538 (d.
848 1499 984 1531 Uranib.
1012 1498 1068 1531 21.
1095 1500 1188 1532 Febr.
1218 1498 1345 1540 1589),
1380 1500 1430 1532 his
1463 1500 1506 1532 ad
1530 1500 1621 1532 illum
1646 1499 1750 1533 redit:
1787 1495 1935 1532 Mirabar

112 1547 208 1579 valde
235 1547 276 1579 ab
301 1547 405 1584 initio,
433 1556 507 1577 cum
531 1546 675 1587 legerem
701 1546 735 1577 in
760 1547 825 1578 tuis
851 1546 965 1586 literis,
992 1546 1042 1578 Ill.
1061 1546 1204 1588 Principi
1220 1547 1322 1579 hasce
1339 1557 1431 1580 meas
1447 1547 1645 1589 hypotheses
1669 1547 1758 1589 prius
1783 1546 1934 1590 cognitas

114 1595 234 1631 fuisse,
271 1597 384 1635 utpote
420 1594 472 1635 qui
508 1603 566 1625 eas
597 1594 630 1624 in
657 1598 827 1626 automate
853 1594 994 1636 quodam
1019 1603 1190 1635 expressas
1215 1594 1363 1627 haberet.
1413 1594 1530 1636 Neque
1555 1595 1636 1627 satis
1661 1596 1809 1637 cogitare
1832 1595 1935 1636 potui,

114 1643 169 1683 qui
193 1641 227 1672 id
251 1641 321 1673 fieri
345 1644 477 1682 posset,
513 1640 672 1681 siquidem
698 1642 819 1681 optime
844 1641 923 1672 mihi
949 1643 1099 1673 conscius
1125 1651 1253 1682 essem,
1278 1653 1332 1674 me
1357 1651 1379 1674 a
1402 1642 1491 1674 nullo
1515 1642 1703 1674 mortalium
1727 1641 1788 1674 has
1813 1651 1934 1684 cogno-

114 1689 211 1726 visse,
237 1689 425 1730 priusquam
449 1689 590 1728 ipsemet
615 1697 654 1718 ex
681 1688 960 1720 observationibus
987 1699 1024 1720 eo
1049 1689 1273 1730 perducebar,
1300 1690 1449 1731 quodque
1474 1690 1603 1722 interea
1625 1699 1756 1722 mecum
1780 1689 1937 1721 latuerint

115 1739 219 1768 antea
243 1746 310 1767 non
335 1735 535 1776 publicatae.
586 1734 710 1766 Verum
734 1739 908 1777 postquam
933 1736 1060 1767 libellus
1095 1737 1189 1768 istius
1214 1736 1289 1768 Ursi
1314 1736 1548 1774 Dithmarsici,
1579 1746 1676 1779 quem
1701 1735 1877 1779 aliquando
1901 1736 1935 1768 in

117 1783 313 1824 quibusdam
340 1782 383 1814 ad
407 1792 459 1813 me
486 1782 571 1813 datis
596 1781 699 1813 literis
725 1782 823 1824 digno
843 1782 949 1824 elogio
967 1784 1101 1822 ornasti,
1128 1785 1288 1825 impurum
1307 1784 1477 1826 appellans
1494 1784 1701 1822 nebulonem,
1725 1783 1805 1816 mihi
1827 1784 1935 1816 trans-

112 1830 231 1862 missus
258 1834 346 1861 esset
372 1838 393 1860 a
418 1829 461 1860 D.
482 1828 843 1871 G.R011enhagio,
871 1828 1089 1872 Magdeburgi
1117 1831 1268 1873 degenti,
1296 1832 1350 1872 qui
1374 1833 1474 1863 etiam
1493 1831 1616 1864 dudum
1641 1835 1743 1864 antea
1758 1831 1934 1864 indicarat·

113 1876 174 1908 has
199 1880 330 1909 nostras
355 1876 554 1917 hypotheses
581 1876 642 1907 sibi
668 1880 745 1907 ante
771 1877 937 1908 biennium
956 1886 977 1908 a
993 1878 1135 1918 quodam
1151 1888 1224 1910 meo
1243 1879 1377 1920 fugitivo
1402 1879 1549 1910 ministro
1573 1879 1834 1912 communicatas
1852 1887 1935 1915 esse,

117 1924 256 1965 ideoque
282 1925 389 1955 sciens
416 1932 437 1954 a
460 1933 513 1954 me
538 1924 677 1964 primum
701 1924 876 1959 inventas,
902 1924 1093 1965 dolensque,
1119 1924 1239 1957 Ursum
1263 1926 1363 1957 istum
1389 1926 1449 1958 sibi
1474 1926 1634 1958 immerito
1661 1935 1718 1958 eas
1745 1926 1935 1964 attribuere,

115 1971 234 2003 librum
259 1970 350 2002 illum
375 1970 454 2002 mihi
479 1971 687 2002 innotescere
712 1971 823 2006 voluit.
851 1974 888 2002 ut
912 1971 1032 2003 furtum
1057 1972 1136 2003 illud
1156 1982 1400 2014 cognoscerem,
1428 1977 1462 2004 et
1487 1973 1528 2005 ab
1554 1973 1627 2005 aliis
1652 1974 1740 2005 foras
1766 1973 1939 2005 eliminata

114 2018 193 2049 mihi
220 2018 326 2049 denuo
354 2026 549 2049 assererem.
601 2017 649 2048 Ex
685 2018 746 2049 isto
780 2019 860 2049 satis
895 2019 1063 2059 perspexi,
1102 2019 1189 2051 unde
1224 2019 1308 2052 haec
1340 2020 1383 2052 ad
1413 2029 1468 2051 vos
1493 2021 1678 2061 pervenerit
1700 2020 1937 2052 revolutionum

114 2065 309 2097 coelestium
336 2064 511 2099 ordinatio,
541 2064 702 2105 siquidem
728 2066 790 2096 iste
815 2065 995 2107 plagiarius
1021 2066 1152 2103 referat,
1179 2076 1214 2098 se
1241 2071 1319 2098 ante
1344 2068 1521 2099 triennium
1545 2068 1624 2105 sere,
1654 2071 1827 2110 postquam
1851 2067 1939 2099 hanc

112 2113 145 2143 in
174 2111 296 2153 angulo
325 2112 465 2152 quodam
491 2112 582 2152 regni
607 2111 764 2143 Poloniae
792 2113 1017 2154 excogitasset
1042 2111 1205 2155 (intellige
1222 2115 1330 2155 potius
1346 2115 1380 2145 in
1397 2114 1506 2146 insula
1521 2115 1615 2157 regni
1631 2114 1766 2147 Daniae
1782 2114 1939 2153 Euenus»,

113 2159 245 2200 quando
273 2168 359 2189 anno
387 2156 442 2189 84.
480 2159 513 2189 in
540 2158 722 2199 Septembri
755 2168 827 2190 cum
854 2159 938 2190 Nob.
967 2163 1000 2191 et
1024 2159 1170 2192 Doctiss.
1201 2161 1266 2192 viro
1292 2161 1337 2192 D.
1372 2161 1491 2193 Erico
1524 2161 1689 2204 Lange,
1725 2162 1832 2194 amico
1865 2170 1938 2194 11100

114 2205 284 2247 singulari,
313 2206 366 2236 cui
390 2209 469 2237 tunc
495 2205 703 2244 inserviebat,
729 2206 782 2238 hic
809 2206 979 2244 adfuisset,
1007 2207 1095 2248 apud
1112 2217 1164 2239 me
1186 2208 1272 2240 clam
1292 2213 1459 2250 exceptas,
1485 2213 1523 2240 ut
1540 2209 1704 2251 quaedam
1721 2209 1822 2242 etiam
1839 2205 1934 2248 alia),

112 2252 162 2284 Ill.
182 2253 326 2293 Principi
343 2252 487 2284 Hassiae
514 2252 679 2289 obtulisse,
709 2257 809 2295 atque
836 2254 877 2285 ab
902 2254 1002 2294 ipsius
1030 2254 1142 2286 Celsit.
1172 2255 1298 2288 artifice
1323 2256 1343 2288 J
1352 2261 1446 2288 usto
1464 2256 1619 2298 Byrgio
1643 2257 1678 2288 in
1704 2255 1935 2289 orichalcicum

114 2304 323 2331 automatum
349 2299 503 2331 redactas
530 2309 611 2331 esse.
664 2300 729 2332 Sed
756 2302 835 2332 satis
861 2301 967 2342 prodit
997 2302 1118 2333 furtum
1143 2312 1238 2334 suum
1269 2304 1332 2335 iste
1363 2305 1519 2345 impostor
1550 2313 1682 2346 unaque
1712 2303 1935 2346 ignorantiam

114 2347 172 2382 rei,
199 2356 297 2388 quam
325 2347 483 2378 venditat.
527 2346 615 2378 Dum
643 2349 728 2378 enim
755 2348 864 2380 orbem
890 2347 1008 2380 Martis
1033 2349 1181 2381 totaliter
1207 2349 1354 2382 Solarem
1380 2352 1581 2383 ambientem
1606 2351 1761 2390 delineat,
1787 2350 1933 2382 imitatur

114 2394 232 2425 falsam
260 2394 424 2435 quandam
452 2394 732 2435 designationem,
759 2405 862 2436 quae,
888 2397 999 2427 nescio
1026 2406 1090 2437 qua
1114 2398 1259 2433 incuria,
1286 2397 1340 2430 hic
1365 2399 1413 2430 ita
1439 2398 1571 2439 depicta
1595 2403 1683 2438 erat,
1713 2402 1811 2439 atque
1836 2397 1876 2429 ob
1900 2396 1936 2428 id

116 2446 274 2481 tanquam
300 2442 414 2482 inepta
440 2441 559 2472 alicubi
584 2442 671 2473 inter
697 2442 828 2474 chartas
853 2452 945 2474 meas
970 2445 1129 2484 projecta,
1157 2453 1255 2486 quam
1282 2446 1462 2477 etiamnum
1480 2445 1523 2478 ad
1539 2454 1656 2477 manus
1671 2445 1790 2483 habeo,
1818 2444 1935 2476 eodem

116 2489 247 2519 nomine
272 2489 473 2530 requisitam,
501 2492 538 2519 ut
565 2493 652 2520 certo
678 2490 712 2521 id
738 2490 845 2531 ipsum
870 2495 1011 2531 pateret.
1053 2490 1197 2532 Cumque
1222 2492 1335 2524 vitium
1360 2493 1460 2532 istud,
1485 2493 1520 2524 in
1540 2491 1709 2525 schemate
1727 2491 1933 2533 depingendo

118 2535 319 2572 commisum,
349 2536 525 2567 emendare
550 2536 743 2576 nequiverit,
769 2538 969 2569 sufficienter
987 2538 1246 2581 intelligentibus
1265 2543 1378 2571 notum
1406 2540 1524 2576 reddit,
1551 2548 1586 2571 se
1612 2547 1686 2572 eam
1711 2540 1934 2571 inventionem

115 2591 180 2612 non
206 2582 401 2624 intelligere,
429 2582 531 2614 multo
550 2583 656 2614 minus
675 2586 744 2624 ejus
763 2589 911 2616 autorem
936 2594 1018 2619 esse.
1043 2589 1119 2617 utut
1145 2586 1197 2617 hic
1223 2587 1439 2628 conquisitam
1463 2587 1523 2618 sibi
1547 2587 1754 2627 impudenter
1779 2595 1935 2628 arrogare

116 2633 148 2659 et
174 2628 221 2659 111.
248 2629 390 2670 Principi
411 2629 648 2667 Wilhelmo,
675 2635 834 2673 tanquam
859 2633 1022 2673 propriam
1047 2634 1322 2675 excogitationem
1349 2634 1500 2665 dedicare
1524 2643 1590 2665 non
1616 2634 1791 2666 erubuerit.
1827 2632 1936 2665 Multa

117 2676 250 2716 insuper
276 2676 342 2707 alia
366 2675 467 2707 habet
493 2678 524 2707 in
551 2678 614 2708 isto
640 2678 759 2717 libello,
788 2689 872 2720 quae
898 2679 976 2711 licet
992 2689 1058 2710 non
1078 2682 1188 2712 omnia
1203 2680 1280 2712 hinc
1299 2681 1479 2719 abstulerit,
1507 2684 1618 2713 tamen
1643 2682 1763 2722 partim
1789 2689 1811 2712 a
1833 2680 1935 2716 vobis,

119 2723 236 2762 partim
264 2723 305 2754 ab
332 2723 404 2754 aliis
429 2723 672 2756 mathematicis
697 2726 730 2756 in
759 2726 947 2761 Germania.
976 2727 1042 2758 sive
1069 2727 1164 2766 clam,
1192 2728 1259 2759 sive
1283 2728 1394 2769 palam
1420 2728 1572 2767 corrasit,
1603 2728 1686 2760 adeo
1710 2732 1748 2761 ut
1771 2728 1799 2761 si
1825 2727 1935 2760 aliena

119 2769 311 2806 demantur,
338 2770 419 2801 nihil
445 2771 512 2802 fere
538 2775 658 2808 restet,
685 2773 770 2813 quod
796 2783 890 2804 suum
916 2773 986 2804 erit.
1346 2800 1350 2802 .

216 2816 280 2847 Sed
306 2817 451 2848 facessat
475 2818 538 2849 iste
566 2829 639 2850 cum
664 2829 721 2850 suo
749 2819 875 2861 plagio,
909 2821 968 2852 tibi
995 2825 1029 2852 et
1054 2819 1127 2852 aliis
1153 2819 1304 2858 eruditis,
1338 2821 1426 2862 apud
1451 2831 1530 2863 quos
1556 2822 1731 2865 aliquando
1756 2822 1837 2860 fuit,
1863 2822 1935 2864 quis

119 2862 161 2892 sit
187 2866 220 2893 et
246 2873 343 2903 quam
368 2865 541 2904 perfrictae
567 2866 680 2898 frontis
708 2875 930 2909 arrogansque
956 2872 1116 2910 nugator,
1133 2869 1224 2900 satis
1249 2873 1448 2909 perspectus.

216 2908 309 2947 Quae
336 2910 375 2941 de
403 2910 605 2944 Duncano
633 2913 744 2954 Tycho
771 2913 867 2946 affert
893 2913 985 2957 (pag.
1015 2913 1120 2955 224),
1145 2915 1197 2948 his
1222 2915 1418 2948 illustranda
1443 2919 1530 2948 sunt.

213 2954 387 2988 Duncan
397 2967 439 2988 us
465 2958 687 2991 Liddelius
705 2961 947 2993 Aberdonensis
967 2961 1095 3001 Scotns,
1122 2963 1366 2995 mathematicis
1391 2963 1522 3005 quidem
1548 2967 1582 2995 et
1606 2965 1832 2997 astronomicis
1857 2974 1933 3006 ope-

118 3009 189 3032 ram
216 3002 324 3039 dedit,
361 3013 463 3045 eaque
491 3006 602 3037 docuit
627 3007 796 3039 Rostochii
823 3013 856 3039 et
880 3007 1099 3046 Helmstadii,
1132 3010 1307 3051 praecipue
1333 3014 1445 3042 autem
1471 3010 1571 3042 coluit
1595 3011 1814 3052 medicinam,
1849 3010 1935 3054 quod

118 3052 260 3080 testatur
297 3059 374 3090 opus
413 3053 482 3091 ejus
510 3052 822 3090 ‚,Iatro-Galenica“
857 3053 925 3096 (ed.
961 3054 1079 3096 1624).
1131 3058 1275 3089 Auctore
1301 3055 1482 3090 Caselio
1517 3056 1614 3099 (prof.
1640 3059 1864 3102 philosophiae
1901 3061 1936 3090 et
