2028 3242
130 114 216 157 308
691 114 825 146 Literae
850 112 987 155 Kepleri
1012 113 1211 155 aliorumque
1235 117 1373 146 mutuae

131 220 245 261 basin
278 219 317 259 in
350 218 466 271 justa
498 217 764 269 longitudine,
812 217 903 271 quia
936 218 1052 264 (dato
1086 218 1304 271 quadrato)
1339 223 1452 259 certa
1492 219 1579 271 ejus
1622 222 1688 258 est
1723 217 1943 270 longitudo.

128 280 194 320 Ita
223 279 341 331 plane
374 277 413 317 in
445 277 520 317 hoc
550 276 731 329 negotio,
766 277 800 317 si
834 277 1007 317 facerem
1029 290 1149 317 unum
1181 290 1231 317 ex
1267 276 1320 318 12
1355 277 1589 331 aequalibus
1621 277 1758 325 cubis,
1803 275 1946 316 cubum

131 338 241 378 cubis
275 349 447 389 aequare
479 349 555 376 non
589 348 763 388 possum.
824 335 1135 377 Consideremus
1169 349 1308 377 casum
1341 337 1379 376 in
1413 337 1583 379 cossica.
1633 335 1786 376 Jubear
1817 347 1944 388 quae-

130 410 215 437 rere
248 394 275 437 2
306 396 460 436 medias
493 395 679 436 continue
698 395 1020 448 proportionales
1054 396 1160 435 inter
1191 394 1217 436 2
1251 401 1293 435 et
1325 393 1350 436 3
1373 402 1589 437 extremas.
1642 393 1818 448 Oportet
1849 405 1945 446 ergo

129 457 234 497 tales
267 455 367 495 duas
399 455 590 503 invenire,
623 460 679 502 ut,
713 455 806 507 quia
838 452 964 495 2><3
990 452 1100 504 =6,
1136 455 1265 495 altera
1297 455 1335 494 in
1369 455 1540 496 alteram
1570 455 1711 495 itidem
1731 453 1857 494 faciat
1888 451 1914 494 6
1932 465 1944 502 ;

130 521 172 556 et
201 520 246 556 ut
276 515 384 568 prior
414 514 573 554 illarum
618 526 706 554 cum
746 511 770 554 3
803 518 960 554 tantum
996 514 1139 564 faciat,
1186 518 1376 566 quantum
1415 514 1654 567 quadratum
1689 512 1945 566 posterioris;

131 574 276 623 tertio,
329 578 374 613 ut
417 573 516 613 haec
561 586 649 613 cum
693 572 719 613 2
765 578 924 614 tantum
974 573 1100 613 faciat
1145 578 1338 626 quantum
1389 574 1630 626 quadratum
1671 571 1816 625 prioris
1862 572 1947 625 (xy

919 628 933 649 3

133 679 184 698 =
203 659 251 711 6;
285 657 502 715 3x=y²3
537 659 590 715 2y
609 656 743 709 =x²3
775 673 803 700 x
820 677 871 695 =
897 659 1039 710 xs12).
1090 661 1243 702 Jubear
1274 663 1395 715 igitur
1423 675 1614 716 quaerere
1635 659 1811 702 radicem
1830 659 1946 700 cubi-

131 735 220 763 cam
252 721 300 761 de
336 719 402 770 12,
437 720 541 772 quod
573 720 657 760 fieri
682 732 759 759 nou
791 725 948 771 potest3
1000 721 1253 761 arithmetice
1285 735 1381 770 non,
1429 723 1502 762 hoc
1536 721 1642 762 enim
1682 723 1747 760 est
1778 718 1822 758 in·
1849 730 1947 759 con-

133 782 240 821 fesso
252 792 264 828 3
321 779 565 832 geometrice
598 791 698 826 non,
746 779 838 830 quia
869 791 969 835 non,
1011 780 1118 820 sicut
1150 781 1201 820 ad
1234 781 1442 832 quodlibet
1472 780 1664 829 solidum,
1715 778 1824 819 latus
1857 776 1948 817 cubi

133 840 300 892 aequale
333 838 524 879 constitui
555 843 706 889 potest.
769 838 929 878 Dantur
963 839 1066 878 enim
1101 839 1164 879 hic
1201 838 1255 890 12
1282 840 1385 889 cubi,
1420 852 1582 892 quorum
1614 837 1862 890 singulorum
1881 836 1945 876 la-

133 904 198 938 tus
232 902 295 938 est
331 897 368 938 1.
432 896 478 937 Si
511 897 687 936 facerem
719 909 769 935 ex
806 895 858 937 12
890 897 1126 949 aequalibus
1159 898 1272 938 cubis
1292 911 1410 939 unum
1432 899 1587 947 cubum,
1620 897 1716 945 scio,
1750 907 1812 936 me
1845 895 1946 935 duas

136 957 290 998 medias
321 955 644 1008 proportionales
679 956 888 997 facturum.
947 956 1007 997 «Et
1038 962 1183 997 natura
1215 957 1305 1010 ipsa
1343 959 1443 998 dans
1478 964 1520 998 et
1553 956 1775 998 concedens
1806 954 1948 995 cubum

137 1016 247 1056 cubis
284 1014 336 1056 12
371 1016 591 1067 aequalem,
627 1014 808 1056 admittit
841 1021 882 1055 et
913 1014 940 1056 2
978 1016 1162 1056 continue
1194 1017 1535 1069 proportionales;
1581 1016 1675 1057 illae
1706 1020 1842 1055 tamen
1873 1026 1946 1054 ne-

136 1076 325 1124 sciuntur,
359 1074 592 1127 quantisper
623 1074 762 1126 nequit
794 1074 844 1114 ab
877 1075 1086 1115 intellectu
1119 1080 1258 1115 nostro
1289 1076 1373 1116 fieri
1406 1076 1530 1116 cubus
1562 1074 1674 1116 cubis
1710 1072 1763 1114 12
1795 1085 1946 1126 aequa—

135 1135 197 1184 lis,
231 1135 295 1174 vel
317 1133 514 1186 quotlibet
533 1133 635 1174 aliis.
688 1134 733 1173 In
754 1133 828 1173 hoc
855 1146 949 1186 ergo
971 1134 1182 1174 discrimen
1211 1139 1285 1183 est,
1321 1135 1426 1187 quod
1446 1135 1681 1188 quadratum
1709 1132 1862 1173 duobus
1882 1131 1948 1171 vel

135 1193 334 1246 quotlibet
378 1193 468 1233 aliis
506 1193 672 1244 aequale
714 1193 845 1233 facere
886 1205 1071 1244 possum,
1118 1194 1260 1234 cubum
1301 1194 1412 1234 cubis
1455 1207 1627 1247 aequare
1659 1205 1739 1232 non
1769 1203 1947 1244 possum,

134 1253 239 1305 quod
263 1252 349 1304 jam
380 1252 533 1304 pridem
564 1252 703 1304 probo.
767 1251 856 1292 Hoc
898 1252 1099 1305 interjeci,
1145 1266 1207 1292 me
1249 1254 1378 1305 ipsum
1418 1266 1608 1294 exercens
1649 1253 1690 1292 in
1721 1250 1945 1292 scribendo.

132 1311 284 1351 Restat
315 1311 411 1351 mihi
441 1311 624 1363 probare,
660 1323 708 1350 ne
743 1311 942 1363 quadrata
973 1311 1133 1364 quidem
1165 1312 1305 1352 talium
1338 1313 1504 1353 duarum
1530 1312 1778 1365 sciriposse.
1830 1307 1946 1356 Qua-

133 1372 252 1411 drata
282 1370 575 1422 incognitarum
607 1383 754 1422 quaero
785 1383 857 1422 per
877 1370 1178 1422 proportionem
1197 1371 1426 1423 planorum,
1461 1372 1553 1424 quia
1585 1370 1680 1419 scio,
1715 1368 1820 1422 quod
1849 1380 1947 1421 pro-

131 1429 262 1482 portio
295 1430 501 1481 planorum
545 1429 666 1482 dupla
707 1429 761 1469 sit
792 1429 1063 1482 proportionis
1097 1430 1304 1470 linearum.
1367 1431 1425 1472 Ut
1456 1430 1563 1471 sicut
1591 1430 1722 1483 prima
1752 1433 1850 1469 nota
1882 1427 1947 1476 (a)

132 1489 184 1528 ad
210 1489 372 1528 tertiam
400 1489 474 1537 (c),
508 1488 565 1528 sic
593 1488 832 1555 quadratum
850 1489 1155 1541 praecognitum
1177 1491 1221 1539 (a
1231 1485 1264 1537 ²)
1292 1490 1342 1529 ad
1366 1490 1602 1542 quad1atum
1622 1487 1821 1530 secundae
1842 1486 1887 1535 (b
1898 1482 1946 1534 ²).

130 1547 188 1588 Et
219 1547 324 1587 sicut
354 1547 378 1587 b
418 1548 469 1587 ad
511 1547 536 1586 d
574 1547 631 1587 sic
674 1543 723 1587 b²
760 1547 812 1587 ad
843 1544 890 1588 c²
965 1548 1095 1588 Vides
1128 1549 1268 1600 igitur,
1314 1561 1360 1588 eo
1393 1548 1480 1600 ipso
1515 1549 1618 1602 quod
1651 1546 1807 1588 mediae
1839 1549 1945 1593 sunt,

130 1619 358 1646 mensuram
403 1607 687 1658 quadratorum
731 1607 816 1646 fieri
863 1607 994 1647 lineas
1038 1607 1262 1660 incognitas
1308 1607 1439 1659 ipsas,
1492 1621 1592 1676 quae
1638 1605 1945 1660 quaerebantur.

128 1666 234 1707 Nam
267 1665 360 1717 quia
392 1665 555 1717 duplam
586 1666 892 1718 proportionem
925 1666 1012 1733 ejus
1032 1666 1238 1712 habemus,
1274 1667 1343 1707 illa
1375 1667 1495 1707 aliter
1524 1667 1564 1707 in
1597 1663 1626 1707 4
1657 1664 1839 1705 terminis
1870 1676 1945 1704 ne-

130 1725 216 1776 quit
258 1723 396 1764 haberi
441 1737 558 1776 quam
603 1730 647 1764 ut
691 1738 715 1763 a
753 1725 805 1764 ad
843 1738 863 1765 c
903 1725 960 1765 sic
999 1722 1048 1765 a²
1073 1726 1125 1766 ad
1163 1723 1225 1775 b²‚
1272 1730 1314 1765 et
1350 1731 1395 1766 ut
1426 1726 1450 1767 b
1483 1727 1535 1766 ad
1567 1726 1593 1766 d
1635 1724 1692 1765 sic
1723 1719 1774 1764 b²
1805 1723 1857 1763 ad
1887 1718 1945 1764 c'.

2008 1597 2028 1628 ξιξ,

129 1783 186 1824 Et
228 1782 267 1822 in
299 1783 546 1823 univer:sum
599 1782 820 1836 quicunque
866 1784 973 1824 modi
1020 1790 1112 1825 sunt
1154 1784 1426 1836 investigandi
1469 1785 1592 1837 plana
1629 1783 1669 1824 in
1708 1780 1734 1824 3
1766 1781 1948 1823 terminis
2008 1787 2020 1832 ᾗ

132 1842 317 1882 continue
358 1842 744 1894 proportionalibus,
793 1855 930 1882 omnes
971 1850 1135 1884 cessant
1179 1850 1220 1884 et
1252 1844 1352 1883 irriti
1385 1850 1479 1884 sunt
1522 1844 1561 1884 in
1599 1840 1627 1884 4
1659 1841 1858 1890 terminis,
1901 1852 1948 1880 eo

131 1901 239 1967 ipso,
286 1901 387 1952 quod
423 1906 484 1940 ter
516 1914 591 1941 non
627 1906 690 1941 est
722 1906 875 1968 quater.
940 1902 1041 1942 Esto
1082 1902 1205 1951 enim,
1249 1908 1291 1942 ut
1333 1902 1420 1955 quis
1460 1907 1598 1954 putet,
1641 1914 1719 1941 non
1741 1900 1950 1954 quadrata
2017 1934 2024 1942 .

131 1959 283 2012 prima,
329 1960 401 1999 sed
440 1960 615 1999 secunda
654 1972 743 2000 esse
784 1960 957 2002 invicem
996 1967 1039 2000 ut
1081 1974 1265 2001 numerus
1305 1962 1357 2001 ad
1399 1973 1607 2002 numerum
1650 1963 1716 2008 (ut
1754 1959 1788 2000 si
1827 1957 1854 2000 2
1893 1958 1949 1998 sit
2007 1958 2013 1976 ³

133 2018 271 2064 radiX,
307 2015 402 2059 2.2
424 2016 518 2059 =4
551 2024 615 2058 est
648 2019 885 2071 quadratum
917 2019 1105 2070 primum,
1146 2018 1313 2061 4.4=
1334 2017 1387 2061 16
1419 2021 1678 2068 secundum),
1717 2023 1812 2058 tunc
1853 2026 1947 2069 ergo
2003 2039 2007 2055 ·.

134 2083 177 2117 ut
219 2076 350 2128 prima
395 2089 444 2116 ex
487 2078 854 2129 proportionalibus
900 2079 1084 2118 continue
1134 2080 1185 2119 ad
1230 2079 1430 2131 quintam,
1477 2079 1533 2119 sic
1578 2079 1816 2132 quadratum
1858 2076 1945 2129 pri-

136 2148 226 2176 mae
260 2136 311 2175 ad
346 2136 584 2188 quadratum
616 2137 840 2184 secundae;
879 2137 951 2177 sed
991 2137 1129 2190 quinta
1169 2143 1233 2178 est
1263 2151 1341 2178 una
1374 2152 1423 2178 ex
1454 2138 1596 2178 mediis
1626 2138 1732 2178 inter
1764 2141 1948 2189 quartam

134 2201 174 2235 et
205 2195 418 2246 septimam
451 2196 492 2243 [a
507 2194 587 2244 (2),
622 2196 659 2245 Ι),
695 2209 728 2244 c,
763 2193 883 2244 d(3),
919 2209 953 2243 e,
987 2197 1012 2245 f,
1035 2209 1073 2248 g,
1109 2210 1203 2249 ergo
1232 2197 1425 2249 septimus
1453 2194 1562 2252 4¹s2],
1604 2197 1695 2250 quia
1727 2196 1946 2248 biquadra-
1994 2195 1995 2198 ’

134 2260 263 2294 torum
295 2254 399 2294 ratio
421 2255 642 2307 quadrupla
674 2260 738 2295 est
758 2255 924 2295 rationis
946 2257 1115 2296 laterum
1149 2262 1201 2306 et,
1237 2262 1280 2297 ut
1300 2257 1404 2297 ratio
1438 2271 1462 2297 a
1494 2258 1546 2298 ad
1579 2270 1600 2297 e
1632 2256 1690 2296 sic
1723 2251 1771 2296 a*
1801 2254 1854 2295 ad
1883 2249 1944 2294 b⁴.

134 2312 180 2353 Si
212 2325 306 2364 ergo
339 2313 580 2365 biquadrata
613 2310 659 2353 ει4
692 2322 732 2354 et
765 2310 812 2354 b*
843 2321 947 2363 sunt,
982 2320 1027 2355 ut
1058 2316 1144 2356 vult
1175 2316 1364 2368 objectio,
1399 2316 1475 2356 duo
1501 2315 1665 2364 numeri,
1700 2319 1817 2356 erunt
1847 2327 1872 2353 a
1904 2318 1946 2352 et
1999 2314 2025 2326 “’

133 2385 152 2410 e
186 2372 325 2411 itidem
356 2373 523 2413 numeri
588 2372 670 2413 Sed
709 2387 729 2413 e
775 2386 851 2413 non
886 2380 949 2413 est
980 2387 1186 2420 numerus,
1235 2374 1327 2427 quia
1360 2373 1385 2416 3
1419 2375 1471 2415 ad
1502 2373 1583 2430 47,
1622 2387 1700 2414 non
1737 2378 1783 2414 ut
1820 2372 1943 2413 cubus

135 2431 186 2470 ad
218 2425 384 2479 cubum;
428 2432 471 2480 b,
507 2445 527 2471 c
560 2445 635 2472 non
670 2438 763 2472 sunt
794 2433 963 2482 numeri,
999 2446 1087 2474 cum
1120 2442 1162 2483 a,
1200 2434 1225 2473 d
1257 2434 1347 2474 cubi
1378 2446 1458 2474 non
1490 2434 1591 2482 sint;
1634 2433 1809 2485 ipsorum
1841 2444 1943 2484 qua-

134 2490 251 2530 dlata
283 2490 403 2530 etiam
435 2503 512 2530 non
534 2497 627 2531 sunt
659 2492 822 2538 numeri,
856 2492 949 2543 quia
982 2492 1040 2532 sic
1075 2493 1112 2540 b,
1148 2506 1168 2532 c
1200 2493 1278 2544 ipsi
1310 2493 1458 2543 fuerint
1488 2491 1652 2541 numeri,
1687 2504 1776 2532 cum
1808 2496 1943 2531 tamen

134 2549 171 2597 d,
206 2561 231 2600 g
263 2561 339 2588 non
373 2555 466 2589 sunt
499 2550 639 2590 cubici.
704 2550 791 2591 Soli
824 2551 913 2591 cubi
947 2551 994 2591 de
1028 2552 1065 2598 b,
1098 2565 1118 2591 c
1151 2557 1243 2591 sunt
1275 2551 1438 2600 numeri,
1474 2550 1566 2604 quia
1585 2549 1718 2591 media
1749 2550 1826 2590 duo
1845 2561 1941 2602 pro-

133 2608 373 2658 portionalia
417 2609 522 2649 inter
565 2607 592 2650 2
636 2610 687 2648 ad
732 2610 900 2650 invicem
956 2610 1078 2650 cubos
1123 2610 1212 2662 ipsa
1259 2610 1417 2663 quidem
1461 2610 1610 2650 numeri
1651 2622 1741 2650 esse
1780 2609 1941 2649 debent.

135 2666 292 2706 Scimus
327 2680 434 2719 ergo,
470 2668 574 2719 quod
606 2669 630 2707 b
665 2669 718 2708 sit
749 2669 863 2708 radix
891 2669 1030 2709 cubica
1063 2670 1115 2709 de
1141 2668 1200 2718 12,
1235 2683 1255 2709 c
1287 2669 1402 2709 radix
1435 2669 1575 2709 cubica
1602 2669 1649 2709 de
1681 2667 1754 2717 183
1787 2668 1828 2707 id
1847 2679 1942 2706 vero

134 2730 198 2764 est
228 2727 395 2766 nescire.
458 2728 520 2766 Ac
553 2740 641 2767 cum
674 2740 752 2767 non
786 2727 867 2767 sint
897 2728 1012 2779 plura
1045 2728 1284 2780 quantitatis
1316 2740 1484 2779 genera,
1518 2727 1594 2768 nisi
1625 2740 1676 2767 ex
1706 2727 1768 2767 his
1800 2726 1940 2773 mixta,

135 2785 338 2833 concludo,
373 2786 519 2826 nesciri
552 2786 696 2826 debere
730 2786 873 2834 omnia,
910 2799 1009 2838 quae
1043 2792 1137 2826 sunt
1163 2787 1328 2827 duarum
1348 2786 1566 2826 mediarum
1599 2786 1823 2834 (continue)
1843 2797 1939 2837 pro-

135 2843 436 2893 portionalium,
470 2850 632 2896 praeter
665 2845 807 2893 cubos,
849 2858 995 2897 eosque
1028 2846 1183 2886 nomine
1218 2851 1385 2885 tantum.
1450 2845 1603 2886 Latent
1634 2858 1684 2886 ea
1714 2846 1754 2886 in
1785 2845 1940 2887 ratione

134 2901 343 2941 infinitatis
375 2907 417 2942 et
447 2903 486 2943 iu
519 2916 568 2943 ea
599 2917 713 2944 suam
745 2904 895 2944 habent
926 2904 1229 2944 subsistentiam
1239 2917 1250 2952 ;
1285 2917 1360 2956 quo
1392 2904 1522 2956 magis
1548 2904 1702 2953 mirum,
1735 2903 1941 2946 terminari

136 2959 284 3011 aliquid
325 2974 349 2999 a
387 2974 465 3001 non
497 2963 725 3003 terminato.
789 2964 928 3016 Itaque
962 2964 1154 3015 ignoratis
1187 2962 1407 3003 rationibus
1440 2964 1670 3015 septanguli
1708 2962 1836 3017 fugiet
1865 2964 1939 3004 hoc

135 3017 382 3058 intellectum
423 3026 619 3070 nostrum,
667 3034 788 3074 quare
821 3027 863 3062 et
893 3022 1141 3062 intellectum
1178 3027 1347 3062 naturae
1392 3021 1500 3070 (dico
1532 3022 1642 3062 illam
1672 3022 1753 3062 vim
1783 3023 1939 3063 animo-

136 3087 221 3116 rum
254 3082 295 3116 et
322 3078 548 3130 formarum,
585 3093 664 3133 qua
695 3093 851 3121 suorum
884 3093 1091 3133 corporum
1122 3081 1298 3121 membra
1329 3092 1486 3133 semper
1517 3082 1657 3122 eodem
1687 3082 1804 3123 modo
1834 3082 1937 3135 figu-
