1982 3268
768 142 983 184 ιἰωα-ιι-ιῤ
1716 143 1772 191 ’47

0 257 632 299 heda-mpetendaoelu
658 255 1313 298 quinetbicdifficillimeinvenienda.
1363 255 1775 299 Quamoperamsiquis

0 305 255 347 qeraddiderit.
277 305 368 338 illum
393 306 561 346 antiquum
582 303 826 346 Pytbapram,
850 303 906 345 qui
928 301 1134 335 harmoniam
1157 303 1354 336 concinnam
1377 302 1588 339 coelestibus,
1623 304 1690 336 imo
1712 305 1775 336 toti

0 352 105 389 ando
127 353 236 387 bene
249 352 514 394 praesentiebat,
538 360 692 392 superare
716 350 863 383 dixerim.
901 350 946 382 Et
967 349 1050 382 lieet
1070 349 1246 382 drenlares
1268 351 1303 382 iu
1321 350 1411 382 coelo
1438 350 1599 382 motiones
1622 359 1773 383 nonnun-

0 407 83 442 pam
104 398 281 442 ungulam
303 399 463 442 quasdam
486 402 522 431 et
552 398 662 430 varias
696 397 819 440 figuras
850 401 952 440 atque
980 397 1189 439 utplurimum
1217 397 1375 440 oblongas
1399 398 1578 438 composito
1600 407 1660 429 suo
1682 403 1775 431 motu

0 445 116 480 neu·
136 448 261 480 curiose
284 446 415 489 singula
437 446 610 478 trutinauti
633 444 735 477 videri
759 445 903 485 possint:
929 444 967 476 lit
989 449 1102 477 tamen
1124 444 1161 476 id
1182 454 1244 486 per
1266 443 1421 477 accidens
1450 448 1484 475 et
1513 443 1667 477 abhorret
1689 446 1774 478 ratio

0 494 28 527 lb
47 493 112 526 lue
135 495 365 536 suppositione.
416 492 551 535 Oportet
574 492 662 524 enim
686 493 816 524 omnino
841 502 881 524 ex
905 491 1113 524 circularibus
1137 493 1287 533 componi
1307 496 1466 524 astrorum
1492 492 1664 526 circuitus.
1691 492 1776 525 alias

0 546 137 583 erp-m
159 541 363 574 uniformiter
386 545 422 573 et
443 539 658 582 aequabiliter
681 540 715 571 in
739 549 775 571 se
799 549 864 571 non
888 543 1091 572 revertentur
1113 544 1148 572 et
1170 539 1412 581 perennitatem
1428 539 1639 570 frustrabant
1672 539 1773 572 Prae·

0 588 354 632 aquamquodminus
377 587 539 630 simplices
561 588 732 629 magisque
756 585 930 618 nomalae
953 591 1061 624 eraut,
1084 596 1147 619 uec
1171 587 1272 619 etiam
1296 583 1465 619 doctrinae
1489 591 1524 618 et
1546 587 1619 618 usui
1645 595 1773 619 accom-

0 636 110 669 aodae.
157 635 212 668 De
236 633 263 677 Q
286 645 354 668 nou
377 640 429 668 est
452 644 511 667 eur
533 634 645 666 doleas
677 636 748 675 ejus
771 634 901 666 stellam
925 643 949 666 a
970 644 1023 665 me
1046 643 1112 666 non
1136 643 1210 666 esse
1233 634 1459 670 observatam.
1494 638 1554 665 aut
1577 634 1663 676 quod
1688 634 1775 667 idem

0 691 56 716 mn
70 683 250 725 coperuieo
273 683 309 715 iu
333 684 403 723 eius
425 682 661 724 phaenomenis
685 681 895 714 ostendendis
914 681 1132 722 praetendere
1147 681 1255 713 velim.
1293 680 1390 713 Licet
1414 679 1500 713 euim
1526 689 1547 712 a
1565 679 1649 713 Solis
1673 681 1774 714 radiis

0 731 144 763 nissim-
167 728 380 772 digrediatur,
405 734 440 762 et
462 729 648 761 inclinatior
672 728 760 783 apud
777 738 837 760 nos
852 730 886 760 in
903 728 1017 760 Dauia
1033 729 1076 760 sit
1091 728 1244 770 sphaera,
1269 737 1368 771 quam
1385 728 1564 770 Frueburgi
1579 729 1612 760 in
1630 728 1773 766 Prusfia,

0 777 36 810 h
50 778 131 810 vixit
145 777 355 820 Caper-niem.
378 776 551 819 pluresque
565 785 657 808 mare
674 777 765 808 circa
778 776 920 808 insulam
935 776 1149 808 habitationis
1171 781 1307 808 nostrae
1331 776 1478 808 emiserit
1501 784 1651 817 vapores,
1676 785 1775 819 quam

0 824 132 857 Fistula:
155 824 300 867 plurimis
322 828 435 856 tamen
459 824 592 861 vicibus,
616 825 681 855 imo
705 833 790 865 peue
813 823 949 867 singulis
973 824 1079 860 annis,
1105 823 1182 855 dum
1205 823 1240 855 in
1256 822 1462 866 Uraniburgo
1481 827 1592 855 nostro
1615 823 1775 856 sideribus

0 872 194 915 vigum
218 877 288 905 tum
312 881 391 904 eous
414 880 514 914 quam
535 871 739 912 vespertinus
763 875 920 903 accurate
943 879 965 902 a
987 871 1081 903 nobis
1105 871 1242 903 coelitus
1266 870 1461 903 denotatus:
1485 874 1525 903 ut
1547 880 1655 912 neque
1676 870 1774 912 huius

0 920 75 956 stri.
97 923 173 952 utet
194 919 358 952 rarissime
380 923 508 960 pateat,
534 923 569 950 et
590 918 701 950 multis
726 918 926 950 anfractibus
952 918 996 950 sit
1017 918 1201 955 obnoxium,
1225 927 1284 950 uos
1308 918 1423 960 fugere
1445 918 1548 959 possit
1572 919 1692 951 semita
1714 927 1772 950 ue

0 974 146 1009 nquam
167 967 211 999 ab
233 966 371 999 aliorum
394 966 499 998 dubiis
522 965 867 1002 aniiuadversionibus.
892 966 940 997 uti
964 970 1098 998 coactus
1122 969 1175 998 est
1191 964 1400 1007 Copernhus,
1423 963 1616 997 mutuanda.
1658 965 1712 999 De
1738 959 1771 1006 Ω

0 1018 140 1056 Ι-ιιιιιιιι
159 1013 321 1047 hacteuus
342 1014 562 1068 pervestigare
586 1012 695 1050 licuit,
720 1019 844 1045 certum
868 1018 938 1047 est.
963 1014 1036 1053 eius
1060 1022 1243 1056 apogaeum
1266 1022 1333 1044 non
1355 1012 1493 1045 multum
1519 1022 1541 1044 a
1565 1012 1672 1046 Solsri
1695 1017 1770 1046 ant-

0 1070 103 1095 aeum
123 1062 294 1100 removeri,
318 1055 414 1094 alite‘r
437 1070 534 1103 quam
556 1061 660 1092 sensit
684 1059 898 1101 Coperuicus,
922 1069 984 1092 uec
1009 1060 1115 1092 eidem
1138 1065 1251 1092 tamen
1274 1059 1373 1102 plane
1396 1060 1498 1097 uniri,
1522 1063 1560 1092 ut
1583 1059 1771 1104 Albateguii

0 1109 164 1142 titutione
186 1107 299 1141 volunt
320 1106 641 1150 Alpbonsinae.1n
666 1108 912 1140 eccentricitate
934 1111 1048 1140 tamen
1074 1109 1143 1148 ejus
1175 1117 1242 1139 non
1274 1111 1326 1139 est
1357 1116 1418 1149 par
1447 1107 1549 1146 ratio,
1584 1117 1663 1140 nam
1697 1117 1772 1140 eam

0 1151 83 1188 'ulto
104 1157 263 1188 minorem
286 1154 391 1188 Solari
416 1154 626 1196 deprehendi
663 1155 716 1187 An
739 1155 905 1187 mutabilis
928 1156 983 1192 sit,
1006 1155 1151 1187 nondum
1174 1155 1321 1192 dixerirn‚
1345 1154 1403 1187 sed
1427 1163 1493 1187 non
1517 1152 1715 1198 magnopere
1738 1155 1771 1188 id

0 1202 135 1237 tubabit
153 1202 207 1235 vel
227 1202 423 1244 nummis
445 1207 505 1234 tua
527 1211 586 1243 per
608 1211 644 1234 se
667 1203 840 1244 ingeniosa
861 1202 1046 1234 ratiocinia.

74 1250 103 1282 E
126 1250 226 1283 stella
244 1250 348 1292 polari
371 1249 423 1281 vel
446 1250 559 1292 quavis
583 1249 651 1281 alia
671 1249 834 1282 subtiliter
857 1259 982 1286 eruere,
1007 1259 1051 1282 au
1076 1249 1162 1281 orbis
1186 1258 1315 1281 annuus
1330 1248 1453 1281 Teme
1478 1248 1691 1290 aCopernico
1715 1259 1770 1282 ex·

0 1298 164 1340 agitatus.
197 1299 226 1329 si
246 1298 276 1330 is
299 1302 406 1334 esset,
440 1302 577 1330 octavae
607 1296 767 1338 sphaerae
791 1296 892 1328 stellis
918 1297 1154 1339 aliquantulam
1184 1297 1327 1328 insinuet
1354 1296 1557 1337 parallaain,
1587 1298 1659 1337 jam
1691 1302 1771 1330 ante

0 1345 113 1386 sepius
136 1348 172 1377 et
194 1344 366 1388 diligenter
389 1344 526 1385 experiri
549 1345 692 1383 tentavi,
721 1353 831 1376 verum
855 1344 934 1376 nibil
960 1343 1155 1384 eJuscemodi
1186 1343 1336 1386 diligenti
1366 1344 1460 1376 facta
1489 1343 1771 1378 animadversione

0 1396 142 1425 maenus
167 1393 318 1434 comperi.
365 1390 454 1423 Nam
486 1391 616 1423 stellam
646 1391 807 1432 polarem,
840 1401 1031 1433 quocunque
1063 1392 1141 1423 anni
1170 1395 1316 1432 tempore
1346 1399 1445 1432 supra
1473 1391 1524 1423 vel
1554 1391 1641 1423 infra
1662 1391 1772 1432 polum

0 1440 127 1472 'nuche
151 1439 369 1475 observatam,
394 1438 542 1470 adhibita
565 1438 711 1479 ejusdem
734 1438 776 1470 ab
799 1438 855 1470 illo
879 1440 1058 1470 remotione
1081 1447 1160 1470 vera
1183 1436 1285 1480 (quae
1308 1437 1371 1470 boc
1395 1447 1482 1470 anno
1501 1443 1553 1470 est
1577 1437 1617 1469 2²·
1630 1436 1687 1469 δι’
1702 1437 1770 1470 ¹⁰¹¹

0 1490 18 1520 t
38 1496 114 1519 uim
137 1483 177 1517 Β*
190 1483 245 1517 13¹
259 1483 328 1518 26⁶⁶
354 1485 389 1525 'Y‘
414 1490 449 1518 et
474 1486 534 1519 ὲ
561 1486 775 1518 meridianum
805 1495 903 1527 supra
936 1491 971 1518 et
1003 1486 1088 1517 infra
1115 1485 1225 1526 polum
1248 1482 1384 1525 transit)
1419 1485 1559 1518 eandem
1581 1486 1616 1518 in
1640 1485 1771 1519 dimidio

0 1533 141 1576 mlo.
164 1533 230 1565 imo
252 1534 341 1566 intra
362 1537 514 1576 quartam
537 1532 588 1565 vel
612 1539 739 1564 sextam
756 1534 827 1573 ejus
844 1537 971 1573 partem
995 1531 1181 1572 (subtiliora
1200 1532 1287 1564 risus
1303 1542 1370 1564 nou
1386 1530 1557 1572 discernit)
1581 1533 1771 1574 praebuisse

0 1580 46 1620 nt
67 1580 302 1613 sublimitatem
325 1580 551 1616 animadverti,
577 1580 663 1622 quod
687 1584 721 1611 et
745 1579 819 1613 Chr.
837 1579 1060 1617 Rotbmauno,
1084 1580 1138 1621 qni
1156 1579 1399 1621 Copernicaeae
1423 1580 1639 1621 speculationi
1661 1581 1769 1613 indul·

0 1624 63 1669 'pus
86 1628 210 1671 aliquid
233 1627 426 1660 discrimmis
448 1627 502 1659 hic
526 1628 659 1659 subesse
683 1628 835 1668 opinatus
860 1633 921 1663 est.
941 1627 1134 1667 J'amdudum
1158 1627 1310 1662 indicavi.
1333 1631 1372 1659 ut
1386 1626 1462 1660 hinc
1479 1627 1558 1660 nihil
1573 1629 1631 1669 pro
1647 1626 1768 1670 Ceper-

0 1675 56 1710 Ιοο
77 1679 136 1707 tuo
160 1673 270 1716 (cnjus
294 1676 489 1708 concinnam
514 1679 548 1706 et
571 1676 775 1718 ingeniosam
798 1675 1055 1716 speculationem
1081 1674 1163 1706 alias
1189 1674 1342 1706 admirari
1360 1679 1394 1706 et
1410 1674 1641 1716 depraedicare
1664 1673 1769 1716 soleo)

0 1723 101 1757 nendo
123 1723 288 1755 residuum
309 1724 353 1754 ιιι
375 1722 492 1754 solatii.
542 1721 643 1754 Petas
667 1722 811 1758 aliunde,
836 1723 863 1753 si
879 1722 1019 1755 dabitur.
1060 1721 1126 1754 Sed
1149 1721 1190 1754 de
1214 1721 1264 1753 his
1290 1728 1390 1764 atque
1414 1722 1486 1754 aliis
1510 1722 1636 1764 plenius
1660 1728 1771 1755 tecum

0 1770 123 1818 wude
147 1775 183 1802 et
196 1769 402 1813 perlubenter
418 1778 528 1823 agam,
553 1769 709 1811 pluraque
735 1779 776 1801 ex
797 1770 878 1802 meis
902 1769 1159 1808 communicabo,
1185 1770 1214 1800 si
1236 1779 1301 1806 me,
1326 1770 1376 1800 uti
1400 1769 1569 1810 polliceris,
1595 1770 1771 1812 aliquando

0 1811 139 1870 punis.
161 1817 248 1860 quod
270 1817 330 1849 tibi
349 1818 420 1857 Jam
443 1818 550 1848 minus
574 1816 747 1848 molestum
770 1817 831 1848 erit
855 1825 952 1858 quam
977 1822 1094 1854 antea,
1120 1826 1195 1848 cum
1218 1817 1252 1848 in
1275 1816 1436 1848 Bohemia
1459 1826 1525 1848 non
1551 1817 1725 1849 admodum
1749 1827 1772 1851 a

0 1859 69 1902 &a
77 1863 218 1897 motu
239 1874 328 1896 nune
350 1864 445 1895 sedes
468 1863 614 1895 Uraniae
637 1873 739 1895 novas
762 1863 897 1901 fuerim,
922 1868 1021 1904 atque
1044 1864 1078 1895 in
1104 1872 1180 1895 arce
1204 1864 1400 1896 caesariana
1423 1863 1604 1901 Benacbia,
1629 1865 1770 1906 quinque

0 1911 170 1966 filialibus
192 1910 305 1954 Praga
325 1916 462 1946 remota,
486 1910 642 1943 habitem.
678 1910 766 1942 Nam
790 1921 843 1943 me
866 1920 887 1942 a
910 1920 1069 1943 caesarea
1091 1912 1266 1951 maiestate
1292 1911 1356 1942 huc
1380 1920 1399 1943 e
1423 1911 1602 1943 Germania
1625 1911 1769 1944 clemen·

127 1963 281 1992 vocatum
299 1964 335 1992 et
350 1959 580 2001 benignissime
597 1968 637 1991 ac
653 1958 829 1990 liberaliter
844 1963 1010 1999 receptum
1027 1968 1110 1996 esse,
1137 1963 1171 1990 te
1195 1958 1237 1990 ab
1262 1958 1335 1990 aliis
1355 1960 1427 1998 jam
1451 1963 1554 1991 autea
1576 1961 1768 2002 cognovisse

0 2015 118 2049 μςιιο
143 2006 310 2038 dimidium
329 2008 400 2047 jam
424 2015 546 2038 annum
570 2005 623 2037 hic
648 2003 839 2045 subsistam)
864 2006 1022 2038 existimo.
1047 2004 1157 2037 Nolim
1180 2009 1293 2037 tamen
1316 2010 1356 2037 ut
1377 2006 1527 2038 fortunae
1551 2008 1712 2048 asperitas
1735 2012 1770 2040 te

0 2051 41 2089 be
62 2053 222 2086 accedere
246 2053 430 2095 compellat,
455 2053 514 2085 sed
537 2054 643 2094 potius
667 2053 834 2085 arbitrium
857 2054 1018 2095 proprium
1042 2058 1077 2085 et
1102 2061 1181 2095 erga
1205 2053 1389 2085 communia
1413 2053 1523 2085 studia
1546 2063 1638 2086 amor
1661 2059 1696 2087 et
1719 2055 1769 2087 af-

0 2094 86 2138 ‘ffic-
134 2101 297 2143 Quicquid
319 2106 431 2133 tamen
454 2100 488 2132 id
511 2101 583 2137 erit,
614 2101 760 2132 invenies
784 2110 836 2132 me
862 2110 927 2132 nou
951 2101 1121 2135 fortunae
1146 2100 1379 2142 qualiscunque
1412 2100 1471 2132 illa
1500 2102 1560 2138 sit,
1594 2101 1654 2134 sed
1678 2106 1770 2134 tuum

0 2149 136 2184 niem
159 2148 216 2190 qui
238 2150 340 2180 etiam
362 2149 397 2180 in
421 2148 560 2179 adversa
582 2152 669 2179 sorte
694 2157 752 2179 suo
777 2148 911 2179 consilio
935 2152 970 2179 et
993 2148 1112 2179 auxilio
1129 2147 1187 2178 tibi
1210 2157 1417 2190 nequaquam
1442 2150 1486 2179 sit
1508 2148 1689 2185 defuturus,
1712 2149 1771 2182 sed

0 2196 88 2237 prius
110 2199 145 2227 te
170 2195 214 2227 ad
236 2197 361 2237 optima
382 2204 530 2237 quaeque
552 2200 766 2236 promoturus.
815 2195 859 2226 Et
882 2196 910 2226 si
933 2200 1059 2227 mature
1085 2196 1281 2232 accesseris.
1316 2204 1375 2227 eas
1404 2195 1487 2228 forte
1511 2197 1656 2229 rationes
1679 2198 1769 2229 inre·

0 2251 118 2279 ιιαιιιιε.
142 2241 257 2284 quibus
279 2243 339 2275 tibi
362 2247 397 2274 et
419 2243 484 2274 tuis
508 2243 543 2273 ιιι
565 2248 731 2283 posterum
753 2243 872 2274 rectius
896 2252 994 2284 quam
1019 2246 1119 2274 antea
1144 2242 1326 2274 consultum
1349 2243 1422 2274 erit.
1470 2242 1556 2276 Vale
1579 2242 1639 2276 aze.

0 2302 1 2323 l
73 2288 251 2322 Debentur
271 2289 462 2322 Benachiae
485 2289 553 2321 sive
577 2289 727 2321 Venetiis
751 2289 967 2322 Bohemorum
992 2289 1022 2322 d.
1049 2287 1069 2319 9
1095 2288 1179 2321 Dec.
1205 2293 1247 2321 st.
1272 2287 1435 2321 ιι.1599.

1300 2336 1361 2368 Τιιι
1386 2337 1630 2370 amantissimus

1282 2383 1323 2415 T.
1344 2385 1387 2417 Β.
1411 2394 1515 2427 mppr.
1541 2386 1665 2426 scripsi.

11 2503 12 2506 ,
32 2458 38 2473 ³*
74 2478 198 2518 Quibus
221 2476 419 2517 interpositis
442 2474 584 2506 redimus
609 2474 651 2506 ad
674 2474 784 2507 literas
808 2475 943 2517 Kepleri
967 2480 1002 2507 et
1025 2475 1193 2508 Maestlini
1214 2480 1356 2509 mutuas.
1447 2430 1982 2484 &M

72 2523 266 2558 Haestlinus
290 2523 333 2555 ad
356 2523 467 2554 literas
491 2521 627 2562 Kepleri
652 2519 702 2561 (d.
727 2520 747 2552 9
773 2522 854 2554 Dec.
883 2520 994 2559 1598,
1019 2533 1048 2554 v.
1074 2532 1100 2554 s.
1124 2533 1157 2564 p.
1184 2521 1263 2562 39).
1288 2524 1404 2566 quibus
1429 2524 1653 2564 calamitates,
1679 2534 1766 2566 quae

6 2592 9 2593 ν
38 2566 47 2572 ”
73 2571 240 2614 Styriacos
263 2570 400 2603 Lutheri
425 2569 500 2601 fidei
525 2568 671 2600 addictos
697 2570 824 2611 agitare
847 2570 1049 2611 inceperunt,
1075 2570 1197 2607 refert,
1222 2570 1273 2602 his
1295 2571 1486 2612 respondit:
1523 2573 1656 2603 Annum
1679 2571 1767 2604 hune

7 2608 58 2658 ’γρ
97 2618 186 2652 01.
210 2619 367 2661 largiatur
389 2617 483 2648 uobis
506 2616 634 2647 felicem
658 2620 693 2646 et
715 2626 919 2657 prosperum,
954 2627 1017 2658 quo
1046 2627 1107 2648 uos
1136 2618 1179 2649 ab
1201 2618 1447 2651 imminentibus
1470 2619 1564 2650 malis
1589 2619 1768 2651 clementer

97 2668 105 2676 ·
147 2691 156 2698 ,
206 2666 259 2698 De
282 2666 391 2708 gratia
413 2666 514 2706 ipsius
538 2672 648 2694 sumus
672 2663 801 2703 quidem
826 2665 917 2700 certi,
942 2663 1001 2695 sed
1024 2665 1182 2706 quomodo
1206 2674 1281 2697 eam
1305 2665 1482 2707 dispenset,
1505 2666 1662 2698 videmus.
1694 2665 1765 2699 Ira-

28 2710 38 2715 *
83 2715 170 2747 euim
204 2714 326 2745 vultum
353 2712 445 2744 Deus
477 2720 577 2752 saepe
610 2710 757 2748 simulat,
795 2715 830 2742 et
860 2712 1011 2752 ingentes
1044 2711 1251 2744 calamitates
1273 2713 1365 2744 nobis
1394 2713 1526 2752 objicit,
1561 2717 1599 2744 at
1623 2713 1765 2746 clemen·

90 2760 106 2797 7·
146 2762 215 2803 ipse
229 2766 333 2816 'pater
355 2759 494 2836 glorios?i
516 2768 575 2789 uos
599 2757 676 2836 {iude
699 2756 827 2835 liberat.
875 2757 984 2836 lzsum
1007 2768 1083 2801 ergo
1109 2769 1253 2837 o'remuls,
1287 2764 1325 2790 ιιι
1335 2806 1342 2813 .
1345 2760 1396 2836 gt
1417 2759 1492 2800 quid
1525 2759 1766 2839 adrglrsifinobis

13 2824 17 2881 Τ
68 2823 85 2831 ''
107 2808 575 2897 3ἓέῖωῖᾚέὲὲ
592 2813 1056 2885 ssffiffiefizimmmffl
1069 2815 1542 2893 sammaa?
1565 2817 1585 2838 '
1673 2814 1765 2841 ''m“

20 2914 21 2917 ’
38 2901 206 2935 utem
227 2908 303 2933 tuas
324 2899 405 2936 lieri,
429 2904 600 2941 postquam
613 2899 737 2939 vesperi
757 2908 796 2930 ex
815 2898 951 2940 collegio
968 2908 1113 2931 reversus
1131 2909 1213 2934 sum,
1239 2900 1362 2940 accepi.
1399 2899 1439 2931 In
1462 2900 1529 2932 flue
1552 2909 1666 2934 earum
1689 2899 1764 2943 (eas

15 2980 18 2992 ,
140 2949 275 2991 negotia
305 2958 370 2980 non
399 2947 569 2979 confestim
596 2945 762 2987 perlegere
790 2950 824 2977 et
852 2945 1017 2978 absolvere
1044 2944 1151 2987 potui)
1179 2947 1326 2983 invenio,
1357 2946 1442 2988 quod
1466 2947 1636 2981 consilium
1656 2959 1764 2984 rerum

14 2992 17 3000 ¹
134 3005 158 3028 a
177 2995 313 3037 collegio
336 2999 444 3026 nostro
469 2998 504 3026 et
526 2994 669 3035 inprimis
693 3002 716 3024 a
738 2992 781 3024 D.
802 2991 1027 3024 Hafenreffero
1055 2994 1150 3034 petis.
1191 2992 1299 3032 Quam
1321 2994 1630 3035 petitionem'hodie
1653 3006 1762 3034 mane,

14 3034 19 3064 9
128 3060 131 3068 ι
183 3048 247 3075 -uu-
262 3046 407 3078 senatus,
431 3050 609 3082 proponere
632 3040 673 3072 iis
697 3040 794 3076 volui,
820 3039 879 3071 sed
894 3039 1037 3080 pluribus
1053 3040 1256 3072 obstantibus
1272 3042 1538 3082 occupationibus
1560 3042 1639 3076 nihil
1663 3053 1763 3086 agere

15 3102 18 3113 ·
71 3124 79 3132 Ὗ,
131 3089 323 3126 Differenda
344 3089 445 3131 igitur
466 3087 545 3120 mihi
568 3088 631 3120 fuit
653 3087 820 3119 literarum
842 3088 1033 3119 monstratio
1057 3096 1159 3129 usque
1182 3091 1256 3129 pom
1277 3088 1456 3125 meridiem,
1480 3090 1637 3131 siquidem
1662 3092 1763 3123 etiam

66 3133 75 3141 ¹
275 3141 347 3176 tum
369 3135 593 3172 conferebam,
617 3134 804 3173 videbatur,
829 3134 1035 3180 tabellarium
1057 3143 1184 3177 quoque
1207 3134 1337 3180 dimidio
1366 3135 1429 3168 hoc
1453 3135 1526 3175 die,
1555 3137 1643 3170 ultra
1664 3147 1763 3179 quam
