2028 3242
187 40 268 83 120
866 39 1015 80 Mysterii
1042 38 1310 82 cosmographici

181 150 271 185 tias:
315 150 401 184 item
431 147 589 194 angulos
618 146 1006 191 prosthaphaereseon
1035 147 1232 180 earundem
1261 145 1297 180 in
1333 146 1421 180 orbe
1450 156 1586 206 magno
1615 146 1774 182 Telluris
1802 148 1996 182 secundum

182 201 403 238 sententiam
432 199 691 245 Copernici.
1933 224 1940 229 ,

287 256 376 289 Tab.
411 255 469 288 11.
500 253 570 287 sic:
614 253 760 287 Tabula
789 252 833 286 11.
878 252 1057 287 exhibens
1095 252 1255 287 ordinem
1304 252 1546 296 sphaerarum
1578 252 1813 294 coelestium,
1854 256 1895 287 et
1929 257 1997 287 ut-

181 319 363 354 cunque
391 306 665 353 proportionem
686 305 825 340 orbium
854 309 893 339 et
913 305 1170 351 epicyclorum,
1201 309 1313 350 atque
1333 305 1492 350 angulos
1511 305 1572 339 vel
1599 315 1706 340 arcus
1725 306 1998 351 prosthaphae-

180 373 311 397 reseon
339 361 555 400 eorundem,
580 358 696 403 juxta
724 358 860 393 medias
889 358 1097 399 distantias,
1129 360 1325 393 secundum
1352 362 1562 392 veterum
1591 358 1825 394 sententiam.

287 415 344 448 Ad
373 414 467 448 tab.
504 413 561 447 10,
594 413 688 447 haec
718 411 906 457 adscripta
934 416 1037 446 sunt:
1081 413 1121 446 In
1151 415 1298 452 centr0,
1329 412 1388 445 vel
1417 422 1553 456 prope,
1596 415 1656 446 est
1683 411 1762 447 Sol
1790 411 1997 448 immobilis.

182 468 244 503 EF
272 466 428 502 circulus
458 460 502 507 ζέ,
533 466 594 511 qui
621 464 830 500 restituitur
858 465 984 499 diebus
1015 464 1065 500 88
1095 466 1185 500 fere.
1245 465 1307 499 CD
1328 469 1386 499 est
1415 464 1571 499 circulus
1602 462 1652 509 Q,
1683 464 1788 510 cujus
1815 465 1998 500 revolutio

184 521 281 556 circa
311 517 352 558 Θ
385 524 443 554 est
471 519 609 554 dierum
631 519 709 553 224
738 530 815 553 cum
836 519 955 553 besse.
1012 519 1077 552 AB
1099 518 1257 553 circulus
1280 512 1333 559 ὦ,
1365 517 1469 562 cujus
1489 516 1672 553 revolutio
1698 517 1836 554 dierum
1857 514 1996 556 365'1'..

181 574 326 610 Dicitur
356 572 489 608 Orbis
518 573 714 618 Magnus
743 575 896 616 propter
923 583 1028 606 usum
1058 571 1308 616 multiplicem.
1367 571 1473 606 Circa
1502 565 1534 613 ὃ
1564 574 1623 606 est
1651 571 1856 612 orbiculus,
1895 573 2000 607 velut

187 627 392 673 epicycluS,
423 627 608 671 sphaerae
637 625 795 660 Lunaris
825 626 870 659 ad
898 627 951 666 A,
983 626 1108 659 eodem
1137 628 1237 659 motu
1266 635 1333 669 per
1363 624 1448 659 anni
1479 624 1639 672 spatium
1667 635 1749 659 cum
1777 618 1810 666 ὃ
1839 626 1886 660 ad
1913 636 2000 660 ean-

185 683 266 715 dem
307 680 455 714 stellam
491 680 603 714 fixam
639 678 796 713 rediens.
852 678 922 712 Sed
952 678 1032 722 ejus
1073 677 1225 723 propria
1261 677 1442 712 revolutio
1478 679 1523 712 ad
1555 673 1598 715 Θ
1629 677 1746 712 habet
1779 677 1856 712 dies
1887 675 1998 718 29¹l,.

186 735 256 769 GH
284 737 342 768 est
372 732 468 767 orbis
491 730 543 774 d,
575 732 635 777 qui
664 743 806 766 cursum
835 743 945 766 unum
975 732 1042 766 sub
1071 730 1190 765 stellis
1219 731 1302 765 fixis
1333 730 1409 765 sive
1438 732 1485 765 ad
1507 727 1548 769 Θ
1581 730 1742 766 absolvit
1760 730 1887 766 diebus
1909 731 1999 767 68¹7.

184 789 292 822 Hunc
329 785 470 831 excipit
509 790 594 830 post
624 796 796 832 magnum
833 785 1067 819 intervallum
1098 785 1169 824 IK,
1210 784 1372 829 sphaera
1400 787 1450 827 Ἃ,
1489 785 1631 820 habens
1663 783 1838 819 ambitum
1864 784 2002 820 dierum

185 836 338 878 4332⁶s,
371 839 458 874 fere.
513 839 583 873 LM
613 843 670 874 est
698 837 735 880 t,
766 838 869 887 cujus
899 842 1041 882 tempus
1070 837 1291 883 periodicum
1321 837 1458 873 dierum
1490 833 1678 876 1075951‘5.

291 893 407 927 Fixae
427 903 514 926 vero
547 893 681 927 stellae
702 893 820 927 adhue
853 895 928 926 tam
960 891 1222 926 inaestimabili
1243 891 1440 926 intervallo
1462 891 1614 926 altiores
1635 894 1732 933 sunt,
1765 892 1810 925 ut
1838 892 1886 926 ad
1905 902 2000 935 eam,

185 957 279 994 quae
309 950 367 980 est
398 946 493 980 inter
524 942 566 983 Θ
600 950 639 980 et
671 940 727 987 ὦ,
761 945 996 991 intercapedo
1029 945 1212 980 sensibilis
1244 957 1315 980 non
1346 945 1405 980 sit.
1461 946 1511 980 Et
1541 956 1609 980 eae
1638 949 1724 980 sunt
1755 943 1793 979 in
1822 951 2001 990 extremo,

185 1001 279 1035 sicut
311 996 352 1037 Θ
384 999 420 1033 in
450 1003 594 1040 centro,
625 999 771 1044 penitus
802 998 1012 1033 immobiles.

291 1053 463 1099 Angulus
495 1053 615 1094 TGV,
650 1053 709 1086 vel
742 1063 848 1087 arcus
869 1053 943 1093 TV,
977 1051 1450 1097 prosthaphaeresis
1483 1055 1557 1093 est,
1598 1051 1676 1087 sive
1705 1053 2002 1098 parallaxis,

186 1118 294 1154 quam
327 1106 426 1141 orbis
458 1116 615 1151 magnus
649 1106 681 1153 ὃ
716 1107 761 1140 ad
794 1106 992 1151 sphaeram
1022 1103 1054 1142 ὀ
1087 1106 1215 1140 habet.
1272 1105 1332 1140 Sic
1350 1106 1433 1141 PIN
1461 1108 1520 1139 est
1552 1104 1716 1149 ejusdem
1748 1106 1846 1141 orbis
1877 1107 2003 1154 magni

190 1160 400 1207 parallaxis
422 1161 467 1194 ad
489 1159 685 1204 sphaeram
706 1157 752 1199 Ἳ,
788 1163 826 1193 et
846 1158 958 1200 PLN,
992 1159 1068 1194 sive
1088 1159 1146 1194 RS
1177 1170 1303 1199 arcus,
1338 1160 1385 1193 ad
1415 1158 1612 1204 sphaeram
1630 1161 1662 1198 B.
1719 1159 1778 1194 Ita
1795 1160 1910 1202 XAY,
1943 1161 2003 1195 vel

187 1214 256 1249 XY
289 1224 413 1254 arcus,
458 1216 515 1246 est
555 1212 763 1257 parallaxis
799 1206 852 1254 ὃ,
893 1215 935 1247 ut
967 1216 1006 1247 et
1038 1212 1164 1253 ZAAE,
1203 1213 1263 1246 vel
1296 1212 1389 1254 ZAE,
1433 1212 1615 1257 sphaerae
1647 1210 1675 1254 Q
1714 1213 1924 1258 parallaxis
1957 1215 2003 1248 ad

186 1268 310 1302 orbem
336 1276 520 1311 magnum.

300 1320 403 1359 Quae
437 1318 632 1363 adscripsit
650 1318 837 1362 Keplerus
870 1318 1068 1352 tabulae
1093 1319 1150 1353 11.
1184 1318 1276 1352 haec
1302 1321 1405 1353 sunt:
1441 1318 1488 1352 In‘
1513 1321 1638 1353 centro
1659 1311 1692 1360 ὃ
1725 1322 1794 1360 est,
1827 1318 1909 1354 sola
1940 1318 2002 1354 im—

186 1372 340 1408 mobilis.
370 1372 521 1406 Intimus
543 1371 640 1406 circa
654 1366 686 1413 ὦ
709 1370 892 1406 orbiculus
907 1367 1035 1406 Lunae
1050 1372 1247 1417 sphaeram
1260 1374 1530 1416 repraesentat,
1547 1371 1650 1416 cujus
1663 1375 1783 1407 motus
1796 1375 2003 1408 menstruus

188 1431 258 1461 est.
317 1427 424 1460 Hanc
455 1425 620 1470 proxime
655 1423 682 1465 {j
714 1424 811 1459 orbis
844 1424 1060 1459 circumdat:
1101 1436 1206 1471 quem
1238 1424 1404 1470 sequitur
1434 1418 1486 1465 Q,
1519 1427 1559 1458 et
1589 1429 1722 1470 postea
1753 1421 1796 1463 Θ
1830 1425 2002 1471 sphaera,

189 1490 313 1514 annua
333 1490 455 1513 omnes
477 1477 713 1512 conversione
733 1478 927 1512 volubiles,
984 1477 1219 1524 Reliquorum
1241 1478 1349 1512 trium
1369 1477 1606 1524 superiorum,
1640 1475 1673 1516 d
1686 1505 1695 1520 ,
1728 1477 1775 1520 ᾙ,
1808 1477 1849 1520 Β,
1883 1479 2002 1520 orbes,

190 1534 347 1568 fixarum
367 1543 509 1577 quoque
532 1531 726 1565 stellarum
757 1531 964 1575 sphaeram,
983 1542 1117 1572 -arcus,
1152 1543 1240 1577 quos
1270 1531 1368 1566 circa
1388 1527 1420 1573 ὦ
1461 1541 1527 1566 ceu
1553 1535 1716 1567 centrum
1747 1531 1913 1578 integros
1941 1533 2003 1567 de-

191 1585 350 1620 scribere
386 1588 425 1618 et
456 1585 638 1629 complere
672 1583 823 1629 quisque
854 1588 990 1630 potest,
1024 1585 1195 1619 indicant.
1253 1583 1286 1622 ὁ
1308 1584 1405 1619 orbis
1436 1583 1581 1620 biennio
1611 1584 1857 1625 convertitur,
1890 1583 1920 1624 21
1939 1597 2004 1621 an-

187 1650 252 1674 nos
277 1638 322 1673 12
345 1649 451 1683 quam
471 1637 637 1683 proxime
657 1637 820 1682 requirit,
851 1641 890 1672 et
920 1635 939 1677 15
960 1637 1036 1672 fere
1058 1637 1106 1673 30
1129 1649 1256 1672 annos.
1311 1638 1427 1672 Fixae
1448 1637 1582 1672 stellae
1611 1638 1742 1674 49000
1763 1637 1866 1673 anuis
1889 1638 2006 1684 juxta

187 1691 497 1736 Alphonsinorum
529 1690 669 1735 placita
698 1690 884 1735 periodum
916 1691 1128 1726 restituunt.
1188 1691 1355 1731 Quantas
1387 1690 1614 1738 singulorum
1648 1689 1816 1737 (praeter
1835 1686 1892 1736 D)
1926 1691 2004 1737 epi-

189 1744 282 1790 cycli
302 1744 339 1778 in
360 1743 587 1778 concentrico
609 1743 743 1777 circulo
763 1744 1120 1788 prosthaphaereses
1154 1744 1189 1778 in
1209 1744 1335 1779 mediis
1356 1743 1540 1779 distantiis
1573 1744 1724 1787 faciant,
1757 1755 1864 1780 arcus
1894 1744 2005 1780 rectis

188 1810 236 1832 ex
258 1792 289 1839 ὦ
321 1797 438 1831 ductis
471 1801 509 1831 et
538 1796 722 1842 epicyclos
753 1796 917 1842 singulos
948 1797 1188 1843 tangentibus
1221 1797 1427 1843 intercepti,
1463 1797 1594 1832 additis
1621 1800 1803 1844 graduum
1833 1797 2004 1839 numeris,

188 1854 404 1885 monstrant.

296 1901 335 1944 h)
370 1904 449 1937 Hoc
478 1903 594 1937 coacti
629 1906 714 1937 sunt
747 1905 913 1937 statuere
945 1907 1126 1944 auctores,
1166 1903 1279 1937 ceteri
1313 1904 1356 1937 de
1387 1902 1482 1944 Sole,
1517 1903 1738 1949 Copernicus
1770 1905 1815 1939 de
1845 1904 2006 1943 Tellure,

191 1957 277 2002 quia
308 1956 454 1990 nimium
486 1956 652 1990 tribuunt
686 1955 1004 1990 observationibus
1037 1955 1242 2001 Hipparchi
1275 1960 1314 1991 et
1341 1956 1562 1991 Ptolemaei:
1596 1958 1659 1992 sed
1692 1968 1787 2002 quae
1818 1967 1892 1992 non
1921 1961 2008 1992 suut

190 2014 320 2044 tantae
356 2008 594 2049 subtilitatis,
634 2013 676 2043 ut
709 2011 843 2054 dogma
873 2009 970 2043 tanti
1001 2009 1171 2043 momenti
1203 2009 1321 2054 possit
1350 2009 1392 2043 iis
1432 2009 1742 2054 superaedificari.
1806 2011 1938 2056 Itaque
1969 2010 2007 2045 in

191 2062 467 2098 Commentariis
501 2061 727 2096 Martialium
760 2062 1051 2106 speculationum
1093 2066 1131 2096 et
1170 2062 1233 2096 lib.
1266 2063 1328 2097 VI.
1361 2062 1550 2107 Epitomes
1593 2067 1701 2108 parte
1733 2064 1760 2099 Ι.
1801 2063 2007 2109 opinionem

191 2116 300 2150 istam
329 2119 370 2158 ut
403 2115 580 2159 physicae
601 2115 752 2149 coelesti
772 2115 951 2150 inimicam
971 2116 1162 2150 admodum
1178 2111 1335 2150 fidenter
1355 2114 1479 2159 rejeci,
1510 2117 1662 2151 necdum
1682 2117 1770 2151 cedo
1801 2116 2005 2157 sententia3

192 2168 397 2202 evidentem
426 2167 713 2202 imbecillitatem
744 2167 965 2212 opinationis
994 2169 1104 2213 hujus
1135 2168 1223 2203 alibi
1253 2169 1523 2204 demonstrabo.

299 2217 328 2264 i)
361 2221 443 2255 Non
465 2222 556 2267 quod
578 2220 716 2266 triplex
738 2221 815 2265 ipse
836 2221 895 2262 sit,
917 2223 980 2256 sed
1002 2222 1088 2267 quia
1106 2233 1199 2256 unus
1221 2226 1260 2256 et
1278 2221 1371 2256 idem
1397 2221 1563 2257 existens
1590 2222 1664 2257 tria
1683 2222 1858 2258 distincta
1877 2223 2005 2263 habet,

195 2285 288 2320 quae
309 2274 459 2320 singula
479 2285 563 2308 suos
584 2273 803 2319 multiplices
825 2286 912 2309 usus
933 2279 972 2309 et
990 2274 1114 2309 munia
1133 2276 1275 2310 habent
1294 2275 1329 2309 in
1351 2275 1574 2310 astronomia
1591 2275 1806 2311 reformata.

302 2324 343 2369 k)
377 2328 415 2361 Id
437 2331 504 2367 est,
534 2327 698 2372 seposita
719 2327 1010 2362 consideratione
1031 2328 1328 2363 eccentricitatis.
1387 2329 1575 2369 Quaedam
1594 2328 1688 2364 enim
1718 2332 1889 2374 praestat
1908 2328 2006 2363 orbis

194 2380 263 2414 iste
285 2380 519 2421 eccentricus,
543 2392 612 2414 non
634 2381 715 2425 ipsa
736 2391 803 2415 sua
823 2380 1107 2423 eccentricitate,
1131 2383 1192 2416 sed
1213 2382 1279 2416 illa
1298 2383 1378 2416 sola
1396 2393 1447 2423 re,
1470 2383 1564 2428 quod
1585 2381 1682 2417 circa
1695 2382 1815 2418 Solem
1834 2381 2004 2417 vertitur.

301 2431 329 2476 l)
364 2434 512 2467 Coelum
531 2438 625 2478 puta
644 2434 771 2468 Lunae
794 2433 880 2476 (non
900 2435 1006 2469 Luna
1025 2445 1092 2480 per
1111 2431 1168 2479 se)
1190 2439 1228 2469 et
1248 2435 1372 2469 Tellus
1394 2435 1534 2470 habent
1559 2436 1713 2470 eundem
1731 2439 1867 2471 motum
1887 2438 2007 2470 trans-

196 2486 345 2521 lationis
378 2487 422 2520 de
455 2487 533 2521 loco
565 2486 739 2521 inlocum
771 2498 838 2532 per
869 2489 993 2522 orbem
1024 2499 1206 2534 magnum,
1242 2500 1332 2535 ergo
1365 2500 1444 2523 cum
1464 2499 1621 2534 semper
1639 2489 1754 2524 Terra
1781 2489 1862 2523 loco
1881 2488 2007 2522 eodem

197 2540 256 2580 sit,
288 2551 357 2585 quo
389 2540 468 2574 loco
499 2539 681 2574 invenitur
712 2544 751 2574 et
771 2541 911 2575 coelum
931 2541 1071 2581 Lunae,
1104 2542 1243 2576 coelum
1275 2541 1391 2587 igitur
1418 2542 1487 2576 hoc
1519 2541 1647 2576 Lunae
1679 2545 1718 2576 et
1742 2551 1810 2586 per
1836 2540 1872 2576 id
1902 2541 2010 2576 Luna

197 2593 280 2637 ipsa
311 2604 425 2628 causa
456 2593 597 2639 quidem
631 2594 722 2627 coeli
756 2594 809 2627 sui
852 2594 989 2629 nullam
1018 2595 1130 2629 talem
1169 2607 1216 2629 ex
1246 2600 1346 2630 motu
1375 2594 1532 2630 Telluris
1565 2593 1823 2640 apparentiam
1854 2593 2008 2640 suscipit

200 2650 316 2680 motus
350 2647 426 2687 sui,
472 2647 616 2692 qualem
650 2658 697 2681 ex
730 2647 865 2682 Terrae
898 2647 1143 2683 translatione
1174 2648 1238 2683 Sol
1269 2647 1442 2693 suscipit,
1479 2647 1559 2692 ipse
1588 2659 1678 2682 vere
1710 2647 1911 2693 quiescens.
1967 2647 2007 2682 Id

200 2710 304 2733 secus
339 2703 448 2740 esset,
484 2699 513 2733 si
535 2700 649 2734 Terra
677 2704 846 2744 promota
878 2701 1018 2735 coelum
1046 2702 1176 2736 Lunae
1209 2701 1415 2747 quiesceret
1446 2704 1512 2735 aut
1543 2704 1752 2735 moveretur
1782 2702 1826 2735 de
1857 2700 1938 2735 loco
1969 2699 2008 2734 in

200 2752 317 2785 locum
346 2757 445 2786 motu
474 2752 547 2787 alio
567 2752 759 2793 distincto;
793 2758 879 2788 tunc
899 2754 991 2788 enim
1023 2758 1140 2789 motus
1161 2753 1276 2789 centri
1297 2753 1454 2789 Telluris
1485 2763 1553 2798 per
1572 2752 1874 2800 imaginationem
1893 2752 2006 2788 etiam

201 2803 237 2837 in
269 2805 406 2839 coelum
439 2806 566 2839 Lunae
599 2805 927 2848 transcriberetur,
971 2811 1009 2842 et
1046 2807 1098 2842 sic
1129 2807 1241 2842 etiam
1273 2810 1390 2842 totum
1429 2806 1568 2841 coelum
1597 2807 1727 2843 Lunae
1764 2817 1831 2851 pro
1861 2805 2006 2841 ratione

203 2856 292 2889 situs
325 2858 378 2890 sui
407 2862 534 2902 posset
562 2860 816 2905 retrogradum
845 2860 957 2895 videri
987 2872 1059 2895 non
1087 2861 1203 2895 miuus
1233 2871 1339 2906 quam
1369 2860 1545 2905 planetae
1574 2859 1743 2905 quinque.

309 2906 360 2952 ω)
390 2911 472 2944 Duo
492 2910 551 2944 hic
571 2911 786 2953 innuuntur,
823 2913 980 2947 alterum
1000 2913 1120 2949 Solem
1141 2913 1258 2959 ipsum
1280 2913 1430 2953 attinet,
1465 2912 1621 2947 alterum
1647 2923 1695 2946 ex
1714 2911 1800 2946 Sole
1828 2911 2008 2946 redundat

204 2961 237 2994 in
266 2962 449 3006 planetas.
507 2964 740 2999 Ptolemaeus
762 2965 881 3000 Solem
908 2967 1066 3001 collocat
1097 2967 1132 3002 in
1165 2965 1377 3006 eccentrico‚
1411 2964 1651 2999 eccentricum
1683 2963 1836 2999 includit
1863 2964 2005 2998 duobus

205 3014 474 3055 d‹·ferentibus;
510 3017 729 3060 Copernicus
760 3018 924 3063 epicyclo
958 3020 1080 3065 affigit
1110 3020 1311 3065 planetam,
1351 3018 1554 3063 epicyclum
1586 3017 1826 3052 concentrico.
1882 3017 2006 3051 Ptole-

206 3077 329 3101 maeus
350 3067 472 3114 igitur,
502 3074 544 3102 ut
570 3079 742 3115 apog-aea
769 3076 994 3115 promoveat,
1026 3071 1274 3108 deferentibus
1307 3070 1381 3107 suis
1414 3070 1586 3109 attribuit
1616 3074 1752 3106 motum
1782 3068 2006 3116 peculiarem
