2028 3242
119 10 187 58 ff
227 0 403 63 }31''¹⁰'³⁴{
443 0 447 2 ’
567 0 587 65 ’Ξ
696 5 750 36 'J
794 0 903 51 ze«
927 0 1022 23 ,μς-ψη
1068 0 1102 16 μ
1151 3 1157 10 ,

172 129 258 175 244
899 126 1061 170 Apologia
1085 126 1250 168 Tychonis

172 237 437 292 hypotheseS,
471 234 557 274 sine
590 233 776 274 veritatis
808 233 1067 273 necessitate.
1131 232 1188 272 At
1227 231 1429 272 enimvero
1467 245 1540 272 nec
1579 234 1654 274 hoc
1690 234 1848 287 quidem
1878 233 1984 275 Urso

173 296 304 344 facile,
339 294 492 342 talium,
528 293 666 346 quales
699 293 786 345 ipse
818 292 1029 341 describit,
1065 292 1214 332 formas
1246 291 1438 344 plurimas
1470 292 1708 346 confingere.
1768 293 1875 334 Nam
1907 293 1984 332 etsi

172 369 248 396 non
293 359 425 398 curat,
470 365 642 392 veraene
687 353 786 401 sint,
834 352 919 392 vult
950 357 1084 391 tamen
1124 356 1168 390 ut
1210 356 1514 403 repraesentent
1552 352 1748 393 calculum
1784 357 1984 392 motuum:

171 415 274 467 quod
300 426 379 453 non
410 412 535 452 cuivis
567 411 709 451 obviae
742 417 785 451 et
814 411 980 451 fictitiae
1013 411 1226 463 hypothesi
1259 410 1469 462 contingit.

293 472 475 524 Septimo
509 471 691 510 sufficere
724 471 795 518 ait,
828 476 870 510 ut
902 470 1148 524 hypotheses
1169 469 1407 510 coelestium
1426 475 1605 510 motuum
1635 469 1790 510 calculo
1815 481 1985 522 respon-

174 533 309 581 deant,
344 531 440 572 licet
470 543 547 570 non
578 530 676 582 ipsis
711 529 896 570 motibus.
959 528 1145 569 Mirabile
1177 529 1334 581 dogma,
1369 528 1564 581 siquidem
1595 541 1708 569 mens
1726 529 1824 570 Ursi
1850 541 1902 570 ex
1924 527 1987 568 his

174 591 306 631 verbis
338 590 493 631 censeri
527 589 661 630 debet.
726 587 832 634 Quid
865 593 930 628 est
962 588 1101 640 igitur,
1135 588 1258 637 Urse,
1298 588 1503 628 calculus?
1565 587 1611 628 Si
1642 588 1771 628 bonus
1802 593 1868 628 est
1897 588 1986 628 cal-

172 651 284 691 culus
335 650 374 690 h.
409 662 444 689 e.
484 648 696 688 methodus
737 647 995 700 computandi
1049 647 1139 686 loca
1182 647 1376 695 siderum,
1429 653 1523 687 tunc
1568 660 1665 687 sane
1709 647 1885 688 motibus
1923 652 1988 687 est

173 722 370 750 consonus
404 714 445 748 et
476 721 527 747 ex
557 707 772 761 hypothesi
803 706 1036 753 exstruitur,
1070 718 1169 758 quae
1202 706 1341 746 itidem
1373 712 1438 747 est
1467 706 1642 747 motibus
1673 719 1861 748 consona.
1914 705 1987 747 Sin

174 769 262 822 quis
294 768 472 808 calculus
505 773 637 807 motus
670 779 746 805 non
780 770 1076 817 repraesentat,
1124 778 1248 818 aeque
1288 765 1415 805 fallax
1445 765 1617 805 habetur
1653 779 1701 806 ac
1745 765 1988 821 hypotheses

174 841 225 868 ex
257 827 399 880 quibus
432 826 701 866 derivabatur.
765 825 831 865 Ita
870 825 903 864 si
936 824 1051 864 nobis
1091 824 1146 864 nil
1185 837 1303 864 curae
1335 830 1418 875 est,
1465 829 1596 864 utrum
1635 825 1780 878 aliquis
1811 824 1987 865 calculus

172 887 346 927 motibus
378 885 633 938 respondeat,
668 884 765 923 nihil
792 897 888 923 sane
922 882 1102 935 impedit,
1137 897 1213 936 quo
1245 884 1373 923 minus
1405 883 1598 936 plurimas
1629 884 1825 936 fingamus
1856 884 1985 938 hypo-

172 946 330 994 theses,
379 945 483 997 quod
528 943 604 984 sibi
649 943 765 983 facile
811 942 1030 983 dictitabat
1067 943 1220 992 Ursus,
1267 942 1514 995 totidemque
1557 942 1799 984 calculorum
1837 944 1987 984 formas

172 1004 482 1052 constituamus,
517 1002 687 1042 vitiosas
719 1015 860 1054 nempe
895 1007 936 1041 et
967 1016 991 1042 a
1022 1002 1135 1042 coelo
1168 1002 1366 1042 dissonas.
1430 1002 1567 1042 Macte
1601 1002 1702 1043 Urse
1734 1003 1811 1043 hac
1842 1003 1986 1043 inven-

172 1065 324 1104 tionum
350 1063 549 1103 ubertate.
613 1063 766 1102 Forsan
801 1067 843 1101 et
874 1062 948 1102 hoc
982 1062 1082 1113 agis,
1116 1067 1162 1101 ut
1193 1061 1438 1114 hypotheses
1469 1061 1509 1101 in
1532 1061 1642 1102 solas
1662 1061 1824 1102 scholas
1850 1067 1986 1103 astro-.-

177 1123 354 1163 uomicas
400 1121 634 1170 concludas,
680 1126 726 1161 ut
763 1134 928 1173 quarum
966 1134 1060 1161 usus
1098 1121 1136 1160 in
1177 1121 1251 1161 hoc
1293 1121 1378 1161 solo
1411 1120 1627 1173 consistat,
1671 1127 1716 1162 ut
1751 1126 1990 1174 praeceptor

173 1186 370 1222 monstret
402 1180 596 1232 discipulo
629 1180 666 1220 in
701 1180 969 1220 delineatione
1002 1180 1274 1234 hypothetica,
1309 1192 1408 1232 quas
1441 1179 1491 1219 ob
1511 1192 1656 1221 causas
1689 1180 1848 1233 singula
1864 1192 1987 1233 prae-

173 1247 294 1294 cepta
324 1241 363 1280 in
398 1240 645 1281 calculandis
678 1239 923 1279 coelestibus
968 1239 1143 1279 motibus
1176 1239 1391 1279 observare
1431 1239 1590 1280 debeat.
1653 1238 1733 1286 Qui
1771 1252 1868 1280 usus
1911 1239 1990 1279 etsi

174 1313 250 1341 non
285 1300 438 1340 alienus
472 1305 535 1339 est
567 1299 616 1339 ab
650 1299 954 1352 hypothesibus,
999 1299 1200 1350 posterior
1231 1305 1367 1339 tamen
1400 1304 1466 1338 est
1497 1304 1539 1339 et
1569 1299 1756 1340 inferiore
1776 1297 1988 1351 dignitatis

174 1360 313 1412 gradu.
378 1359 555 1399 Primum
588 1358 692 1397 enim
724 1358 763 1397 in
797 1358 1087 1412 hypothesibus
1121 1371 1251 1398 rerum
1285 1363 1470 1398 naturam
1502 1358 1773 1412 depingimus,
1812 1363 1909 1411 post
1939 1370 1989 1397 ex

173 1419 222 1458 iis
268 1419 464 1458 calculum
503 1418 745 1457 exstruimus
786 1417 823 1457 h.
857 1431 893 1456 e.
929 1423 1061 1457 motus
1094 1418 1439 1466 demonstramUS,
1483 1417 1653 1470 denique
1684 1417 1862 1458 indidem
1892 1429 1990 1457 vera

174 1477 318 1518 calculi
350 1482 568 1529 praecepta
600 1476 666 1516 via
697 1477 902 1528 reciproca
935 1475 1182 1516 discentibus
1215 1477 1476 1528 explicamus

293 1536 450 1576 Octavo
483 1536 538 1576 nil
569 1541 687 1588 putat
725 1537 885 1576 officere
927 1549 1066 1576 sacras
1106 1536 1244 1576 literas
1283 1536 1573 1589 hypothesibus
1606 1534 1987 1576 contradicentibus.

120 1603 125 1630 f
175 1597 246 1644 At,
279 1609 378 1648 quas
411 1596 496 1648 ipse
523 1595 655 1647 jactat
687 1595 946 1649 hypotheses,
979 1608 1029 1634 ex
1061 1595 1259 1646 scriptura
1290 1608 1333 1635 se
1359 1596 1660 1635 demonstrasse
1682 1600 1813 1646 putat.
1871 1591 1989 1640 Quod

175 1655 209 1695 si
228 1655 429 1708 proprium
463 1662 527 1694 est
558 1654 852 1707 hypothesium,
886 1660 930 1693 ut
962 1655 1044 1694 sint
1077 1655 1232 1694 falsae:
1267 1654 1512 1708 hypotheses
1545 1654 1630 1706 ipse
1657 1654 1789 1695 nullas
1809 1651 1988 1701 habebit,

174 1715 279 1767 quia,
313 1727 412 1766 quas
429 1715 577 1766 jactat,
611 1713 813 1753 infallibili
834 1713 1057 1765 scripturae
1091 1714 1334 1754 auctoritate
1355 1714 1531 1753 munitas
1550 1713 1770 1754 contendit.
1831 1713 1899 1754 Ita
1929 1711 1991 1752 sui

174 1774 298 1825 ipsius
332 1773 539 1812 immemor
571 1778 654 1820 est,
701 1772 738 1811 id
772 1772 901 1824 magis
948 1773 1071 1812 etiam
1111 1774 1150 1812 in
1193 1786 1240 1813 eo
1286 1773 1408 1825 quod,
1454 1784 1544 1813 cum
1581 1772 1786 1825 proprium
1824 1770 1994 1812 fecisset

138 1877 140 1883 ¹
174 1832 465 1886 hypotheseon,
499 1837 541 1872 ut
574 1831 655 1871 sint
687 1831 830 1879 falsae,
874 1832 1038 1871 tandem
1070 1833 1232 1884 aequior
1265 1832 1506 1872 astronomis
1538 1832 1659 1873 licere
1691 1831 1835 1885 inquit,
1873 1830 1991 1870 effin-

137 1895 140 1910 ⁵
172 1903 265 1943 gere
299 1891 543 1944 hypotheses
577 1890 661 1930 sive
694 1903 813 1930 veras
846 1891 931 1930 sive
965 1891 1109 1930 falsas.

293 1950 422 1990 Nono.
499 1948 613 1995 Quae
657 1950 704 1989 de
738 1950 920 1989 falsitate
959 1950 1239 2003 hypothesium
1279 1951 1636 1990 astronomicarum
1673 1948 1799 1997 dixit,
1851 1947 1909 1988 ait
1951 1947 1992 1987 in

175 2009 374 2061 plerisque
408 2008 497 2048 aliis
531 2009 725 2048 doctrinis
758 2009 854 2049 fieri.
918 2009 964 2048 Id
997 2009 1157 2060 quidem
1188 2009 1244 2058 fit,
1280 2009 1352 2048 sed
1384 2009 1489 2048 male
1522 2014 1565 2048 et
1591 2008 1642 2048 ab
1675 2007 1884 2060 imperitiS,
1916 2019 1992 2046 nec

176 2081 311 2108 verum
346 2073 415 2107 aut
448 2068 615 2116 bonum,
651 2067 726 2107 nisi
758 2067 960 2107 rarissime
996 2074 1037 2107 et
1069 2068 1252 2115 fortuito,
1301 2068 1371 2107 sed
1404 2068 1549 2110 falsum
1583 2073 1623 2107 et
1653 2066 1852 2120 pernicies
1872 2065 1992 2118 ,justo

179 2127 318 2166 ordine
358 2126 628 2178 consequitur.
691 2127 748 2167 Ut
787 2127 824 2165 in
858 2126 1077 2174 medicina,
1125 2126 1159 2166 si
1199 2133 1397 2178 quartana
1441 2126 1528 2183 quis
1567 2126 1724 2174 laboret
1767 2124 1999 2178 eta-falsam„

179 2186 281 2239 hta-pe
310 2186 556 2240 ,hypothesin
591 2186 797 2238 imperitus
829 2186 1007 2226 medicus
1041 2185 1279 2239 conceperit,
1299 2179 1633 2235 'causameebris
1659 2198 1750 2226 esse
1781 2198 1806 2224 a
1826 2181 1992 2237 sangui-

135 2269 138 2274 ι
177 2245 237 2284 nis
270 2244 552 2292 redundantia,
585 2245 619 2284 is
653 2258 755 2285 vena
788 2251 900 2285 secta
926 2258 1010 2299 non
1044 2258 1141 2284 sane
1163 2243 1316 2286 felicius
1343 2243 1994 2302 juveritaegrum,-.quam-„Ursus

146 2354 150 2355 ⁷
180 2317 229 2344 ex
263 2305 368 2343 falsa
402 2303 614 2356 hypothesi
647 2309 778 2343 motus
812 2306 1011 2345 coelorum
1045 2300 1264 2356 colligeret.
1329 2304 1412 2345 Sed
1437 2304 1583 2344 Ursum
1613 2316 1685 2356 per
1715 2302 1902 2358 exempla
1919 2302 1995 2342 sua

146 2358 151 2377 '²
180 2376 404 2415 sequamur.
469 2363 654 2414 Exempli
688 2376 857 2415 namque
891 2357 977 2403 loco
1011 2364 1170 2414 regulas
1204 2363 1457 2415 algebraicas
1495 2364 1698 2415 producit,
1738 2362 1804 2402 ubi
1834 2360 1994 2413 ponitur

180 2423 224 2470 is,
260 2423 324 2473 qui
358 2423 560 2474 quaeritur
593 2435 790 2470 numerus,
823 2423 957 2462 valere
990 2423 1184 2462 unitatem
1219 2423 1371 2462 cossice
1393 2423 1704 2471 denominatam,
1737 2434 1827 2461 cum
1857 2425 1991 2460 tamen

179 2482 211 2520 is
244 2494 320 2520 non
367 2481 419 2520 sit
451 2481 594 2521 unitas.
656 2482 719 2521 Ex
757 2482 831 2522 hac
873 2487 1005 2521 tamen
1046 2483 1151 2521 falsa
1187 2482 1385 2533 positione
1429 2481 1469 2521 in
1509 2481 1778 2533 cognitionem
1809 2478 1993 2520 veritatis

182 2540 393 2591 perveniri.
458 2542 533 2587 At,
570 2554 592 2580 o
628 2541 751 2590 Urse,
786 2554 857 2581 nec
891 2541 1063 2593 quadrat
1095 2542 1319 2593 exemplum
1353 2553 1425 2580 nec
1455 2545 1564 2580 recte
1598 2539 1834 2592 explicatur.
1893 2536 1993 2578 Cum

181 2599 381 2638 nesciatur
423 2612 606 2638 numerus
652 2600 685 2639 is
733 2613 846 2651 quem
891 2600 1136 2652 quaerimus,
1187 2600 1366 2652 ignotum
1404 2599 1464 2638 illi
1502 2611 1643 2639 nomen
1688 2599 1829 2638 damus
1867 2608 1992 2650 eoque

182 2658 334 2696 nomine
376 2658 576 2709 pergimus
616 2659 664 2698 ad
706 2659 815 2710 leges
857 2659 1149 2711 praescriptas,
1197 2659 1323 2698 donec
1362 2663 1448 2698 arte
1480 2670 1622 2698 nomen
1655 2657 1695 2698 id
1727 2657 1842 2697 nobis
1874 2657 1990 2697 inno-

181 2721 322 2756 tescat.
386 2715 502 2762 Quod
537 2717 656 2768 igitur
688 2719 871 2769 ponimus
905 2718 1098 2758 unitatem
1131 2731 1219 2757 esse
1247 2717 1567 2764 denominatam,
1608 2717 1755 2756 falsum
1786 2729 1862 2756 non
1889 2714 1991 2755 dici-

181 2787 279 2814 mus.
344 2776 447 2815 Nam
489 2788 534 2815 eo
574 2777 682 2828 ipso,
731 2778 833 2829 quod
873 2790 1014 2816 nomen
1055 2777 1215 2816 additur
1256 2776 1421 2823 unitati,
1462 2775 1636 2815 innuitur
1667 2782 1800 2816 certus
1832 2774 1992 2827 quidam

181 2846 376 2882 numeruS,
411 2847 526 2886 quem
559 2835 592 2874 is
626 2836 691 2887 qui
724 2836 927 2887 quaeritur
959 2837 1082 2876 semel
1123 2836 1274 2875 valeat.
1336 2834 1412 2874 Hic
1440 2846 1535 2886 ergo
1562 2835 1671 2874 nulla
1703 2834 1810 2874 falsa.
1827 2832 1990 2886 positio.

181 2893 239 2931 At
271 2893 308 2931 in
343 2894 621 2933 astronomicis
654 2895 940 2948 hypothesibus
974 2895 1072 2935 nihil
1104 2895 1244 2934 simile.
1307 2892 1438 2939 Quam
1466 2893 1568 2932 enim
1589 2893 1754 2946 quisque
1785 2893 1992 2945 profitetur

185 2949 441 3002 hypothesin,
485 2965 562 2991 non
603 2953 719 2993 aliter
757 2954 834 2994 nisi
866 2960 911 2994 ut
941 2959 1079 2993 notam
1119 2958 1160 2993 et
1192 2953 1442 3005 exploratam
1478 2952 1698 3004 profitetur.
1762 2952 1807 2992 In
1838 2950 1990 3002 regula,

183 3020 298 3059 quam
332 3010 421 3048 falsi
457 3011 605 3058 dicunt,
639 3025 714 3063 quo
748 3013 876 3052 altero
910 3013 1091 3064 exemplo
1123 3018 1277 3064 pugnat
1294 3012 1434 3059 Ursus,
1469 3024 1547 3050 non
1585 3011 1663 3050 alio
1697 3020 1814 3062 quam
1835 3009 1992 3050 nomine
2026 3027 2028 3029 ·

183 3067 343 3116 gloriari
375 3075 522 3119 potest.
587 3070 676 3109 Non
710 3072 814 3110 enim
845 3072 934 3110 ideo
970 3072 1094 3110 falsus
1127 3072 1270 3110 dicitur
1302 3083 1486 3109 numerus
1517 3071 1693 3121 positus,
1734 3070 1826 3123 quia
1855 3079 1991 3108 verum
2019 3063 2028 3103 ’ἰ

183 3124 274 3164 inde
309 3127 499 3180 sequitur,
535 3129 638 3179 quod
671 3129 705 3169 si
738 3130 862 3180 fieret,
896 3143 973 3170 non
1007 3131 1080 3170 hoc
1113 3130 1171 3170 illi
1201 3142 1342 3170 nomen
1376 3134 1511 3170 esset:
1545 3129 1618 3170 sed
1650 3129 1753 3179 ideo,
1786 3127 1880 3182 quia
1909 3126 1990 3167 fal·
2023 3136 2028 3178 j
