2028 3242
120 112 204 155 546
687 75 690 84 ’
918 110 1131 142 Prooemium.

242 218 439 268 Keplerus
474 229 591 269 quum
636 216 673 255 in
707 215 838 256 indice
871 228 1065 256 summam
1105 215 1228 255 libelli
1262 215 1324 255 sui
1354 215 1439 267 ipse
1476 215 1714 268 prodiderit,
1752 214 1808 255 nil
1838 227 1924 254 am-

122 278 223 329 plius
257 275 481 315 addendum
513 274 590 314 rati
624 287 759 314 sumus
793 275 840 314 de
874 275 942 322 iis,
988 287 1088 326 quae
1122 274 1257 313 insunt
1288 273 1378 313 huic
1410 275 1522 314 suavi
1556 273 1766 326 opusculo,
1806 285 1928 325 prae-

125 337 238 387 cipue
261 347 348 374 cum
383 334 534 382 eadem,
571 345 672 385 quae
693 334 732 373 in
755 333 854 373 libro
875 334 923 373 de
945 332 1077 372 Stella
1099 333 1216 372 Nova
1236 332 1464 384 conscripto
1497 345 1575 373 non
1596 331 1727 374 omitti
1746 337 1927 384 possunt,

122 396 185 434 hie
218 393 359 432 iisdem
399 393 481 432 fere
521 391 652 431 verbis
690 392 987 443 praemittenda
1031 392 1213 431 fuissent.
1277 392 1364 431 Hoc
1401 396 1577 440 tantum,
1623 391 1727 444 quod
1769 389 1928 442 saepius
1982 407 1984 410 >

125 453 314 500 diximus,
357 464 580 496 monemus,
626 463 674 489 ea
712 452 819 498 loca,
859 451 895 490 in
937 450 1077 502 quibus
1117 450 1406 490 defendendam
1450 451 1631 502 suscepit
1667 449 1927 502 astrologiam

124 511 334 562 Keplerus,
369 523 444 549 non
480 510 517 548 in
549 509 664 561 pejus
697 509 731 548 ei
765 510 959 549 vertenda
993 521 1094 553 esse,
1129 508 1221 560 quia
1253 514 1293 548 et
1325 522 1465 548 munus
1497 508 1676 549 habebat
1706 521 1732 548 a
1751 506 1927 549 Caesare

125 570 426 616 demandatum,
469 573 510 608 et
540 568 624 619 ipse
664 581 730 614 ea,
776 567 917 620 quibus
964 567 1205 618 astrologiae
1253 568 1384 616 „filiae
1430 572 1599 607 matrem
1642 566 1927 607 astronomiam

127 628 299 668 alentis⁶⁶
326 628 422 679 plus
449 627 561 678 justo
595 627 768 666 tribuere
802 627 976 672 videtur,
1008 626 1234 677 restringit,
1275 639 1432 678 semper
1463 638 1700 678 comparans
1732 625 1927 666 rationem

125 686 372 737 astrologiae
405 699 492 725 cum
526 685 595 724 illa
626 685 860 733 medicinae,
895 697 1013 736 quam
1046 684 1226 724 Feselius
1258 685 1512 736 profiteatur,
1545 685 1607 725 cui
1639 697 1758 737 quam
1788 695 1928 736 parum

125 751 237 786 certa
269 746 367 784 fides
401 749 571 792 constet,
605 756 678 795 per
703 744 798 795 joca
829 748 871 782 et
902 743 1010 783 seria
1038 743 1199 795 probat.

241 804 341 855 Agit
374 804 421 842 de
455 803 528 842 hoc
562 803 704 841 libello·
727 801 776 842 E.
812 801 1065 841 Scheibelius
1097 802 1134 841 in
1171 799 1520 849 „Oekonomische
1550 801 1824 842 Nachriehten
1857 801 1927 840 der

120 862 399 903 Schlesischen
433 861 730 901 Patriot'ischen
765 859 1066 900 Gesellsehaft“
1102 861 1185 906 (an.
1227 856 1377 907 1776),
1411 860 1594 900 refutans
1627 859 1818 900 vaticinia
1839 858 1927 900 Ca·-

120 921 288 961 lendarii
322 953 331 969 ‚
367 921 470 972 quod
505 923 646 961 vocant
679 920 871 959 seculare.
936 918 1187 959 Scheibelius
1219 919 1388 958 laudans
1421 918 1579 970 quidem
1604 918 1776 971 Kepleri
1807 917 1926 970 inge-

119 981 238 1027 nium,
272 992 358 1018 cum
391 980 507 1030 longe
541 979 621 1018 alia
652 977 730 1029 ipsi
761 978 816 1017 sit
847 977 1047 1018 sententia
1078 977 1195 1017 nimis
1226 976 1373 1030 premit
1405 989 1464 1024 ea,
1499 990 1600 1029 quae
1634 977 1684 1017 de
1705 975 1928 1028 astrologia

120 1039 320 1090 Keplerus
365 1038 402 1076 iu
448 1037 522 1076 hoe
566 1037 701 1076 libello
745 1036 951 1089 proponit,
997 1036 1157 1077 minime
1203 1035 1398 1076 rationem
1436 1036 1589 1076 habens
1622 1047 1778 1085 eorum,
1825 1047 1927 1093 quae

120 1098 235 1137 modo
269 1097 438 1136 diximus
472 1097 520 1135 de
552 1096 622 1136 illa
653 1096 818 1147 Kepleri
849 1095 1089 1135 conditione.

98 1202 102 1210 Ι
238 1155 471 1195 Schareri
507 1155 806 1206 nesponsionem
839 1154 891 1194 ad
921 1153 1070 1194 Feselii
1102 1153 1290 1201 libellum,
1325 1152 1443 1193 nimis
1474 1153 1661 1195 diffusam
1693 1150 1802 1200 (220
1830 1164 1924 1205 pag.

119 1215 157 1254 in
190 1212 274 1262 4.,)
308 1214 346 1253 in
380 1228 457 1265 qua
489 1214 753 1264 astiologiam
785 1213 902 1253 anxie
937 1212 1136 1261 defendit,
1179 1223 1283 1251 anno
1321 1208 1449 1254 1611.
1481 1211 1697 1263 prodiisse,
1724 1210 1927 1253 monuisse

119 1273 305 1313 sufficiat.
368 1274 455 1313 Hoc
489 1277 645 1312 tantum
677 1272 872 1319 addimus,
908 1270 1147 1311 Soharerum
1178 1271 1218 1310 in
1251 1270 1362 1310 calce
1396 1269 1486 1310 libri
1506 1270 1567 1310 sui
1599 1276 1797 1311 mortuum
1819 1269 1930 1311 nun-1

119 1332 225 1372 ciare
257 1331 459 1372 Feselium
490 1344 625 1372 mense
659 1328 1051 1383 Septembri‘1610.
1883 1347 1886 1350 ⁴
