2028 3242
1258 0 1274 26 υ
1436 6 1458 17 2
1511 7 1514 9 ·
1654 3 1843 31 stem-“⁵22

126 34 214 79 248
270 65 322 83 π
439 77 441 81 .
495 83 497 86 ,
542 32 559 87 ἰ,
578 0 732 93 Ῐ;;;έ,.,η’]
843 0 1213 116 ,qugssgigspfqhonis

128 144 374 185 confundens
407 156 479 183 nec
510 144 728 184 intervalla
760 133 1034 197 distinguens,
1070 135 1185 185 nobis
1217 137 1433 186 deridiculo
1466 145 1543 186 fuit
1582 146 1832 187 exclamans:
1865 145 1942 186 mi-

126 204 314 251 raculum,
350 202 493 243 bovem
513 203 794 303 multipegeffn!
856 204 947 244 Non
982 217 1078 244 sane
1110 205 1440 265 ¹¹¹?ssqfiffiss90
1466 205 1553 260 loco
1574 205 1740 256 Patricii
1773 205 1939 257 sapien·-

61 277 65 279 ’
126 262 204 317 tia,
253 262 344 301 dnm
374 274 400 314 p
419 275 492 302 ane
517 276 562 302 as
580 259 1026 325 JEEEWKQSJ--iffl'ssfiss‘ss
1035 262 1187 315 ffls
1193 269 1392 319 >eamparet,
1440 277 1578 305 cursus
1611 278 1705 306 suos
1749 277 1944 320 peragere

365 317 578 330 ‹mmmm-sum>

127 316 366 373 contendit,²³

242 381 330 420 Hoc
361 380 496 433 itaque
528 381 705 422 Patricio
739 381 887 422 dictum
921 387 1020 431 esto,
1055 382 1143 423 vias
1174 382 1428 435 planetarum
1466 388 1711 436 apparentes
1741 388 1783 423 et
1813 382 1944 423 histo-

124 440 224 480 riam
255 444 432 486 motuum
466 440 576 480 libris
607 454 803 493 promere,
838 442 1106 482 astronomiae
1140 441 1390 493 potissimum
1423 441 1941 502 mechaniQt-pmti-

124 513 196 551 cae
221 504 379 552 partem
400 504 512 539 esse:
546 500 634 540 vias
660 513 754 540 vero
775 514 891 542 veras
925 506 965 541 et
986 501 1179 553 genuinas
1200 501 1390 550 invenire,
1425 514 1524 553 opus
1555 514 1647 541 esse
1673 500 1944 541 astronomiae

124 558 461 613 contemplativae
494 559 665 607 (frustra
697 559 898 600 Osiandro
931 566 973 600 et
1002 561 1180 601 Patricio
1214 561 1568 608 reclamantibus):
1604 566 1648 601 at
1673 560 1818 608 dicere,
1854 560 1944 613 qui-

2 586 74 634 7„

2 619 7 663 ’,
38 614 108 672 ,22⁶
124 618 199 658 bus
232 614 464 658 circulis'et
496 618 612 659 lineis
645 619 913 672 depingantur
945 619 981 659 in
1015 632 1166 674 papyro
1187 619 1383 672 imagines
1409 620 1547 672 justae
1576 633 1762 661 verorum
1788 619 1944 659 illorum

0 705 3 716 f

16 775 23 792 Ι

50 686 52 688 .
79 682 88 689 κ

82 1051 86 1080 Ι

83 1115 86 1126 ε

85 1131 87 1142 v

102 680 315 733 “motuum
350 678 401 717 ad
435 677 626 718 inferiora
657 683 953 733 geometrarum
987 679 1180 725 subsellia
1198 679 1412 731 pertinere.
1476 679 1589 720 Haec
1609 679 1676 732 qui
1696 679 1943 730 distinguere

104 703 331 794 illidicerit,
366 737 400 777 is
433 736 550 777 facile
583 751 672 778 sese
706 751 731 777 a
761 738 1051 778 somniantibus
1083 738 1378 778 abstractarum
1411 739 1623 779 formarum
1654 738 1943 790 captatoribus,
1975 773 1984 779 ,

124 795 190 848 qui
231 796 439 835 materiam
481 797 584 842 (rem
626 810 745 836 unam
785 803 826 837 et
858 798 984 838 solam
1027 803 1121 849 post
1152 797 1304 845 Deum)
1346 797 1462 837 nimis
1494 810 1633 838 secure
1672 801 1944 844 contemnunt,

129 868 342 907 eorumque
374 855 611 907 importunis
645 856 906 908 sophismatis
940 858 1141 910 expediet.
1205 857 1341 908 Atque
1373 857 1473 896 haec
1493 856 1671 897 Patricio
1702 855 1944 909 respondere

129 914 249 962 volui,
284 919 499 966 propterea
531 916 634 966 quod
668 916 782 964 Urso,
805 921 845 955 et
873 915 1074 957 Osiandro
1108 915 1335 956 errantibus
1367 915 1406 955 in
1429 915 1663 968 quibusdam
1684 916 1940 968 suffragatur.

128 973 194 1013 Ad
226 974 374 1014 Ursum
406 974 541 1014 redeo.
1812 1020 1815 1023 Δ

245 1033 462 1073 Undecimo
494 1034 635 1082 Ursus,
670 1038 714 1073 ut
745 1034 905 1085 penitus
936 1039 1170 1086 prosternat
1202 1033 1490 1074 astronomiam
1522 1033 1648 1074 nostri
1681 1033 1816 1080 seculi,
1851 1033 1943 1073 lau-

124 1093 196 1132 dat
227 1092 445 1144 antiquam,
481 1105 588 1133 more
623 1093 873 1145 querulorum
907 1107 1044 1134 senum
1084 1100 1154 1134 aut
1192 1093 1226 1133 si
1261 1094 1364 1146 quod
1396 1093 1506 1134 aliud
1537 1098 1602 1133 est
1641 1106 1767 1145 genus
1811 1091 1943 1133 homi-

124 1164 215 1192 num
247 1152 594 1203 desperabundum
627 1158 667 1192 et
701 1153 1042 1194 melancholicum.
1107 1153 1189 1194 Sed
1223 1158 1264 1193 et
1291 1157 1525 1205 argumento
1553 1153 1680 1193 utitur
1711 1166 1762 1192 ex
1792 1151 1944 1204 optima

122 1216 167 1251 ut
198 1216 293 1262 puto
328 1211 480 1251 forma:
523 1212 758 1264 pleraeque,
802 1213 948 1265 inquit,
991 1217 1101 1253 artes
1134 1213 1226 1253 olim
1260 1212 1523 1264 perfectiores
1556 1212 1685 1261 fuere,
1725 1210 1937 1259 medicina,

122 1271 285 1318 musica,
313 1271 505 1316 oratoria,
539 1272 674 1323 quidni
706 1277 748 1311 et
780 1272 1053 1312 astronomia?
1114 1273 1175 1312 De
1201 1271 1400 1312 medicina
1419 1271 1657 1312 Thessalica
1683 1275 1801 1311 sunto
1828 1283 1940 1319 sane,

124 1329 187 1382 qui
220 1329 390 1370 divinius
425 1330 571 1383 aliquid
605 1331 844 1383 concipiant,
881 1344 1000 1384 quam
1034 1344 1082 1372 ex
1114 1331 1285 1372 residuis
1317 1330 1582 1371 monumentis
1614 1335 1807 1383 apparet:
1847 1335 1943 1370 sunt

123 1389 300 1429 vicissim
332 1402 410 1429 non
444 1390 607 1430 minoris
628 1390 797 1430 nominis
832 1396 1030 1440 auctores,
1064 1391 1272 1431 Fernelius
1294 1396 1336 1431 et
1359 1390 1446 1439 alii,
1483 1390 1547 1443 qui
1578 1390 1668 1443 plus
1701 1394 1839 1430 nostro
1872 1401 1940 1428 se-

122 1448 208 1488 culo
249 1448 429 1488 tribuunt
477 1450 618 1501 majori
669 1450 1027 1491 verisimilitudine.
1100 1451 1162 1490 De
1201 1450 1355 1491 musica
1390 1449 1583 1503 judic-ium
1625 1450 1703 1490 fert
1732 1449 1862 1490 Ursus
1893 1461 1942 1488 ex

122 1513 286 1556 eventu,
332 1508 399 1560 qui
431 1521 508 1548 non
542 1514 606 1549 est
642 1510 705 1549 vel
738 1510 775 1549 in
810 1509 909 1550 artis
943 1510 1006 1551 vel
1038 1510 1078 1550 in
1112 1510 1278 1550 artificis
1309 1514 1529 1562 potestate.
1595 1507 1942 1568 Cffl92„m¹²¹tos

121 1567 309 1607 admirari
342 1573 522 1608 veterum
561 1569 755 1609 musicam
793 1581 868 1608 non
909 1570 1030 1610 aliam
1063 1569 1113 1610 ob
1147 1582 1348 1618 causam„
1377 1557 1944 1627 quamquiavqssalisffl

58 1618 78 1638 ⁵
120 1624 319 1681 ignorant.
384 1626 539 1674 Quibus
581 1641 677 1680 ege,
722 1628 757 1669 si
788 1628 899 1668 Deus
931 1629 1057 1669 vitam
1102 1628 1352 1668 concesserit
1398 1641 1470 1668 nec
1513 1626 1637 1667 otium
1677 1627 1868 1676 defuerit,
1901 1626 1940 1666 in

120 1686 431 1726 Harmonicis
476 1688 575 1727 meis
621 1688 923 1734 demonstrabo,
966 1693 1113 1741 quanto
1159 1688 1374 1728 intervallo
1413 1692 1530 1727 vetus
1567 1687 1722 1727 musica
1761 1690 1942 1726 nostram

120 1750 325 1797 sequatur.
389 1745 507 1792 Quod
541 1752 673 1786 autem
706 1747 890 1787 clamitat
910 1747 1052 1796 Ursus,
1087 1747 1204 1787 hodie
1237 1760 1314 1786 non
1348 1759 1437 1787 esse
1470 1751 1626 1786 tantum
1659 1746 1832 1786 musices
1863 1745 1940 1785 im-

120 1804 271 1856 perium
304 1805 341 1844 in
376 1805 545 1854 animos,
581 1806 618 1845 id
652 1805 835 1863 Scythes·
857 1806 942 1854 ille,
979 1819 1103 1858 aeque
1138 1807 1347 1859 antiquus,
1393 1805 1548 1845 hinnitu
1581 1805 1679 1864 equi
1708 1805 1940 1864 ἕψω

123 1863 296 1915 optimae
330 1858 1339 1919 cantilenaeEffiffferrgegsqlebatlfacile,refutatssss
1387 1855 1830 1905 Rarffis'fifidie'ffantur
1851 1861 1942 1903 boni

126 1928 333 1970 cantores,
372 1935 474 1971 νοΧ,
513 1930 557 1964 ut
592 1925 630 1963 in
666 1924 882 1964 comoediis
926 1931 966 1964 et
1005 1925 1224 1977 tragoediis
1264 1925 1322 1964 sic
1360 1924 1398 1964 in
1438 1929 1559 1964 cantu
1599 1934 1941 1976 quorsumcunque

118 1981 412 2030 inflectebatur,
450 1983 584 2022 sensui
619 1983 827 2023 verborum
860 1984 1090 2035 aptabatur,
1125 1984 1293 2035 tempori
1316 1988 1358 2022 et
1394 1983 1577 2035 personis
1610 1988 1653 2022 et
1683 1982 1785 2030 loco,
1818 1982 1942 2021 verba

122 2041 253 2086 clara,
300 2041 517 2081 articulata
557 2048 598 2081 et
628 2043 868 2090 vernacula3
913 2055 1061 2095 magna
1092 2043 1226 2094 gentis
1260 2041 1443 2082 Graecae
1484 2042 1699 2089 mollities,
1746 2053 1943 2094 personae

123 2112 276 2152 quoque
297 2100 592 2153 cytharistriae,
625 2101 831 2153 psaltriae,
868 2102 1029 2149 Lesbia,
1067 2101 1231 2154 Sappho
1265 2102 1327 2141 vel
1362 2101 1536 2153 lapidem
1564 2100 1775 2141 moverint.
1828 2098 1942 2146 Quae

123 2159 256 2198 omnia
289 2164 329 2198 et
361 2159 394 2198 si
427 2160 518 2211 quid
552 2160 658 2200 aliud
693 2160 769 2200 fuit
802 2161 907 2212 apud
933 2167 1094 2201 veteres
1117 2162 1317 2208 decorum,
1350 2160 1467 2200 bodie
1489 2173 1643 2212 quoque
1670 2159 1821 2200 imitari
1843 2171 1944 2210 pos-

125 2231 285 2257 sumus:
332 2231 404 2257 nec
442 2232 641 2272 nunquam
679 2219 893 2260 imitamur.
957 2221 1152 2261 Nostrum
1189 2233 1284 2260 vero
1330 2219 1537 2260 artificium
1576 2219 1781 2271 veteribus
1823 2219 1944 2270 plane

125 2276 201 2316 fuit
238 2277 493 2329 incognitum.
560 2278 640 2318 Sed
680 2279 795 2330 plura
834 2293 904 2319 suo
944 2281 1042 2320 loco.
1107 2280 1168 2319 De
1203 2280 1378 2320 oratoria
1415 2292 1492 2319 non
1532 2279 1744 2319 contendo.
1810 2276 1945 2317 Causa

123 2342 259 2375 tamen
292 2349 438 2389 magna
471 2342 533 2377 est
565 2338 602 2377 in
636 2343 781 2377 natura
813 2344 854 2378 et
885 2340 1061 2379 moribus
1094 2339 1240 2391 gentis,
1276 2352 1375 2391 quae
1396 2337 1634 2378 mollissima
1667 2337 1784 2379 facile
1817 2334 1944 2375 cuivis

125 2395 296 2435 cedebat
327 2396 502 2446 affectui,
537 2396 687 2449 gloriae
721 2410 815 2437 vero
849 2398 1120 2450 cupidissima,
1156 2398 1194 2437 id
1227 2399 1312 2450 ejus
1340 2397 1622 2449 adipiscendae
1655 2409 1779 2438 causa
1811 2395 1946 2437 facere.

126 2467 202 2493 non
238 2455 449 2504 dubitavit,
485 2456 586 2507 quod
620 2462 755 2496 tamen
788 2457 870 2497 illis
892 2458 1106 2505 laudabile,
1140 2457 1256 2497 hodie
1285 2457 1388 2509 apud
1409 2469 1544 2496 omnes
1565 2462 1709 2507 gentes
1730 2456 1943 2494 detestan-

131 2514 221 2552 dum
256 2520 331 2560 est,
365 2520 409 2554 ut
440 2515 527 2567 quis
561 2516 636 2555 sibi
670 2516 745 2568 ipsi
779 2516 978 2556 violentas
1013 2529 1154 2556 manus
1187 2518 1341 2557 afferat.
1405 2516 1466 2555 De
1487 2514 1733 2555 astronomia
1764 2526 1858 2553 vero
1879 2526 1944 2552 res

128 2572 185 2611 ita
216 2574 327 2612 clara
358 2579 433 2623 est,
469 2580 511 2614 ut
542 2575 637 2614 nihil
671 2588 805 2627 supra.
871 2576 1047 2615 Veniant
1080 2581 1276 2628 quotquot
1311 2575 1462 2615 suntin
1483 2574 1646 2626 Europa
1670 2572 1789 2626 periti
1813 2585 1943 2612 rerum

130 2632 525 2674 mathematicarum:
560 2648 636 2674 non
670 2635 881 2674 habiturus
915 2635 968 2675 sit
1000 2636 1128 2676 Ursus
1160 2635 1223 2675 vel
1255 2647 1392 2683 uuum,
1439 2633 1504 2685 qui
1535 2633 1608 2673 hoc
1646 2633 1702 2673 illi
1737 2631 1943 2683 largiatur,

126 2692 405 2742 perfectiorem
445 2693 569 2733 fuisse
602 2699 783 2733 veterum
817 2695 1116 2735 astronomiam.
1179 2695 1321 2746 Itaque
1362 2692 1499 2744 quant-i
1533 2692 1587 2732 sit
1624 2692 1868 2741 faciendum,
1909 2690 1943 2731 si

129 2749 215 2800 quis
246 2757 429 2801 praestet
463 2754 566 2804 quod
598 2752 803 2805 pollicitus
836 2758 901 2793 est
932 2754 1074 2802 Ursus,
1109 2765 1164 2792 sc.
1199 2752 1493 2792 restitutionem
1523 2751 1794 2792 astronomiae
1825 2755 1942 2789 vete-

129 2807 201 2855 ris,
249 2810 526 2850 consideratus
568 2812 695 2852 lector
742 2818 921 2852 censeto.
985 2813 1098 2853 Haec
1136 2812 1353 2864 praecipua
1391 2810 1520 2858 fuere,
1566 2823 1666 2862 quae
1705 2811 1779 2850 hoc
1815 2809 1942 2861 primo

130 2866 260 2917 capite
293 2869 341 2907 de
374 2875 517 2909 natura
548 2871 831 2924 hypothesium
865 2871 1104 2911 dicerentur.
