2028 3242
110 107 197 152 364
673 109 807 142 Literae
831 109 969 151 Kepleri
993 110 1193 152 aliorumque
1217 114 1353 144 mutuae

111 216 311 258 astrologica
334 215 556 257 disquirenda,
583 214 719 246 ulterius
743 224 944 257 progressus.
970 215 1003 246 in
1029 215 1132 248 literis
1157 215 1189 247 d.
1217 216 1247 247 d.
1275 214 1330 248 25.
1345 215 1445 249 Mart.
1474 215 1561 248 1611
1592 218 1719 256 „amice
1742 217 1924 259 Keplerum

109 268 223 306 rogat,
248 267 286 294 ut
311 263 513 303 experiatur,
547 272 627 293 num
653 259 673 292 9
698 261 796 294 horas
822 262 1036 304 astrologicas
1062 263 1122 294 sibi
1146 264 1249 304 possit
1275 263 1454 296 enodare.“
1511 263 1635 303 Quibus
1662 273 1734 297 cum
1759 264 1923 306 Keplerus

109 321 175 342 non
201 310 314 342 statim
340 309 564 350 responderet,
593 309 636 340 ad
661 309 795 341 easdem
820 309 905 341 redit
930 310 1140 350 quaestiones
1166 311 1200 341 in
1225 310 1327 342 literis
1355 311 1386 343 d.
1413 311 1444 343 d.
1475 309 1526 342 18.
1547 310 1643 352 Maii,
1669 317 1704 344 et
1726 312 1825 353 paulo
1850 315 1924 353 post

111 357 160 397 (6.
186 354 281 396 Julii)
313 357 398 388 haec
430 357 588 397 prioribus
621 356 811 397 superaddit
836 356 1037 388 Vickenius:
1079 358 1242 398 proprium
1275 357 1363 389 hunc
1398 358 1606 390 tabellarium
1631 359 1811 391 amandare
1836 359 1923 390 volui

112 404 272 446 (Pragam
298 403 524 444 Guelferbyto)
564 404 759 435 amicissime
792 413 933 445 rogans.
972 408 1011 435 ut
1034 404 1114 436 mihi
1146 409 1216 436 tam
1252 415 1398 437 novem
1428 405 1569 444 horas,
1608 415 1708 448 quam
1742 406 1922 438 tabulas

119 451 306 483 Cornelii
331 451 548 493 Agrippae
572 461 630 492 pro
654 451 845 493 inquirendo
871 453 968 493 genio
995 451 1157 493 explicare
1182 451 1273 484 velis.

202 499 418 540 Keplerus
443 498 629 540 respondit:

226 546 330 587 Nob.
365 551 407 585 et
440 545 548 586 Clar.
582 545 671 585 Vir.
736 544 836 585 Cum
874 546 946 585 sub
984 546 1100 585 finem
1133 546 1282 586 mensis
1313 547 1411 598 Maji
1444 546 1626 587 Lincium
1663 547 1918 599 exspatiatus

111 617 261 653 essem,
308 605 436 644 literis
481 604 735 644 amanuensis
780 604 874 644 mihi
912 617 958 643 eo
997 604 1262 656 significatum
1302 613 1385 650 est,
1432 606 1548 646 binas
1594 612 1687 646 tuas
1719 606 1916 658 epistolas

111 670 274 716 apertas
307 676 386 703 uua
418 676 506 703 cum
538 663 638 703 libro
672 663 710 702 in
741 676 852 703 meas
886 663 1006 702 aedes
1040 663 1218 709 delatas,
1252 677 1343 712 eas3
1377 665 1439 704 die
1474 663 1545 706 23.
1578 665 1688 720 Junji
1718 677 1918 712 reversus,

111 722 258 763 inveni.
323 722 448 762 Paulo
481 727 574 774 post
606 721 770 761 advenit
800 722 979 768 nuncius,
1010 734 1245 773 responsum
1277 736 1407 762 meum
1439 723 1616 776 exigens,
1650 724 1713 764 cui
1744 724 1808 764 hic
1842 723 1918 763 ad-

103 782 256 834 jectam
301 781 491 821 schedam
535 781 677 832 scripsi
723 782 868 827 (scheda
892 786 977 819 haec
1003 782 1138 829 deest),
1192 781 1286 832 quia
1328 783 1568 834 respondere
1612 796 1688 823 non
1732 782 1919 823 vacabat.

110 841 275 881 Interim
308 854 333 879 a
365 840 428 879 die
460 840 537 880 mei
569 839 722 879 reditus
754 839 886 891 coepit
918 844 1131 891 aegrotare
1164 851 1262 880 uxor
1294 853 1406 888 mea,
1440 854 1540 892 quae
1574 839 1613 883 3.
1645 840 1743 882 Julii
1775 842 1919 881 deces-

113 899 180 946 sit,
213 905 256 938 et
287 898 327 939 5.
361 899 540 950 ejusdem
573 898 734 950 sepulta
767 904 844 938 est.
906 898 969 938 Ex
1003 911 1048 937 eo
1082 910 1254 949 occupor
1299 912 1394 939 cura
1425 899 1658 950 liberorum,
1703 900 1919 952 consigna-

108 957 216 998 tione
247 958 450 1005 bonorum,
485 962 537 1011 et&
559 956 753 996 divisione
786 957 1051 997 haereditatis
1084 956 1188 996 iuter
1220 957 1306 1009 ejus
1339 958 1546 1007 haeredes,
1579 972 1689 998 meos
1708 971 1853 1011 pueros
1880 962 1923 998 et

109 1017 360 1068 privignam:
413 1017 612 1056 intestata
643 1015 747 1055 enim
785 1016 985 1065 decessit,
1037 1015 1134 1055 nihil
1176 1016 1273 1056 mihi
1313 1016 1467 1057 relicto.
1529 1018 1620 1059 Non
1651 1018 1769 1057 valde
1800 1017 1922 1070 igitur

111 1081 332 1127 opportune
366 1075 650 1127 superveniunt
683 1080 776 1114 tuae
797 1075 1048 1115 monitoriae.
1099 1074 1370 1126 Respondebo
1391 1082 1526 1116 tamen
1548 1077 1694 1129 aliqua,
1730 1081 1773 1116 et
1795 1088 1919 1128 prae-

111 1134 271 1175 mittam
304 1135 402 1183 duas
435 1134 690 1187 quaestiones
724 1133 773 1173 de
805 1146 971 1173 novem
1004 1133 1137 1173 horis
1171 1139 1219 1173 et
1249 1135 1410 1186 genio,

233 1192 346 1233 Scito
378 1193 519 1245 igitur,
561 1206 621 1233 me
655 1193 915 1233 fundamenta
946 1193 1150 1244 utriusque
1181 1192 1240 1232 rei
1273 1193 1325 1233 ad
1355 1206 1526 1245 unguem
1557 1198 1714 1243 tenere3
1763 1197 1922 1234 tantum

111 1265 205 1292 vero
239 1252 381 1300 abest,
427 1257 472 1292 ut
509 1266 558 1292 ea
589 1251 662 1292 tibi
695 1251 896 1303 aperiam,
942 1258 987 1291 ut
1022 1264 1094 1303 per
1126 1251 1248 1291 horae
1281 1252 1456 1304 spatium
1488 1253 1584 1293 nihil
1617 1253 1724 1307 aliud
1758 1251 1920 1305 egerim,

108 1311 188 1351 nisi
222 1311 452 1363 cogitarim,
492 1311 633 1363 quibus
666 1311 739 1350 tibi
773 1310 906 1350 verbis
938 1310 1092 1350 idoneis
1137 1323 1293 1351 meam
1336 1311 1490 1351 animi
1528 1311 1922 1364 indignationem

108 1370 243 1410 satis
277 1370 538 1422 explicem,
573 1370 638 1422 qui
671 1370 866 1409 hactenus
899 1369 1236 1409 astronomica
1267 1383 1433 1422 rogans,
1468 1376 1538 1410 aut
1570 1375 1677 1411 certe
1709 1370 1922 1411 astrolo-

114 1429 227 1481 gica
258 1426 473 1482 ἔντεκνοι,
513 1429 612 1481 jam
643 1429 798 1481 plane
831 1429 887 1468 ad
921 1428 1252 1482 tenebricosa
1290 1429 1411 1475 ista,
1455 1442 1503 1469 ne
1537 1429 1628 1482 quid
1661 1430 1792 1470 dicam
1824 1442 1920 1482 gra-

107 1487 210 1535 vius,
246 1488 481 1528 amicitia
512 1494 685 1528 nostra
724 1488 970 1527 statueris
1004 1487 1156 1527 abuti.
1219 1488 1307 1527 Hoc
1338 1487 1461 1540 igitur
1492 1488 1566 1528 tibi
1596 1501 1668 1540 pro
1701 1494 1812 1529 certo
1843 1488 1920 1528 ha-

107 1546 226 1595 beto,
275 1548 322 1586 de
356 1559 498 1587 novem
531 1547 641 1587 horis
673 1560 721 1586 ne
754 1559 827 1600 gry
860 1546 1018 1599 quidem
1050 1559 1112 1585 me
1144 1547 1314 1596 posthac
1347 1560 1417 1587 seu
1449 1547 1599 1598 scripto
1632 1559 1703 1587 seu
1734 1552 1921 1588 oretenus

110 1618 412 1657 responsurum,
445 1619 521 1646 non
544 1606 576 1646 si
606 1611 764 1646 centum
786 1606 959 1653 florenis,
996 1618 1092 1657 quos
1113 1605 1209 1644 mihi
1228 1605 1480 1646 meditareris
1501 1606 1674 1654 mittere,
1707 1619 1769 1646 me
1789 1606 1919 1658 ipsum

110 1664 273 1704 silentio
308 1665 530 1717 privarem,
580 1670 650 1705 aut
681 1665 715 1703 si
750 1665 870 1704 etiam
903 1664 941 1704 in
975 1664 1203 1704 universum
1240 1664 1549 1704 renunciandum
1581 1670 1692 1704 esset
1723 1665 1922 1705 amicitiae

109 1728 288 1764 nostrae.
351 1723 458 1764 Nam
491 1723 552 1764 cui
586 1724 688 1763 bono
722 1723 949 1770 scriberem,
985 1735 1074 1762 cum
1107 1723 1375 1763 certissimum
1406 1723 1614 1772 haberem,
1647 1729 1688 1763 te
1719 1737 1797 1769 non
1829 1735 1920 1763 cre-

112 1782 297 1830 diturum,
333 1782 518 1835 quicquid
553 1783 601 1822 de
634 1782 818 1834 genuinis
850 1787 892 1821 et
917 1782 1131 1833 ipsissimis
1158 1782 1215 1821 rei
1242 1782 1513 1822 fundamentis
1535 1795 1665 1822 essem
1687 1783 1919 1834 scripturus.

112 1841 268 1880 Valeas
302 1841 426 1892 igitur
459 1854 547 1881 cum
578 1841 654 1880 hac
688 1839 922 1892 quaestione
965 1841 1087 1880 semel
1127 1853 1198 1892 pro
1238 1853 1395 1893 semper
1432 1841 1472 1881 in
1515 1841 1698 1882 solidum.
1760 1842 1919 1889 Altera,

111 1900 159 1938 de
193 1899 324 1951 genio,
360 1913 474 1939 suum
507 1900 686 1951 sequitur
718 1899 910 1946 ordinem,
942 1899 1101 1950 vidique
1138 1900 1260 1938 talem
1287 1900 1451 1951 genesin
1473 1899 1664 1941 Caesaris
1697 1900 1921 1940 confectam

107 1972 131 1997 a
162 1958 353 1998 Pistorio.
420 1958 480 1998 At
510 1959 605 1998 mihi
637 1958 775 1997 videor
808 1958 958 1996 famam
991 1957 1210 1996 astronomi
1244 1964 1285 1997 et
1315 1958 1543 2012 philosophi
1562 1958 1850 2006 imminuturus,
1885 1958 1920 1998 si

109 2022 263 2056 tentem
296 2017 444 2056 imitari
478 2018 715 2069 exemplum.
780 2015 885 2055 Vale
918 2016 1041 2067 igitur
1073 2021 1114 2055 et
1152 2029 1239 2055 cum
1271 2016 1370 2064 ista,
1414 2023 1456 2056 et
1485 2030 1547 2056 me
1580 2016 1745 2057 missum
1779 2017 1918 2057 facito.

108 2075 193 2115 Res
219 2081 312 2114 tuas
333 2075 406 2114 tibi
426 2075 574 2115 habeto
592 2090 600 2114 :
634 2075 797 2114 remitto
817 2074 921 2114 enim
945 2081 986 2114 et
1010 2074 1121 2113 illam
1143 2075 1334 2122 tabulam,
1369 2081 1411 2115 et
1429 2075 1531 2115 hunc
1551 2075 1758 2128 Agrippae
1778 2075 1920 2116 librum

105 2133 333 2185 ceteroquin
366 2134 493 2173 multa
525 2134 746 2174 eruditione
779 2133 982 2173 refertum.

286 2192 402 2232 Nunc
436 2193 486 2231 ad
519 2193 621 2232 alias
655 2191 937 2244 quaestiones:

231 2249 274 2298 1)
308 2251 566 2291 protestatus
598 2264 683 2291 sum
718 2252 770 2298 (in
795 2256 897 2288 literis
923 2256 1116 2297 deperditis,
1155 2255 1187 2287 d.
1214 2255 1343 2299 Pragae
1371 2256 1401 2288 d.
1434 2255 1486 2288 17.
1512 2253 1650 2301 Mart),
1684 2245 1918 2291 directio-

104 2322 208 2350 nem
240 2309 555 2361 planetarum
587 2307 809 2350 ceterorum
840 2323 1020 2362 pugnare
1053 2323 1141 2350 cum
1162 2310 1430 2350 fundamentis
1461 2311 1539 2351 mei
1570 2309 1677 2351 modi
1699 2308 1918 2362 dirigendi3

106 2368 243 2408 addidi
275 2374 436 2416 tamen,
484 2368 518 2407 si
552 2369 639 2421 quis
672 2369 795 2408 vellet
833 2374 874 2408 et
904 2375 1062 2408 ceteros
1095 2369 1290 2420 dirigere,
1337 2371 1532 2421 quomodo
1564 2374 1646 2409 tum
1679 2371 1790 2409 esset
1818 2380 1918 2421 pro-

105 2427 336 2466 cedendum.
386 2426 502 2466 Hunc
529 2432 573 2466 tu
603 2440 834 2479 processum
866 2428 1090 2468 rectissime
1116 2428 1346 2480 percepisti,
1380 2429 1452 2468 sed
1482 2427 1699 2477 inutiliter;
1737 2427 1915 2468 abundes

105 2491 240 2525 tamen
273 2490 340 2525 tuo
374 2498 492 2525 sensu
525 2499 643 2537 super
674 2500 759 2527 usu.

225 2542 271 2591 2)
306 2543 550 2584 Miillerus
584 2547 672 2592 (tum
697 2551 852 2592 temporis
877 2550 1131 2583 mathematicus
1157 2550 1308 2582 electoris
1324 2551 1620 2594 andenburgici.
1646 2550 1734 2593 prius
1751 2548 1915 2590 'tychonis

103 2602 322 2637 domesticus,
348 2611 434 2634 anno
464 2601 554 2634 1608
579 2604 612 2634 in
638 2603 770 2640 schola,
797 2613 895 2645 quam
926 2603 1048 2635 elector
1072 2605 1106 2635 in
1147 2603 1265 2640 „Valle
1290 2603 1496 2636 Joachimica
1519 2603 1626 2636 uova“
1659 2603 1815 2642 condidit,
1840 2613 1913 2644 pro-

103 2649 259 2680 fessorem
275 2649 545 2682 mathematicum
563 2651 640 2692 egit,
658 2651 816 2692 simulque
836 2650 1028 2688 „architecti
1047 2655 1082 2682 et
1098 2651 1218 2682 tribuni
1237 2652 1355 2683 aerarii
1371 2651 1527 2683 munere“
1546 2651 1745 2693 fungebatur
1758 2651 1794 2682 in
1811 2650 1913 2682 confi-

105 2702 224 2733 cienda
248 2702 337 2733 fossa
362 2702 405 2733 ad
430 2704 658 2735 connectenda
675 2704 812 2736 flumina
826 2698 1034 2736 Havilam'et
1052 2703 1211 2744 Oderam)
1238 2698 1428 2738 memoria
1447 2699 1584 2749 lapsus
1604 2703 1686 2745 θείς
1713 2709 1914 2748 nunquam

103 2769 198 2795 usus
219 2768 307 2795 sum
328 2755 443 2795 decili
467 2754 600 2803 (36⁰),
621 2770 692 2798 nec
713 2758 1010 2810 semiquadrato
1033 2756 1108 2806 (45
1118 2755 1164 2806 ⁰),
1201 2758 1271 2797 sed
1293 2757 1491 2808 biquintili
1507 2754 1612 2804 (147
1622 2753 1656 2803 ⁰)
1690 2761 1732 2796 et
1751 2755 1911 2807 sesqui-

105 2815 298 2866 quadrato
319 2827 390 2854 seu
411 2815 626 2867 sesquadro
650 2814 797 2865 (135⁰)
831 2822 925 2856 tunc
958 2830 1052 2856 usus
1084 2829 1183 2864 sum,
1218 2829 1305 2856 cum
1337 2815 1542 2855 nobiscum
1570 2820 1682 2855 esset
1699 2814 1908 2854 Miillerus.

103 2873 195 2913 Jam
221 2885 315 2912 vero
337 2873 475 2912 omitto
496 2875 756 2926 sesquadrum
778 2876 826 2915 ob
848 2888 992 2915 causas
1013 2881 1246 2927 sequentes:
1281 2873 1540 2925 Experientia
1565 2878 1752 2922 testatur,
1785 2872 1908 2913 semi-

104 2936 220 2971 sexto
236 2929 312 2978 (30
321 2928 354 2978 ⁰)
370 2943 556 2983 magnam
575 2933 654 2973 vim
675 2934 819 2983 inesse,
844 2939 985 2973 contra
1005 2934 1222 2985 sesquadro
1241 2946 1317 2972 nou
1337 2931 1570 2971 notabilem.
1602 2931 1798 2972 Rationes
1812 2943 1908 2971 vero

105 2990 359 3030 harmonicae
394 2990 527 3030 locant
559 2993 733 3032 secundo
773 2994 860 3032 loco
891 2998 985 3044 post
1017 2992 1224 3032 evidentes
1257 2991 1422 3031 decilem
1455 2987 1576 3038 (36⁰)
1613 2996 1655 3030 et
1686 2990 1907 3030 tridecilem

105 3045 270 3096 (108⁰),
303 3048 351 3088 de
385 3049 525 3101 quibus
558 3051 805 3101 experientia
836 3052 954 3102 plane
987 3051 1082 3090 nihil
1102 3051 1298 3090 hactenus
1318 3048 1538 3088 constituit.
1589 3049 1725 3089 Tertio
1753 3049 1907 3089 demum

105 3107 192 3147 loco
225 3113 314 3147 sunt
355 3107 629 3160 semiquadrus
669 3108 745 3158 <45
757 3107 790 3158 0)
836 3115 878 3149 et
921 3109 1163 3161 sesquadrus
1213 3106 1318 3155 (135
1329 3104 1378 3155 0).
1442 3108 1543 3148 Puto
1588 3107 1709 3162 igitur
1750 3107 1906 3162 operari
