2028 3242
138 123 218 166 164
815 119 963 160 Mysterii
989 117 1254 161 Gosmographici

838 260 998 326 Caput
1033 258 1221 308 XVIII.

168 368 244 408 De
268 366 488 408 discordia
511 369 904 418 προσθαφαιρεσεων
929 379 982 407 ea·
1007 367 1252 421 corporibus
1277 379 1305 406 a
1332 364 1637 420 Copemioanie
1658 365 1706 407 in
1727 378 1889 420 qenere,

677 431 715 467 et
746 425 798 465 de
828 426 1111 466 astronomiae
1139 424 1381 467 subtilitate.

240 519 373 571 Supra
404 533 491 572 cap.
530 517 595 560 14.
630 525 672 559 et
707 518 772 560 15.
816 532 905 560 cum
938 519 1108 571 alicujus
1139 531 1262 571 prope
1295 517 1489 559 falsitatis
1522 517 1652 558 teneri
1682 517 1842 558 viderer
1871 516 1937 557 in-

121 580 225 620 dicio
261 579 568 626 distantiarum,
617 591 715 630 quas
750 578 997 630 Copernicus
1035 578 1216 618 diversas
1261 579 1312 618 ab
1357 577 1420 618 his
1458 577 1690 629 figuralibus
1730 575 1936 629 prodidit:

120 638 336 691 provocavi
369 638 419 677 ad
451 634 824 690 π’ροσθαφαιρεσεις
865 636 1072 689 ἀπογειθςτ
1118 650 1244 690 neque
1287 636 1656 678 condemnationem
1697 636 1938 688 deprecatus

122 711 227 744 sum,
267 697 300 737 si
333 710 447 736 meae
481 710 504 736 a
537 696 826 748 Copernicanis
859 696 1108 748 aliquantum
1139 697 1390 736 recederent.
1451 694 1579 747 Atqui
1615 699 1832 748 postquam
1862 693 1936 734 sub

120 758 238 797 finem
274 754 340 796 15.
375 756 520 808 capitis
553 769 667 795 arcus
708 756 858 795 similes
900 758 1300 808 προσθαφαιρεσεσιν
1337 768 1386 794 ex
1427 753 1748 806 elongationibus
1786 767 1812 793 a
1843 753 1939 794 Sole

122 816 246 856 veluti
279 820 408 855 testes
442 827 575 854 coram
611 815 684 854 hoc
717 815 870 866 judicio
910 815 1024 854 stiti:
1069 814 1147 854 visi
1191 820 1285 854 sunt
1329 814 1387 854 illi
1431 819 1573 853 contra
1616 826 1680 854 me
1724 813 1937 865 deponere.

122 875 267 915 Nullus
313 874 416 913 enim
460 875 712 925 planetarum
757 873 856 922 fuit,
903 874 967 926 qui
1011 873 1204 913 tributum
1242 887 1268 912 a
1299 872 1524 926 Copernico
1564 885 1700 912 arcum
1730 872 1937 913 retineret.

123 933 297 974 Saturno
331 932 461 972 ademi
494 930 579 979 41⁴,
611 932 704 972 Jovi
728 930 781 981 6⁴,
815 932 941 972 Marti
974 932 1141 984 apposui
1174 930 1258 981 30²,
1293 931 1445 972 Veneri
1476 943 1571 972 vero
1603 932 1774 972 immane
1807 943 1938 984 quan-

123 998 207 1033 tum
240 992 366 1032 demsi
399 989 452 1032 2⁰
475 989 555 1040 18¹,
590 996 632 1031 et
650 991 850 1031 Mercurio
877 989 961 1032 61⁴.
1006 991 1310 1031 Existimabunt
1340 991 1462 1043 igitur
1493 989 1559 1043 qui
1591 990 1774 1031 exactius
1806 989 1940 1030 omnia

124 1051 352 1092 examinare
393 1051 546 1097 volunt,
591 1050 682 1102 quia
720 1064 795 1090 non
836 1051 888 1090 ad
925 1063 1095 1102 unguem
1134 1050 1361 1094 consentiat
1397 1050 1576 1090 calculus
1607 1061 1816 1102 corporum
1846 1060 1935 1089 cum

122 1111 284 1163 placitis
319 1109 530 1162 Copernici
563 1122 729 1161 cumque
763 1110 848 1161 ejus
890 1109 1083 1158 numeris,
1126 1122 1282 1149 omnem
1321 1122 1484 1161 operam
1521 1122 1546 1148 a
1576 1121 1639 1149 me
1672 1109 1802 1149 lusam
1832 1120 1936 1149 esse.

124 1169 242 1216 Quod
274 1169 349 1209 nisi
383 1175 524 1209 contra
556 1181 763 1220 excepero,
798 1174 957 1220 meapte
991 1169 1193 1208 sententia
1213 1181 1377 1209 causam
1401 1167 1628 1221 perdidero.
1672 1167 1730 1208 Et
1759 1166 1947 1221 physicis„

124 1229 282 1282 quidem
303 1228 387 1268 sive
408 1228 722 1280 cosmographis,
758 1229 915 1280 qualem
946 1227 1022 1275 hoc
1054 1227 1188 1268 libello
1220 1240 1433 1280 personam
1461 1239 1534 1279 ego
1561 1226 1756 1276 sustineo,
1788 1226 1939 1267 nullam

125 1289 172 1328 de
206 1288 280 1327 hac
313 1287 541 1327 differentia
572 1287 769 1326 rationem
803 1287 941 1328 debeo.
1003 1287 1109 1327 Nam
1142 1287 1220 1327 etsi
1250 1287 1308 1327 illi
1348 1298 1508 1327 suorum
1547 1286 1785 1339 placitorum
1815 1297 1938 1338 argu-

124 1353 261 1386 menta
292 1351 526 1387 mutuantur
558 1346 608 1385 ab
641 1346 903 1393 astronomis,
949 1359 998 1386 ea
1029 1351 1162 1386 tamen
1195 1359 1272 1386 non
1305 1347 1366 1386 ita
1402 1345 1604 1386 subtiliter
1638 1350 1685 1385 ut
1717 1343 1939 1385 astronomi

127 1407 179 1446 ad
211 1405 386 1446 calculos
418 1410 635 1446 revocant:
678 1418 750 1445 neo
789 1405 890 1444 adeo
931 1411 1025 1445 sunt
1055 1405 1311 1457 perspicaces
1344 1411 1416 1445 aut
1445 1404 1611 1453 morosi,
1654 1409 1701 1445 ut
1729 1404 1805 1444 hac
1835 1403 1939 1444 levi-

124 1466 214 1506 cula
246 1464 475 1505 differentia
506 1470 757 1504 moveantur.
821 1463 958 1510 Quare
991 1477 1155 1504 causam
1186 1477 1316 1504 meam
1358 1477 1492 1506 coram
1530 1463 1832 1516 cosmographis
1863 1462 1939 1503 ob-

121 1524 235 1564 tinui.

241 1583 576 1623 Astronomorum
608 1595 703 1622 vero
730 1582 871 1634 vulgus
898 1581 976 1621 etsi
1003 1582 1094 1633 jure
1121 1588 1268 1630 metuo,
1304 1587 1438 1621 tamen
1465 1594 1554 1622 cum
1578 1580 1731 1634 judicio
1764 1580 1939 1621 artifices

123 1655 313 1695 praeesse
345 1654 419 1693 par
451 1641 524 1690 sit,
565 1654 639 1680 non
674 1642 862 1693 despero,
902 1653 1028 1692 neque
1061 1647 1202 1681 contra
1233 1641 1348 1689 illud,
1391 1640 1614 1681 victoriam.
1677 1641 1741 1680 Ac
1770 1639 1938 1692 primum

123 1702 233 1754 ipsos
266 1702 367 1741 bene
400 1700 449 1740 de
483 1700 636 1740 calculo
671 1712 834 1752 sperare
867 1700 1004 1752 jubeo.
1068 1701 1174 1740 Nam
1212 1699 1291 1740 etsi
1328 1700 1526 1740 interdum
1564 1699 1846 1752 grandiuscula
1876 1702 1941 1738 est

124 1760 362 1808 differentia,
396 1759 650 1799 meminerint
682 1765 830 1808 tamen,
864 1771 1048 1798 numeros
1075 1764 1286 1812 excerptos
1313 1771 1362 1798 ex
1394 1759 1492 1800 locis
1524 1756 1818 1799 totiuscirculi
1849 1757 1939 1798 evi-

126 1819 370 1859 dentissimis
404 1824 525 1871 atque
556 1831 606 1858 ex
634 1831 827 1858 concursu
859 1817 1032 1858 omnium
1064 1818 1411 1871 inaequalitatum.
1457 1819 1544 1860 Nec
1575 1818 1680 1858 enim
1709 1829 1786 1870 perr
1811 1821 1940 1857 totum

126 1878 314 1918 circulum
347 1883 464 1917 tanta
496 1883 559 1917 est
591 1877 794 1917 discordia
826 1878 1002 1918 locorum
1034 1890 1084 1917 ex
1116 1877 1347 1929 corporibus
1379 1883 1422 1917 et
1447 1890 1497 1917 ex
1517 1873 1939 1929 Cofiernicwplanetis

126 1937 437 1989 assignatorum,
473 1949 545 1976 nec
579 1937 758 1988 aequalis
793 1936 913 1976 etiam
946 1937 985 1975 in
1019 1937 1200 1976 omnibus
1231 1936 1560 1976 revolutionibus.
1605 1937 1742 1988 Atque
1775 1947 1849 1987 ego
1880 1934 1939 1975 sic

126 1996 326 2045 existimo,
361 1996 438 2034 etsi
471 1995 722 2037 certissimae
755 2001 892 2035 essent
922 1995 1182 2044 Prutenicae‚
1217 2001 1337 2047 atque
1368 1995 1577 2035 verissime
1608 2007 1681 2047 per
1711 1995 1814 2034 hanc
1846 2006 1939 2034 cor-

125 2068 263 2106 porum
296 2054 644 2105 interpositionem
677 2067 832 2094 errores
863 2054 932 2094 isti
973 2055 1342 2102 committerentur,
1389 2059 1474 2094 non'
1510 2065 1632 2106 posse
1670 2058 1812 2102 tamen
1845 2053 1938 2106 jure

126 2114 245 2165 abjici
279 2119 362 2153 tam
395 2113 627 2152 concinnum
659 2112 897 2166 ἐπιχειρημα,
930 2118 1157 2165 propterea,
1193 2113 1296 2164 quod
1329 2125 1440 2153 error
1470 2113 1537 2155 ille
1562 2113 1603 2153 in
1622 2112 1796 2152 minimis
1816 2116 1938 2153 esset.

88 2219 90 2221 ,
126 2173 251 2224 Atqui
284 2185 361 2211 non
395 2176 552 2211 tantum
589 2172 781 2211 incertum
813 2177 898 2221 est,
932 2177 1110 2212 utrorum
1142 2172 1240 2212 vitio
1275 2171 1502 2212 differentia
1532 2172 1633 2212 haec
1664 2171 1836 2221 existat,
1869 2170 1942 2211 sed

87 2226 89 2235 ²
127 2238 268 2271 contra
299 2244 445 2298 inagna
477 2231 650 2282 suspicio
684 2237 725 2270 et
765 2231 893 2271 multa
931 2236 1188 2283 argumenta,
1233 2232 1428 2272 calculum
1466 2231 1595 2284 ipsum
1633 2236 1674 2271 et
1703 2230 1942 2271 Prutenicas

127 2291 288 2330 tabulas
320 2291 358 2329 in
392 2290 510 2342 culpa
540 2290 719 2330 versari:
767 2290 867 2330 adeo
906 2296 950 2330 ut
980 2303 1127 2343 magna
1159 2290 1389 2342 conjectura
1421 2296 1561 2332 contra
1597 2303 1660 2330 me
1698 2289 1863 2339 fuisset,
1906 2287 1942 2328 si

96 2391 97 2397 ,
127 2362 214 2389 011111
247 2349 420 2389 numeris
455 2349 666 2400 Copeinici
698 2350 858 2400 penitus
891 2350 1198 2389 consensissem.
1221 2352 1256 2398 ⁸)

244 2408 392 2448 Eorum
425 2415 559 2448 autem
591 2417 916 2459 argumentorum
942 2410 1016 2448 hoc
1042 2409 1208 2460 primum
1235 2415 1336 2457 esto,
1373 2409 1477 2461 quod
1501 2408 1738 2449 Prutenicus
1762 2406 1940 2448 calculus

129 2481 204 2507 non
238 2480 328 2507 raro
360 2468 398 2507 in
433 2468 667 2518 colligendis
699 2468 953 2519 planetarum
985 2468 1082 2507 locis
1118 2469 1281 2508 fallitur.
1343 2469 1475 2508 Multa
1508 2467 1665 2520 quidem
1696 2465 1942 2508 restauravit

130 2527 242 2566 nobis
265 2526 510 2578 Copernicus
537 2528 575 2567 in
610 2527 790 2579 collapsa
815 2532 990 2567 motuum
1017 2527 1199 2577 scientia,
1233 2528 1434 2579 multoque
1454 2532 1606 2573 nostra,
1639 2538 1756 2578 quam
1780 2530 1942 2578 patrum

132 2586 343 2634 memoria,
383 2586 519 2638 purior
551 2591 614 2626 est
647 2586 906 2626 astronomia.
971 2586 1247 2626 Veruntamen
1279 2586 1314 2625 si
1345 2599 1428 2626 rem
1458 2586 1588 2637 ipsam
1618 2585 1779 2636 penitus
1810 2583 1939 2637 inspi-

130 2644 295 2693 ciamus,
330 2644 606 2697 fateri'utique
628 2657 826 2697 cogemur,
861 2658 932 2684 nos
965 2645 1015 2684 ab
1046 2645 1118 2685 illa
1146 2646 1268 2686 beata
1293 2650 1334 2685 et
1359 2643 1526 2696 optabili
1556 2643 1802 2696 perfectione
1833 2642 1940 2683 haud

130 2704 254 2742 multo
287 2704 447 2755 propius
488 2704 657 2753 abesse,
704 2717 820 2756 quam
861 2705 911 2743 ab
951 2704 1143 2744 hodierna
1179 2710 1297 2744 vetus
1330 2704 1446 2743 abest
1477 2702 1736 2743 astronomia.
1797 2702 1942 2753 Longa

128 2762 194 2800 via
239 2769 325 2810 est,
372 2768 413 2802 et
456 2764 592 2803 variae
636 2763 826 2814 ambages
865 2763 915 2802 ad
954 2763 1055 2802 hanc
1087 2765 1315 2804 veritatem.
1377 2762 1656 2802 Monstrarunt
1685 2761 1796 2802 illam
1826 2760 1940 2800 nobis

131 2826 309 2870 veteres,
342 2821 512 2873 ingressi
545 2827 639 2863 sunt
669 2822 843 2874 majores
876 2821 1024 2869 nostri,
1058 2836 1129 2863 nos
1162 2823 1253 2862 illos
1286 2822 1572 2861 antevertimus
1611 2826 1654 2860 et
1684 2821 1812 2872 gradu
1841 2831 1937 2871 pro-

131 2878 232 2930 piori
264 2881 540 2929 consistimus,
584 2882 655 2921 sed
693 2887 841 2921 metam
880 2881 1051 2920 nondum
1091 2881 1308 2933 attigimus
1370 2881 1460 2920 Non
1494 2892 1568 2931 ego
1599 2879 1699 2919 haec
1730 2879 1768 2918 in
1802 2884 1938 2919 astro-

133 2938 289 2976 nomiae
322 2944 561 2979 contemtum
596 2941 697 2980 dico.
748 2940 827 2979 Est
858 2939 994 2991 aliqua
1025 2941 1182 2991 prodire
1214 2946 1344 2987 tenus,
1378 2939 1412 2978 si
1442 2951 1519 2978 non
1552 2939 1670 2978 datur
1701 2939 1833 2978 ultra:
1867 2937 1940 2977 sed

135 2996 241 3043 ideo,
282 3010 330 3035 ne
364 2998 451 3048 quis
484 3003 633 3038 temere
665 2999 827 3050 gravius
861 2999 952 3050 quid
983 2999 1020 3038 in
1054 3000 1156 3039 hanc
1189 2998 1427 3038 discordiam
1459 3002 1635 3045 statuat,
1679 3002 1721 3037 et
1752 2997 1845 3037 dum
1875 3008 1938 3044 me

134 3054 237 3106 petit
269 3061 310 3093 et
341 3056 437 3095 haec
466 3055 490 3096 5
519 3070 703 3109 corpora,
737 3058 776 3096 in
809 3058 899 3110 ipsa
930 3057 1189 3110 fundamenta
1220 3057 1488 3097 astronomiae
1519 3056 1699 3096 insultet.
1751 3056 1818 3096 Ad
1849 3068 1938 3095 om-

133 3113 238 3153 nium
271 3114 465 3154 artificum
498 3116 800 3156 observationes
837 3112 1033 3168 provoco:
1074 3130 1124 3157 ex
1161 3117 1302 3170 quibus
1340 3115 1475 3156 videre
1507 3119 1588 3165 est,
1630 3120 1780 3169 quanta
1817 3125 1938 3167 saepe
