2028 3242
188 107 202 148 1
213 107 268 149 78
743 85 747 89 s
867 105 1016 147 Mysterii
1043 105 1309 148 Cosmographici

291 214 351 255 „Si
381 224 506 248 verum
535 213 622 248 dicit
641 212 935 247 Ptolemaeus
967 214 1011 247 de
1043 217 1144 247 motu
1174 218 1366 258 corporum
1384 212 1648 248 mundanorum
1685 217 1727 249 et
1755 213 1996 260 dispositione

185 268 358 309 „oi-bium,
391 271 477 301 tunc
508 267 613 301 nulla
631 270 689 300 est
709 269 880 301 constans
914 270 952 300 et
971 266 1137 300 identica
1167 275 1236 311 per
1255 271 1379 300 omnes
1408 265 1582 312 planetas
1614 267 1803 313 proportio
1835 271 1997 303 motuum

185 333 273 362 „seu
292 320 555 367 periodicorum
575 323 779 364 temporum
799 321 845 366 ad
865 320 984 354 orbes.
1656 314 1661 318 “
1784 340 1787 341 ⁷

291 374 352 415 „Si
384 383 510 408 verum
543 373 631 408 dicit
662 373 822 418 Tycho
851 373 1089 413 Braneus,
1127 372 1248 406 Solem
1280 371 1423 417 quidem
1456 383 1536 406 esse
1569 377 1731 408 centrum
1762 373 1998 419 planetarum

185 428 377 474 „quinque‚
409 426 523 461 veluti
543 427 701 472 quinque
721 426 979 471 epicyclorum,
1001 425 1153 460 Terram
1171 436 1259 460 vero
1279 437 1360 459 esse
1382 430 1545 460 centrum
1565 424 1663 460 orbis
1683 426 1790 468 Solis,
1822 431 1866 462 ut
1883 428 1998 463 Terra

185 481 418 527 „quiescente
437 480 502 515 Sol
534 480 730 514 circumeat
762 484 915 524 portans
949 483 986 513 et
1018 479 1153 513 luxans
1184 484 1349 524 systema
1373 483 1491 513 totum
1522 479 1788 525 planetarium:
1819 480 1909 516 tunc
1940 486 1998 516 est

185 535 350 581 „quidem
371 534 499 568 eadem
529 532 719 578 proportio
739 532 1004 577 periodicorum
1023 536 1226 577 temporum
1254 533 1299 566 ad
1331 533 1437 567 orbes
1465 543 1533 578 per
1551 534 1675 567 omnes
1700 533 1897 579 planetas;
1929 533 1997 568 sci-

185 588 294 627 „licet
314 586 505 632 proportio
523 586 753 632 periodorum
775 583 897 630 (verbi
929 595 1053 626 causa,
1074 585 1169 620 Solis
1200 589 1239 620 et
1258 581 1409 630 Martis)
1430 590 1488 620 est
1520 585 1768 632 sesquialtera
1792 587 1997 633 proportio-

185 641 262 683 „nis
285 641 424 675 orbium
444 650 602 680 suorum,
635 640 698 674 sed
718 643 836 674 motus
856 650 928 674 non
949 639 996 673 ab
1017 639 1142 673 eodem
1163 642 1288 673 centro
1309 638 1555 684 dispensatur,
1585 644 1705 674 motus
1724 639 1820 675 enim
1840 640 1997 687 quinque

185 695 443 740 „planetarum
463 693 561 737 circa
579 692 700 727 Solem
720 692 957 738 dispensatur
977 702 1001 726 a
1019 691 1117 733 Sole,
1151 696 1270 726 motus
1291 703 1378 726 vero
1397 691 1492 727 Solis
1519 692 1617 727 circa
1635 693 1787 728 Terram
1805 693 1996 739 dispensa-

185 753 268 788 „tur
287 758 312 782 a
331 747 465 786 Terraz
497 750 539 781 at
558 746 610 781 sic
628 745 691 780 Sol
710 747 958 790 planetarum,
992 745 1108 780 Terra
1125 755 1212 780 vero
1233 745 1328 780 Solis
1348 750 1466 780 motor
1485 745 1732 780 constituit-ur.

291 800 352 841 „Si
381 799 535 845 denique
554 810 680 834 verum
699 799 788 834 dicit
805 798 1140 839 Aristarchus,
1174 799 1296 834 Solem
1325 810 1407 833 esse
1428 803 1592 833 centrum
1623 803 1663 834 et
1681 799 1840 846 quinque
1867 799 1996 845 plane-

183 853 384 895 „tariorum
413 853 553 887 orbium
585 857 624 887 et
650 852 748 886 sexti
768 852 889 892 etiam,
924 851 984 897 qui
1004 852 1188 886 Tellurem
1212 851 1326 893 vehit,
1359 856 1402 886 ut
1420 852 1505 888 Sole
1525 852 1736 897 quiescente
1756 853 1883 888 Tellus
1901 852 1998 888 inter

183 908 381 953 „planetas
401 910 543 940 ceteros
565 906 663 940 circa
682 905 804 941 Solem
823 905 1000 940 vehatur:
1029 910 1117 940 tunc
1136 905 1302 940 binorum
1321 916 1616 951 quorumcunque
1635 906 1869 951 planetarum
1889 906 1995 941 orbes

182 961 302 1001 „inter
321 971 360 994 se
380 959 653 1005 proportionem
668 959 782 993 talem
795 959 947 999 habent,
967 969 1062 1004 quae
1077 960 1167 993 duas
1182 958 1313 993 tertias
1328 959 1596 1004 complectatur
1609 959 1857 1004 proportionis
1877 959 1995 1005 perio-

181 1014 340 1054 „dorum‚
362 1013 422 1047 vel
451 1013 640 1058 proportio
667 1012 898 1057 periodorum
930 1016 988 1046 est
1007 1011 1273 1056 perfectissime
1301 1012 1548 1057 sesquialtera
1571 1012 1818 1057 proportionis
1838 1012 1995 1051 orbium;

181 1071 244 1108 „et
261 1071 380 1101 motus
401 1070 479 1101 tam
498 1065 655 1101 Telluris
683 1076 789 1110 quam
817 1070 1020 1100 ceterorum
1050 1065 1208 1111 quinque
1233 1076 1283 1099 ex
1308 1065 1414 1100 unico
1444 1065 1544 1099 fonte
1565 1064 1704 1100 Solaris
1732 1066 1893 1112 corporis
1923 1065 1993 1100 dis-

183 1124 396 1166 „pensatur.

287 1173 379 1214 „Hic
391 1173 496 1207 nulla
511 1172 621 1218 plane
633 1176 691 1207 est
705 1171 887 1217 exceptio,
902 1171 1091 1217 proportio
1106 1175 1164 1206 est
1179 1171 1421 1206 munitissima
1435 1182 1484 1206 ex
1497 1175 1654 1217 utroque
1666 1171 1804 1214 latere3
1819 1184 1868 1208 ex
1887 1179 1996 1218 parte

182 1227 347 1273 „quidem
376 1237 505 1261 sensus
536 1230 766 1260 attestantur
795 1230 1085 1260 astronomorum
1105 1225 1382 1260 observationes
1418 1223 1653 1270 quotidianae
1685 1236 1765 1261 cum
1797 1226 1893 1261 omni
1911 1226 1995 1261 sub-

181 1280 342 1321 „tilit-ate
363 1291 451 1314 sua:
485 1291 532 1314 ex
553 1283 662 1323 parte
682 1290 769 1313 vero
789 1278 944 1314 rationis
978 1278 1206 1324 astipulatur
1225 1278 1329 1312 nobis
1348 1277 1588 1313 Aristarchus
1619 1278 1655 1312 in
1675 1279 1926 1324 generalibus,
1959 1278 1996 1313 in

181 1334 326 1378 „speeie
355 1344 442 1367 vero
471 1343 609 1368 causae
641 1336 846 1378 suppetunt
876 1331 1191 1372 evidentissimae,
1234 1332 1359 1377 posita
1389 1332 1512 1377 specie
1549 1331 1799 1368 immateriata
1834 1332 1995 1378 corporis

180 1387 354 1428 „Solaris⁹
388 1397 452 1421 cur
483 1386 671 1431 proportio
705 1387 841 1420 debeat
860 1396 941 1419 esse
974 1379 1040 1419 nec
1069 1385 1212 1430 simpla,
1246 1397 1314 1420 nec
1333 1385 1458 1430 dupla,
1491 1385 1556 1420 sed
1582 1385 1696 1430 plane
1727 1385 1994 1432 sesquialtera:

181 1451 339 1481 „causae
365 1439 478 1474 etiam
511 1443 730 1483 suppetunt,
771 1450 834 1474 cur
864 1438 929 1474 Sol
959 1438 1083 1483 potius
1112 1439 1250 1474 Terrae
1286 1443 1329 1473 ut
1359 1438 1593 1483 planetarum
1630 1443 1852 1481 ceterorum,
1886 1449 1995 1485 quam

181 1494 319 1534 „Terra
337 1493 433 1528 Solis
454 1497 571 1527 motor
590 1503 671 1526 esse
691 1492 825 1537 possit;
860 1491 1015 1537 denique
1041 1493 1214 1527 naturale
1233 1491 1389 1526 rationis
1422 1491 1543 1527 lumen
1571 1491 1700 1533 dictat,
1732 1492 1936 1539 digniorem
1956 1495 1997 1526 et

181 1546 323 1592 „magis
343 1545 620 1606 archetypicam
653 1557 734 1580 esse
765 1545 924 1591 speciem
954 1556 1105 1590 operum
1124 1545 1208 1585 Dei,
1239 1544 1269 1586 si
1279 1549 1408 1597 motus
1421 1555 1557 1595 omnes
1574 1545 1638 1592 ab
1653 1555 1725 1588 uno
1744 1545 1847 1590 fonte
1866 1545 1993 1586 fluant,

181 1610 312 1645 „quam
332 1599 362 1633 si
381 1599 548 1644 plerique
570 1598 712 1644 quidem
732 1600 779 1633 ab
799 1610 871 1633 uno
892 1598 956 1632 illo
977 1598 1091 1638 fonte,
1114 1598 1225 1633 fontis
1240 1590 1327 1632 vero
1347 1590 1467 1658 ipsius·
1484 1598 1531 1632 ab
1545 1597 1619 1632 alio
1639 1586 1860 1644 ignobiliore
1879 1593 1992 1633 fonte.

288 1654 473 1693 „Accedat
502 1663 589 1686 vero
611 1652 780 1686 formatio
788 1652 896 1701 ipsa
914 1651 1173 1712 proportionis
1194 1651 1334 1686 orbium
1354 1651 1504 1686 seorsim
1525 1656 1612 1686 ante
1630 1655 1751 1686 motus
1781 1651 1896 1694 facta,
1927 1662 2021 1697 per

180 1706 362 1751 „quinque
394 1706 534 1751 figuras
567 1710 606 1739 et
638 1716 704 1750 per
723 1705 945 1740 harmonias,
1003 1705 1097 1740 Nam
1130 1705 1158 1739 si
1179 1705 1346 1739 Braheus
1372 1716 1498 1739 verum
1529 1704 1635 1746 dicit,
1667 1705 1787 1739 locum
1818 1705 1894 1740 ista
1922 1715 1996 1739 non

180 1760 354 1800 „‚habent
377 1759 446 1793 nisi
467 1758 605 1793 adscito
626 1758 760 1793 circulo
781 1759 904 1803 aliquo
925 1758 1082 1792 Telluris
1103 1758 1200 1793 inter
1219 1759 1325 1792 orbes
1344 1757 1477 1793 Martis
1497 1762 1537 1792 et
1555 1758 1709 1793 Veneris
1727 1769 1796 1804 per
1812 1757 1994 1804 imagina-

180 1812 338 1853 „tionem
360 1812 622 1847 circumducto:
657 1816 696 1845 et
714 1812 816 1846 Deus
848 1822 920 1845 non
939 1811 991 1845 rei
1013 1811 1139 1856 ipsius,
1173 1813 1236 1845 sed
1257 1811 1530 1858 imaginationis
1561 1811 1685 1856 potius
1706 1822 1830 1847 curam
1848 1810 1991 1857 habuit,

180 1865 431 1911 „distorquens
465 1877 556 1910 opus
589 1865 707 1910 ipsum
734 1865 964 1904 mundanum,
998 1870 1041 1899 ut
1061 1865 1182 1910 operis
1203 1864 1422 1910 imaginatio
1453 1865 1611 1909 pulchra
1635 1875 1717 1900 esse
1734 1869 1883 1915 posset·
1913 1875 1993 1899 cum

181 1923 329 1959 „tamen
349 1918 513 1952 infinitae
535 1918 631 1953 aliae
653 1917 788 1952 similes
808 1917 1051 1964 imaginariae
1072 1918 1213 1963 species
1235 1917 1292 1961 (ut
1313 1918 1513 1952 stationum
1544 1922 1584 1953 et
1613 1912 1993 1966 retrogradationum)

181 1976 357 2012 „careant
377 1971 444 2005 tali
465 1977 619 2006 ornatu:
655 1976 696 2006 at
715 1972 744 2005 si
765 1982 890 2006 verum
911 1971 999 2005 dicit
1017 1971 1265 2012 Aristarchus,
1301 1976 1386 2006 tunc
1406 1975 1559 2006 ornatus
1578 1971 1649 2005 iste
1682 1971 1866 2007 invenitur
1884 1971 1922 2006 in
1939 1982 1992 2011 re,

180 2025 343 2070 „species
363 2035 450 2058 vero
483 2024 723 2071 imaginariae
756 2035 891 2066 omnes,
926 2024 1031 2059 nulla
1059 2029 1231 2069 excepta,
1264 2024 1528 2069 permittuntur
1551 2024 1836 2059 necessitatibus
1867 2025 1992 2071 legum

180 2077 420 2123 „opticarum.

286 2131 419 2172 „Hisce
450 2130 642 2175 perpensis
675 2142 783 2176 spero
815 2142 879 2165 vos
913 2141 1050 2176 aequos
1083 2131 1296 2176 dogmatum
1328 2141 1497 2165 censores
1528 2129 1626 2171 fore,
1669 2141 1737 2165 nec
1768 2131 1896 2166 hostes
1927 2140 1991 2165 vos

179 2189 372 2230 „gesturos
403 2189 554 2219 ornatus
584 2195 734 2229 operum
763 2183 964 2219 divinorum
993 2183 1283 2230 exquisitissimi.
1339 2183 1512 2219 valete.“

913 2428 1072 2494 Caput
1110 2425 1254 2476 XXI.

695 2534 812 2585 Quid
843 2548 895 2575 θα·
925 2534 1090 2588 defectu
1121 2533 1469 2588 colliyendum‘)

296 2626 363 2666 Sic
394 2626 517 2679 igitur
549 2628 622 2668 hoc
656 2629 825 2669 alterum
859 2633 1134 2681 argumentum
1163 2628 1298 2677 habet,
1332 2636 1409 2681 que
1433 2629 1646 2682 probatum
1672 2634 1736 2669 est
1755 2629 1991 2669 Aristotelis

177 2687 439 2735 auctoritate,
479 2686 657 2739 potiores
691 2701 779 2728 esse
813 2701 937 2727 novas
971 2688 1233 2741 hypotheses,
1273 2693 1486 2740 propterea
1518 2689 1620 2740 quod
1655 2700 1726 2740 per
1757 2701 1828 2728 eas
1859 2693 1991 2728 motus

178 2744 323 2795 duplici
356 2746 532 2794 nomine,
574 2753 615 2786 et
646 2746 808 2787 virtutis
840 2747 1061 2787 intentione
1096 2752 1136 2786 et
1168 2747 1376 2787 celeritate
1407 2746 1581 2795 reditus,
1625 2748 1722 2787 fiant
1759 2747 1989 2800 proportio-

177 2804 289 2842 nales
331 2804 557 2855 ἀποςημασι
596 2804 905 2858 Copernicanis,
952 2806 1055 2858 quod
1099 2805 1139 2846 in
1176 2811 1357 2846 veterum
1394 2805 1443 2845 de
1483 2806 1627 2846 mundo
1660 2805 1875 2846 traditione
1906 2805 1991 2845 fieri

178 2862 282 2901 nullo
314 2869 435 2914 pacto
467 2864 612 2916 potuit.
676 2866 812 2917 Atque
852 2865 950 2905 haec
996 2864 1152 2917 quidem
1195 2863 1312 2916 hujus
1353 2863 1401 2904 de
1440 2869 1548 2904 motu
1590 2870 1790 2905 tractatus
1823 2863 1989 2905 intentio

180 2921 266 2959 sola
298 2922 472 2962 debebat
503 2936 606 2963 esse.
672 2925 825 2964 Verum
856 2937 935 2964 non
967 2922 1128 2964 difficile
1161 2921 1257 2964 mihi
1289 2929 1354 2963 est
1391 2923 1608 2977 conjicere,
1646 2923 1885 2971 exstituros,
1926 2922 1991 2975 qui
2027 2937 2028 2945 ¹

180 2981 430 3030 optaverint,
476 2987 520 3021 ut
557 2982 660 3023 hanc
699 2983 880 3024 ultimam
919 2982 1097 3035 opusculi
1135 2987 1291 3034 partem
1324 2982 1560 3022 omisissem.
1624 2981 1784 3027 Etenim
1818 2983 1991 3030 (dicent)

179 3037 213 3075 si
252 3050 386 3078 veram
422 3052 494 3091 per
533 3053 701 3092 corpora
737 3042 1036 3094 proportionem
1081 3041 1281 3081 coelorum
1324 3041 1633 3082 constituisses:
1679 3041 1814 3094 utique
1858 3046 2011 3082 motus.

180 3095 288 3136 illam
310 3098 602 3139 confirmarent.
655 3101 823 3141 Veritas
851 3101 955 3141 enim
988 3113 1013 3140 a
1044 3114 1087 3140 se
1121 3100 1210 3151 ipsa
1241 3112 1318 3140 non
1352 3101 1536 3142 dissidet.
1586 3099 1713 3153 Atqui
1745 3101 1858 3141 vides
1889 3100 1989 3152 ipse,
