2028 3242
190 43 291 106 384⁴
748 62 882 94 Literae
907 52 1041 103 Kepleri
1067 40 1268 104 aliominque
1293 67 1427 96 mutuae

188 166 215 218 15
249 171 291 206 et
320 165 361 214 ’11
392 165 499 206 circa
530 170 667 205 tonum
700 165 904 214 minorem,
940 178 1064 218 eoque
1096 166 1224 206 minus
1257 167 1408 220 aliquid
1425 173 1648 220 versantur,
1685 169 1720 219 ῼ
1750 169 1819 210 vix
1843 169 1997 210 comma

196 221 285 279 ⁸⁰s9,
328 224 506 277 attingit.
569 226 628 264 At
661 226 688 275 ζῇ
718 229 816 278 puto
849 225 1022 277 assequi
1042 228 1328 279 διατεσσαρων,
1363 231 1434 267 aut
1463 227 1506 267 id
1537 229 1641 269 forte
1673 241 1879 282 superare.
1940 228 1998 270 Ut

190 283 216 335 15
250 290 292 324 et
322 283 359 332 ‘ll
393 289 566 336 possunt
596 296 816 323 consonare
848 285 1013 324 tertiam
1045 285 1196 334 duram,
1229 292 1399 338 possunt
1429 291 1472 326 et
1490 286 1682 340 quintam,
1715 294 1786 328 seu
1806 291 1994 328 διαπεφτε.

190 344 266 383 Hic
298 346 573 395 διατεσσαρων
616 343 661 382 fit
691 344 876 384 medium.
939 343 1007 383 Fit
1036 344 1158 396 igitur
1189 345 1264 384 hac
1295 344 1519 386 intentione
1562 341 1876 388 et'remissione
1907 359 1997 387 mo-

189 409 299 443 tuum
332 402 575 454 singulorum
607 402 874 454 planetarum,
907 408 953 442 ut
983 403 1195 443 continuae
1229 404 1520 455 quodammodo
1552 399 1637 445 sint
1664 404 1703 445 in
1730 402 1840 446 coelo
1861 405 1996 446 disso-

190 462 372 510 nantiae,
406 461 686 502 interstinctae
718 467 852 502 tamen
886 462 1007 502 certis
1039 463 1196 514 punctis
1229 468 1595 504 momentanearum
1627 465 1997 514 consonantiarum

191 521 522 574 quemadmodum
565 520 678 572 ipsae
722 521 844 561 etiam
888 521 1136 561 radiationes
1180 527 1379 562 astrorum
1423 523 1610 563 continue
1654 527 1796 564 carent
1831 529 1998 584 aspectu

191 580 459 633 geometrico,
505 580 686 620 incidunt
723 585 856 620 tamen
900 580 938 619 in
972 586 1160 632 aspectus
1197 582 1463 634 geometricos
1495 583 1616 622 certis
1646 583 1861 624 momentis
1889 581 1997 623 tem-

192 652 343 692 poi·,um
377 638 537 679 circiter
570 637 625 678 70
658 639 696 678 in
730 639 844 679 annis
878 638 1061 691 singulis.
1125 641 1266 693 Itaque
1303 641 1342 680 in
1379 641 1678 694 „disputatione
1722 641 1994 695 astrologica“

192 698 524 739 considerandum
557 698 712 750 reliqui,
744 711 794 738 an
828 698 932 738 sicut
963 698 1004 738 hi
1037 704 1224 751 aspectus
1256 700 1525 741 momentanei
1543 700 1765 742 incidentes
1791 701 1999 741 concitant

191 764 374 799 naturam
408 757 460 797 ad
491 757 634 796 cienda
666 762 869 806 meteora,
913 770 1001 797 cum
1034 759 1226 810 langueat
1256 758 1328 799 illa
1357 766 1403 799 ut
1432 760 1667 812 plurimum,
1710 761 1868 814 (111311ᾶο
1899 761 1998 800 nulli

191 823 285 857 sunt
318 821 528 869 aspectus,
577 817 699 862 adeo,
743 822 787 856 ut
818 817 1049 868 plerumque
1093 830 1277 858 serenum
1318 823 1360 859 et
1401 819 1658 872 tranquillum
1695 819 1894 868 sit‘tun03
1941 819 1997 860 sic

193 878 314 918 etiam
340 877 415 916 hae
436 875 680 920 harmoniae,
714 875 935 915 incidentes
957 877 1077 916 certis
1098 877 1323 926 momentis,
1358 877 1508 930 aliquid
1535 878 1574 918 in
1595 878 1740 918 mundo
1769 884 1996 919 causentur.

312 934 570 975 Amicissime
602 934 767 984 Tancki,
802 934 895 974 boni
916 936 1102 976 consulas
1124 936 1346 977 discursum
1375 937 1498 977 istum
1523 949 1643 990 super
1659 936 1881 978 Reinhardi
1901 949 1997 990 spe-

194 996 407 1035 culatione.
469 994 604 1033 Prima
636 994 735 1034 haec
768 995 1011 1046 opella'est‚
1045 1007 1146 1047 quae
1177 1007 1240 1035 me
1273 1010 1296 1036 a
1316 996 1486 1048 strepitu
1511 995 1681 1049 nuptiali
1712 996 1920 1038 revocavit
1947 996 1997 1037 ad

193 1056 419 1103 Musarum,
462 1053 540 1092 imo
575 1052 809 1093 Gratiarum
855 1066 984 1096 sacra.
1047 1054 1196 1095 Martis
1234 1055 1339 1095 enim
1377 1055 1497 1095 lituos
1535 1068 1612 1095 non
1652 1067 1766 1106 curo,
1811 1055 1905 1110 quia
1922 1050 1997 1096 'me

193 1115 365 1154 nondum
398 1113 583 1152 attinent.

311 1172 491 1212 Libellos
511 1184 620 1211 meos
653 1171 815 1220 excude,
849 1175 896 1212 ut
925 1172 1001 1213 vis.
1063 1172 1183 1213 Mitte
1202 1173 1387 1226 pagellas
1412 1173 1654 1214 successive.
1717 1173 1836 1214 Vale.
1893 1173 1996 1215 Pro-

193 1233 296 1273 xime
331 1231 496 1271 movebo
530 1230 666 1282 aliqua
697 1231 865 1280 medica,
899 1244 976 1271 non
1009 1243 1104 1271 vero
1137 1245 1187 1272 ex
1220 1231 1389 1282 Galeno,
1423 1233 1496 1273 sed
1527 1245 1580 1274 ex
1611 1244 1688 1273 me.

313 1292 470 1342 Pragae
504 1290 542 1331 d.
581 1288 646 1330 12.
678 1290 780 1341 Maji
816 1288 940 1332 1608.

290 1351 440 1391 Apparet
471 1359 488 1381 e
513 1350 701 1391 praemissis
726 1349 863 1390 Kepleri
887 1350 991 1390 literis
1017 1353 1051 1381 et
1075 1350 1131 1387 iis,
1167 1358 1252 1393 quae
1277 1350 1432 1393 leguntur
1456 1359 1556 1392 supra
1581 1347 1629 1392 (Ρ.
1658 1348 1758 1390 197).
1794 1351 1900 1392 ipsum
1921 1349 2000 1382 inde

196 1399 236 1430 ab
264 1407 349 1430 anno
378 1395 469 1428 ffioo
494 1398 698 1439 proposuisse
725 1397 785 1428 sibi
812 1398 1083 1430 conscribendum
1108 1398 1226 1430 librum
1250 1398 1352 1435 illum,
1378 1407 1475 1439 quem
1494 1407 1581 1430 anno
1599 1398 1732 1430 demum
1753 1396 1853 1430 1619.
1880 1397 2000 1440 publici

193 1447 274 1487 juris
299 1446 396 1483 fecit,
437 1444 681 1483 „Harmonicen
706 1443 857 1481 Mundi“‚
885 1450 935 1482 et,
961 1444 1171 1487 Pythagorae
1197 1450 1347 1477 secutum
1370 1445 1674 1487 philosophemata,
1708 1449 1818 1481 motus
1842 1445 2001 1482 coelestes

198 1502 387 1534 comparare
412 1501 581 1534 nunquam
611 1492 745 1523 desiisse
778 1502 851 1523 cum
876 1494 1019 1524 numeris
1043 1492 1239 1524 harmonicis
1265 1494 1417 1534 sonisque
1441 1492 1670 1530 musicalibus,
1704 1502 1833 1542 semper
1855 1493 2002 1526 innixum

197 1540 473 1576 theorematibus,
500 1549 584 1580 quae
610 1541 643 1570 in
673 1538 891 1577 „¹‘Prodromo
918 1541 1095 1581 proposuit.
1147 1539 1301 1572 Ceterum
1332 1540 1394 1572 hoc
1424 1540 1496 1572 loco
1526 1540 1624 1572 verbo
1658 1540 1787 1572 tantum
1817 1539 1903 1573 haec
1932 1549 2001 1572 mo-

199 1589 309 1619 nuisse
335 1592 388 1619 sat
414 1592 474 1623 est,
501 1587 644 1628 pluribus
669 1588 703 1618 in
730 1588 935 1628 praefatione
962 1588 1033 1624 ad,
1034 1587 1282 1624 ,Harmoniam“
1310 1588 1350 1619 de
1367 1587 1417 1619 his
1443 1587 1608 1630 agendum
1625 1588 1696 1619 erit.
1747 1586 1824 1627 Qua
1858 1583 1939 1620 115115
1960 1587 2004 1619 sit

198 1637 325 1667 ratione
351 1634 479 1667 Reinh
491 1634 616 1666 ardus
651 1635 684 1665 111
720 1635 878 1666 divisione
911 1635 1141 1675 monochordi,
1176 1635 1251 1667 cu'm
1288 1645 1355 1667 non
1393 1636 1569 1677 contigerit
1603 1635 1696 1667 nobis
1720 1635 1883 1677 inspicere
1915 1635 2000 1667 1111115

197 1684 325 1720 librum,
351 1683 527 1719 nescimus,
554 1691 660 1723 neque
687 1681 775 1713 aliud
802 1682 841 1713 de
868 1686 1002 1714 auctore
1028 1682 1145 1714 afferre
1171 1692 1352 1723 possumus,
1378 1692 1476 1724 quam
1501 1683 1814 1722 munere-functum.
1830 1691 2003 1720 exsecan-

199 1731 276 1762 toris
302 1731 335 1761 in
363 1729 478 1770 oppido
498 1728 719 1770 Schneeberg.
769 1729 891 1761 Eodem
927 1730 1070 1761 cantoris
1101 1739 1236 1762 munere
1273 1730 1472 1772 fungebatur
1497 1729 1649 1762 Sethus
1676 1728 1889 1763 Calvisius
1915 1727 2003 1770 (nat.

201 1775 291 1809 1556
318 1777 494 1813 Forslebii,
532 1785 618 1818 pago
646 1774 881 1818 Thuringiae)‚
917 1777 1004 1818 prius
1029 1776 1171 1814 Portae,
1207 1777 1345 1818 posthac
1370 1777 1514 1818 Lipsiae.
1564 1777 1626 1809 Ille
1662 1787 1738 1809 vero
1767 1781 1839 1809 ’11011
1873 1774 2005 1809 tantum

198 1826 330 1857 musicis
356 1834 391 1856 se
418 1824 519 1860 dedit,
536 1823 604 1856 ·sed
630 1824 864 1855 astronomiam
890 1834 1018 1865 quoque
1044 1828 1077 1856 et
1103 1824 1346 1867 chronologiam
1365 1825 1506 1862 colebat,
1533 1829 1567 1856 et
1584 1824 1625 1856 de
1637 1823 1688 1856 his
1705 1824 1884 1866 disciplinis
1899 1823 2007 1856 multa

202 1882 261 1914 per
276 1872 390 1903 literas
417 1872 485 1912 egit
512 1880 586 1903 cum
610 1871 679 1903 Jos.
707 1870 888 1912 Scaligem,
916 1871 1060 1912 Keplero
1088 1876 1122 1903 et
1147 1872 1237 1909 aliis,
1276 1881 1420 1913 opusque
1447 1872 1550 1904 edidit
1575 1871 1953 1915 Chronolovgioum
1984 1879 2006 1903 a

202 1919 437 1961 posterioribus
463 1919 588 1959 passim
611 1918 794 1950 laudatum
843 1918 883 1949 In
909 1918 1145 1961 chronologicis
1159 1929 1223 1950 non
1249 1919 1348 1960 plane
1374 1920 1538 1951 consentit
1563 1929 1638 1951 cum
1660 1919 1826 1960 Keplero,
1859 1940 1861 1942 ι
1886 1928 2006 1952 uocum

157 1983 168 1991 ·
199 1967 328 2008 publice
365 1976 423 2007 per
449 1965 562 1996 literas
590 1965 803 2006 disputavit,
804 1965 858 2003 ,de
884 1975 970 1997 anno
996 1966 1178 1997 nativitatis
1197 1965 1352 2003 Christi“‚
1386 1975 1523 2007 eamque
1549 1966 1590 1998 ob
1616 1975 1752 1999 causam
1787 1966 1870 2009 pluri
1894 1975 1931 1999 us
1957 1965 2004 2002 di-

204 2015 327 2045 cendus
363 2014 424 2045 erit
457 2014 491 2044 in
524 2013 611 2044 libris
637 2013 773 2053 Kepleri
798 2012 1044 2055 chronologicis.
1095 2012 1184 2052 Quos
1218 2013 1298 2045 dicit
1322 2013 1485 2054 ΚοΡ101ι15
1511 2011 1558 2055 (p.
1586 2011 1670 2053 379)
1699 2023 1872 2052 ,,111111101·05
1898 2007 2006 2045 Calvi

200 2061 330 2092 sianos“
370 2061 393 2091 ii
417 2061 530 2091 insunt
554 2060 636 2092 forte
662 2060 769 2091 libello
785 2060 916 2091 Calvisii
941 2061 1116 2101 inscripto:
1145 2061 1369 2098 „Exercitatio
1394 2057 1548 2093 musica‘s
1546 2070 1679 2103 ,quem
1702 2061 1789 2102 typis
1812 2061 2007 2103 impressum

201 2109 282 2140 dicit
306 2071 496 2139 Joecherus.
525 2105 706 2147 (Mortuum
742 2107 918 2139 Calvisium
949 2108 1087 2139 nunciat
1111 2108 1256 2150 Keplero
1281 2108 1370 2140 Petr.
1398 2107 1562 2150 Criigerus
1594 2108 1645 2140 his
1670 2108 1794 2141 verbis:
1828 2107 2007 2141 Calvisium

200 2166 314 2188 mense
339 2155 516 2186 Novembri
542 2152 665 2194 [1615]
693 2155 851 2187 decidisse
877 2156 995 2186 nostin'
1004 2153 1035 2194 2²)
1063 2171 1104 2177 ——

293 2203 354 2234 His
379 2203 564 2244 praemissis
591 2202 740 2234 addimus
767 2202 828 2233 duo
857 2201 1062 2240 „themata‘‚
1092 2203 1231 2235 alterum
1256 2201 1379 2234 Medici
1405 2203 1587 2244 cujusdam,
1613 2203 1647 2235 in
1672 2213 1734 2246 quo
1758 2213 1828 2237 tem
1842 2186 2007 2251 Keplerus

203 2254 329 2282 tractat
344 2252 422 2291 j0ca
448 2250 539 2281 seriis
563 2250 723 2287 miscens,
751 2226 890 2281 alteru⁷m
915 2249 1232 2286 Wallenstenii‚
1259 2250 1346 2291 quod
1370 2259 1468 2291 supra
1492 2251 1608 2292 paucis
1634 2250 1783 2283 diximus.

321 2297 381 2337 Cl.
417 2297 467 2337 D.
500 2297 666 2337 Doctor.
728 2297 820 2337 Etsi
851 2298 947 2337 mihi
980 2311 1022 2337 es
1056 2298 1104 2337 de
1139 2297 1239 2337 facie
1274 2298 1460 2350 ignotus,
1507 2297 1842 2348 ἀποσπασματιον
1870 2302 2006 2337 tamen

201 2364 360 2397 tuarum
392 2357 598 2397 literarum
633 2357 683 2396 ad
716 2369 778 2396 nie
810 2357 975 2397 missum
1009 2370 1033 2396 a
1063 2357 1281 2405 FridericO,
1317 2357 1444 2397 amico
1478 2362 1559 2406 tuo,
1595 2357 1643 2397 de
1675 2357 1756 2397 tuis
1787 2355 2006 2409 postulatis

200 2430 262 2456 me
294 2416 505 2456 certiorem
538 2416 724 2465 reddidit,
759 2429 898 2468 meque
931 2416 1108 2456 vicissim
1140 2415 1350 2468 permovit,
1383 2420 1428 2456 ut
1461 2416 1511 2456 ad
1547 2421 1588 2456 te
1621 2415 1850 2457 scriberem.
1902 2414 2005 2455 Peto

203 2483 336 2516 autem
370 2476 442 2516 abs
475 2481 528 2524 te,
563 2480 608 2515 ut
640 2475 679 2515 iu
711 2489 773 2515 me
807 2475 914 2515 feras
947 2488 1037 2515 eam
1069 2475 1311 2523 libertatem,
1347 2488 1465 2528 quam
1496 2475 1535 2515 in
1557 2480 1598 2516 te
1631 2476 1766 2515 ferunt
1795 2473 1909 2527 aegri
1933 2468 2028 2520 tui„

203 2535 391 2588 Epistola
422 2540 493 2574 tua
523 2535 644 2587 plena
678 2541 741 2575 est
775 2533 1087 2587 superstitionis,
1152 2533 1269 2580 Qu'od
1305 2534 1586 2574 valetudinem·
1612 2534 1780 2583 attinet,
1827 2533 1889 2573 ita
1921 2536 2024 2586 0511

207 2600 405 2634 astrorum
440 2607 561 2634 causa
593 2595 709 2634 homo
743 2594 956 2647 aliquando
988 2593 1126 2633 multis
1159 2598 1330 2634 vexatur
1361 2588 1639 2642 incommodis,
1674 2593 1764 2645 ipsa
1794 2592 1930 2632 tamen
1961 2603 2006 2632 se

203 2653 315 2705 ipsis,
351 2653 409 2692 uti
441 2666 517 2692 non
553 2654 640 2693 sola
673 2658 894 2705 genuerunt
926 2653 1100 2702 morbos,
1133 2652 1192 2692 ita
1225 2653 1312 2692 sola
1343 2651 1578 2693 medicinam
1598 2656 1812 2706 praes-tant
1843 2646 2028 2692 nullam?

202 2713 326 2753 Utere
363 2718 448 2752 arte
483 2717 565 2760 tua,
601 2713 754 2764 corrige
788 2713 983 2761 diaetam,
1019 2712 1137 2751 animi
1171 2711 1505 2764 tranquillitatem
1537 2711 1822 2764 complectere,
1857 2714 1899 2751 et
1929 2710 2007 2751 im·-

207 2772 344 2823 primis
376 2772 506 2811 Deum
537 2773 675 2823 placa:
721 2784 790 2823 per
822 2772 896 2811 has
929 2772 1035 2811 enim
1066 2771 1346 2811 concurrentes
1379 2783 1543 2819 causas,
1589 2781 1690 2822 quae
1721 2769 1880 2822 positae
1913 2766 2028 2810 sunt

208 2832 245 2869 in
280 2836 348 2869 tuo
383 2831 560 2879 arbitrio,
596 2832 651 2881 fit,
686 2836 729 2870 ut
760 2831 1028 2870 incertissima
1061 2830 1114 2880 sit
1148 2830 1269 2870 etiam
1289 2827 1534 2869 valetudinis
1554 2829 1790 2880 praedictio.
1851 2829 1914 2869 De
1935 2827 2006 2869 lite

203 2902 298 2929 vero
346 2895 440 2929 tuae
485 2902 556 2929 seu
598 2889 889 2939 „assertionis“
939 2903 1009 2929 seu
1055 2888 1332 2938 „affectionis“
1368 2888 1523 2940 (legere
1570 2892 1640 2928 aut
1683 2887 1883 2940 conjicere
1927 2899 2028 2928 non,¹

204 2949 334 2999 potui)
367 2949 647 3000 pronunciare,
683 2948 970 2989 alienissimum
1002 2953 1067 2988 est
1099 2962 1123 2987 a
1154 2954 1310 2988 natura.
1375 2947 1650 3000 Symtomata,
1685 2959 1785 2999 quae
1817 2958 2005 2987 recenses

205 3013 249 3046 ut
279 3008 477 3055 medicus,
519 3007 620 3047 bene
656 3008 868 3056 aestimas;
903 3021 991 3047 esse
1024 3006 1312 3047 melancholiae
1346 3005 1539 3055 sobolem,
1580 3010 1626 3046 ut
1658 3018 1796 3057 aeger,
1835 3004 2028 3057 falleris·

205 3065 281 3105 Illa
313 3066 415 3105 enim
446 3066 620 3106 bestiola
658 3071 722 3106 est
754 3068 912 3107 soboles
945 3066 1260 3118 imaginationis,
1302 3066 1441 3105 laesae
1481 3078 1505 3104 a
1541 3065 1808 3105 melancholia
1846 3069 1889 3105 et
1918 3064 2028 3117 ejus2
