1982 3268
703 206 712 217 f
743 159 956 191 Prooemium.
1694 144 1747 197 51

0 268 63 297 n
80 262 256 296 *ht-n
278 262 435 306 culpabis.
482 264 604 296 Poste·
634 264 767 305 prot-lit
797 263 1030 296 candelabrum
1061 263 1122 295 tibi
1151 262 1367 299 mittendum,
1401 266 1523 303 atque.
1556 270 1638 304 qno·
1670 261 1749 294 mihi

181 309 367 353 fuer-tm
392 310 600 344 dixninnendo
624 311 748 350 debito,
771 311 850 343 mihi
872 311 1058 344 ιιιιιιιιητίι
1079 309 1152 347 hot,
1178 319 1259 351 qnos
1282 309 1424 342 inclusos
1443 309 1603 346 invenies,
1630 307 1672 340 ¹5
1687 308 1750 342 sso-

0 364 65 390 ιω-
99 320 1408 400 mian-mmmmmpoedniamunmqumtibimioemm.
1434 354 1750 389 velstndiosocni

0 411 36 437 m
67 403 283 443 eandm,
316 406 409 446 eujus
432 408 587 448 parentet
611 414 667 437 eos
691 405 750 437 tibi
775 405 862 437 donni
885 405 1115 438 mffltuissent.
1158 402 1226 436 Sed
1249 411 1312 435 nec
1337 401 1439 434 aliam
1462 401 1610 444 protecto
1634 412 1748 436 mone·

0 457 30 483 n
51 452 186 493 accepi,
215 460 280 484 ιιοιι
302 453 474 508 quiequam
497 451 539 485 de
572 451 730 508 studioso
751 452 908 494 eJusmodi
939 452 1075 488 rescivi,
1109 451 1183 483 ideo
1208 450 1295 482 sieut
1317 449 1453 490 accepi,
1488 449 1538 481 ita
1561 450 1622 482 tihi
1639 451 1750 506 mitto·

0 591 126 632 σὺ,
150 593 782 637 mir-anciliatbibulaest—

52 684 259 730 Kopleru
283 685 328 721 ad
349 688 436 721 haee
458 689 491 720 d.
521 684 597 730 ¹⁹!„
625 686 826 732 Aug.1599
851 688 1036 730 respondit:

75 745 144 786 De
174 753 341 788 matre
355 760 470 788 mea.
520 747 670 789 verum
701 754 775 797 est,
810 762 879 788 aes
910 747 1080 787 alienum
1111 746 1162 786 ad
1193 743 1280 786 200
1310 745 1352 786 fl.
1383 744 1479 786 mihi
1508 744 1748 797 incumbere,

0 804 67 846 iod
94 805 153 846 illi
192 819 314 860 saepe
355 820 428 860 per
466 807 604 848 literas
642 808 848 848 inculcavi.
911 805 992 847 Cur
1022 811 1153 846 autem
1184 811 1224 845 te
1264 804 1500 845 creditorem
1532 804 1748 857 existimet,

0 877 84 905 msa
115 864 216 906 haec
252 871 339 906 est:
389 865 557 913 Quoties
594 867 743 921 aliquid
780 880 823 907 se
860 866 955 907 mihi
995 866 1178 906 daturam
1209 871 1274 905 est
1304 863 1504 916 pollicita,
1539 863 1665 917 jussi,
1704 869 1750 905 nt

0 924 67 964 >ud
95 927 137 964 te
167 924 397 978 deponeret.
459 925 749 967 Candelabrum
790 937 954 966 aeneum
989 925 1078 977 plus
1115 923 1265 976 negotii
1296 922 1516 976 Schillingo
1557 923 1747 972 exhibuit,

0 992 79 1023 ram
109 988 229 1024 antea
256 985 439 1037 poculum
464 992 706 1038 argenteum.
757 984 838 1025 Sed
863 985 993 1025 elucet
1017 996 1066 1023 ex
1092 983 1159 1023 illo
1189 982 1359 1023 candela
1388 987 1592 1025 maternae
1623 982 1748 1023 bene-

0 1041 193 1093 ilentiae,
207 1055 325 1096 quam
356 1045 586 1096 amplector.
636 1044 750 1085 Fecit
779 1051 912 1084 tamen
943 1042 1066 1083 scitus
1096 1041 1164 1082 ille
1186 1040 1431 1093 Schillingus
1461 1052 1606 1094 operae
1636 1053 1749 1082 com-

0 1090 158 1150 muium,
189 1114 279 1143 cum
308 1103 385 1144 duo
416 1103 633 1155 bajulanda
663 1109 811 1151 essent,
842 1101 1121 1143 candelabrum
1152 1106 1193 1141 et
1224 1096 1279 1141 75
1312 1099 1409 1148 (¹5)
1440 1099 1575 1154 capita
1603 1100 1749 1142 Ponti-

0 1159 113 1210 iulia,
149 1160 377 1214 indignanis
408 1174 505 1203 onus
541 1168 717 1211 tantum,
757 1162 895 1202 alteris
926 1160 1092 1200 alterum
1124 1164 1167 1199 et
1197 1173 1275 1200 una
1306 1171 1350 1199 se
1381 1159 1508 1213 ipsum
1538 1159 1749 1213 imposuit;

0 1218 53 1259 lus
95 1219 199 1260 enim
235 1220 311 1261 sibi
352 1222 542 1273 prodesse
584 1222 736 1262 censuit
785 1218 813 1260 4
860 1219 982 1272 pedes
1023 1219 1197 1267 ferreos,
1250 1231 1367 1271 quam
1413 1223 1475 1259 tot
1521 1219 1749 1271 ponderosa

0 1272 112 1330 ipita.
143 1299 198 1307 -

60 1370 156 1412 Quo
179 1372 305 1416 reliqna
328 1378 404 1406 nnat
426 1373 522 1414 hujus
547 1374 703 1416 epistolae
726 1371 896 1406 referenda
919 1375 995 1403 sunt
1020 1380 1093 1403 cnm
1117 1370 1160 1404 ad
1178 1369 1342 1412 Optieam,
1366 1374 1438 1402 tum
1462 1370 1507 1403 ad
1529 1370 1673 1404 libellum
1696 1380 1748 1405 ne-

0 1422 117 1466 m
141 1423 258 1453 mn
271 1419 401 1458 Ursum,
426 1425 496 1453 uun
511 1420 555 1453 ad
573 1426 683 1454 annot.
710 1431 775 1463 seq.
794 1418 849 1451 40.
885 1417 1056 1451 Concludit
1081 1423 1191 1450 autem
1214 1417 1378 1459 Keplerus
1401 1417 1486 1450 haec
1511 1417 1552 1451 de
1576 1422 1668 1451 statu
1689 1428 1750 1452 no

0 1455 363 1557 mvjmstym
252 1466 531 1509 Stymreferens.
556 1478 640 1512 qnae
664 1471 890 1510 comparentur
913 1475 986 1498 cum
1010 1466 1061 1502 iis,
1087 1474 1171 1508 quae
1196 1464 1312 1497 eadem
1337 1465 1378 1497 de
1400 1475 1437 1497 re
1461 1466 1638 1508 scripserat
1661 1475 1749 1499 anno

0 1619 18 1655 μ,
81 1607 261 1662 Denique
291 1621 367 1651 non
398 1621 557 1662 possum
586 1609 823 1662 praeterire,
868 1613 911 1647 ut
942 1612 982 1646 te
1013 1618 1142 1655 orem,
1174 1606 1418 1659 Praeceptor
1445 1607 1747 1657 humanissime,

0 1664 171 1715 ‘utilium
199 1668 295 1709 mihi
325 1670 576 1723 suppedites,
614 1668 647 1708 si
678 1667 831 1720 quando
862 1679 908 1706 us
911 1679 934 1705 u
965 1666 1119 1713 veniat,
1161 1672 1205 1706 ut
1242 1665 1432 1706 extrudar
1462 1679 1512 1707 ex
1540 1666 1617 1708 hoc
1646 1667 1748 1715 loco,

0 1730 40 1773 β
72 1727 212 1780 exigar
244 1728 309 1768 tot
346 1728 707 1769 incommoditatum
745 1726 924 1777 objectu:
969 1737 1153 1776 quorsum
1195 1737 1290 1777 ergo
1327 1726 1539 1778 praecipue
1576 1726 1749 1768 animum

0 1783 170 1835 {endere
201 1786 379 1827 debeam.
439 1787 541 1828 Nam
578 1786 664 1833 hic,
710 1783 787 1824 etsi
823 1785 907 1824 vita
942 1784 1037 1824 mihi
1074 1784 1270 1835 supersit,
1315 1797 1393 1824 nou
1433 1785 1569 1825 uideor
1600 1785 1748 1827 diutius

27 1893 33 1896 Δ
64 1839 131 1887 eie
158 1856 291 1898 posse.
350 1847 437 1887 Nec
466 1845 559 1886 mihi
588 1845 677 1897 plus
708 1850 771 1883 est
800 1842 1090 1895 respiciendum
1127 1843 1176 1882 ad
1210 1843 1409 1895 jacturam
1449 1856 1588 1897 opum,
1629 1857 1747 1898 quam

36 1915 115 1950 eta,
153 1904 294 1957 quibus
324 1911 468 1946 natura
496 1911 536 1944 et
566 1903 748 1943 instituto
779 1902 886 1942 vitae
918 1902 1142 1943 destinatus
1174 1915 1280 1950 sum,
1310 1903 1562 1954 perficienda.
1624 1904 1747 1946 Plura

0 1965 44 2010 ὴ
74 1962 201 2011 add03
238 1963 316 2004 nisi
345 1969 389 2004 ut
418 1963 491 2003 hoc
522 1968 562 2002 te
592 1975 788 2008 moneam,
831 1961 1036 2001 consilium
1071 1973 1134 2001 me
1164 1967 1319 2013 petere,
1358 1975 1436 2002 non
1474 1962 1745 2004 autoritatem.

0 2018 71 2071 h
100 2021 197 2071 scio,
230 2028 276 2063 ut
304 2022 450 2062 invidia
479 2034 629 2069 careas,
663 2027 779 2060 autor
809 2033 899 2061 esse
930 2033 1007 2059 non
1039 2020 1112 2060 vis.
1162 2022 1222 2060 At
1251 2022 1456 2062 consultor
1486 2035 1575 2062 esse
1604 2021 1747 2064 minori

0 2082 74 2136 piu
99 2086 230 2132 potes.
274 2081 367 2132 Ipse
398 2081 446 2120 de
477 2093 539 2120 me
570 2085 756 2126 statuam
789 2085 831 2120 tu
863 2092 964 2146 quae
989 2078 1061 2119 tibi
1086 2079 1282 2129 sidentur,
1314 2092 1363 2120 ea
1392 2094 1453 2121 me
1483 2093 1611 2121 mone.
1662 2080 1753 2122 Sed

0 2138 27 2184 i.
36 2137 114 2183 11οο
130 2140 343 2180 monendus
368 2151 424 2187 es,
456 2152 531 2179 non
558 2151 677 2190 posse
701 2151 763 2178 me
782 2138 1030 2191 gravissimis
1052 2139 1099 2178 de
1119 2138 1251 2178 causis
1270 2140 1586 2180 ecclesiasticum
1604 2153 1745 2182 munus
1788 2151 1790 2153 ·

0 2196 102 2238 bite:
144 2197 299 2249 quando
339 2198 479 2250 majori
513 2197 775 2237 sollicitudine
813 2203 855 2238 et
891 2210 1038 2249 angore
1076 2197 1306 2238 discruciari
1342 2212 1540 2252 nunquam
1570 2211 1743 2252 possem,

0 2264 82 2300 nam
109 2254 146 2295 si
173 2256 261 2307 jam
288 2255 363 2304 hac
392 2256 635 2296 couscientia
670 2256 709 2296 iu
749 2257 820 2297 illa
848 2257 1055 2308 palaestra
1086 2269 1216 2296 essem
1247 2257 1437 2298 inclusus.
1492 2259 1554 2298 At
1583 2260 1743 2326 profes·-

0 2320 116 2363 anem
143 2314 453 2366 philosophicam
485 2327 754 2367 quamcunque
785 2328 902 2367 spero
927 2329 990 2355 me
1021 2328 1107 2355 cum
1140 2322 1369 2356 ornamento
1407 2318 1661 2365 academiae,
1701 2318 1742 2358 in

16 2394 34 2426 2
53 2390 70 2406 ιι
114 2384 284 2419 venero,
321 2372 357 2412 si
390 2385 467 2412 non
504 2373 642 2413 statim
677 2379 722 2413 at
756 2386 834 2413 non
870 2375 982 2414 multi
1014 2375 1202 2426 temporis
1234 2375 1347 2428 lapsu
1377 2376 1586 2417 facturum.
1650 2375 1741 2423 Qua

18 2426 35 2482 ζ
69 2431 172 2472 ione
209 2431 324 2472 simul
359 2431 528 2471 animum
564 2432 615 2470 ad
652 2432 886 2473 medicinam
922 2433 1148 2500 adjicerem.
1210 2433 1293 2474 Sed
1329 2435 1421 2488 quia
1458 2441 1552 2475 ante
1582 2449 1740 2476 menses

147 2501 347 2530 commune
384 2490 508 2530 totius
545 2491 703 2542 collegii
743 2491 1005 2543 philosophici
1048 2497 1089 2532 et
1131 2492 1255 2544 ipsius
1292 2505 1447 2546 quoque
1476 2494 1741 2535 Hafenrefferi

59 2547 70 2556 “
89 2548 100 2556 ”
137 2566 155 2583 ιι
195 2549 246 2589 ad
276 2561 339 2588 me
368 2549 657 2601 perscripsisti,
690 2550 803 2602 eique
833 2551 997 2591 consilio
1027 2564 1131 2591 nova
1159 2551 1259 2592 haec
1288 2564 1377 2592 mea
1407 2553 1631 2594 sollicitudo
1662 2553 1739 2592 ad-

21 2644 53 2661 „·
101 2606 111 2615 ⁰
140 2611 185 2647 et
213 2607 442 2660 obstrepere
471 2608 650 2648 videtur:
689 2609 895 2648 dicendum
925 2609 1046 2660 igitur
1074 2610 1168 2650 mihi
1198 2616 1280 2659 est,
1318 2612 1412 2664 quid
1441 2625 1503 2651 me
1534 2611 1736 2663 impediat,

23 2665 193 2723 :minus
221 2666 281 2707 illi
308 2679 481 2720 paream.
544 2667 737 2707 Placebat
767 2667 906 2714 vobis,
945 2669 1141 2721 tantisper
1170 2674 1231 2709 me
1267 2670 1306 2709 iu
1338 2670 1511 2710 statione
1542 2670 1618 2709 hac
1648 2682 1740 2710 mea

37 2765 52 2775 Δ,
108 2736 202 2774 ·re,
234 2725 327 2766 dum
355 2732 533 2767 extrema
562 2726 803 2766 necessitate
835 2725 886 2765 ab
913 2739 962 2766 ea
986 2727 1185 2768 detrudar.
1229 2729 1477 2780 Argumenta
1500 2728 1614 2768 vobis
1637 2728 1737 2769 haec

7 2788 14 2795 '
47 2782 321 2834 ,potissimum
357 2785 480 2826 fuisse
517 2785 682 2836 colligo:
732 2785 1032 2835 conscientiam,
1072 2787 1304 2834 utilitatem,
1343 2786 1570 2838 periculum.
1630 2786 1738 2829 Nam

31 2842 227 2885 metetis
258 2844 426 2884 exclusis
456 2845 564 2885 loeus
595 2844 688 2884 mihi
718 2844 795 2883 soli
823 2842 984 2884 relictus
1021 2852 1105 2894 est,
1145 2845 1396 2896 sperabatis,
1435 2846 1517 2886 fore
1548 2851 1593 2887 ut
1621 2846 1734 2900 hujus

56 2942 63 2953 μ,
102 2911 237 2948 morae
273 2907 383 2942 esset
418 2903 559 2956 aliquis
594 2916 690 2944 usus
726 2903 767 2942 in
804 2901 974 2942 ecclesia
1010 2909 1080 2943 aut
1109 2903 1258 2943 schola.
1320 2903 1568 2956 Scripseram
1596 2905 1731 2956 etiam,

10 2965 14 3012 j
49 2954 52 2959 ⁴
82 2978 98 2993 -·
127 2988 129 2990 ·
165 2971 239 3009 me,
270 2966 317 3001 ut
344 2962 524 3014 privigna
551 2974 640 3002 mea
670 2961 890 3002 deserenda
918 2961 984 3010 sit,
1015 2962 1231 3002 irretienda
1259 2963 1376 3014 paulo
1406 2969 1501 3015 post
1529 2964 1733 3006 blanditiis

63 3035 98 3050 π
156 3017 295 3068 'orum‚
335 3024 377 3060 et
409 3020 644 3073 pellicienda
677 3022 718 3062 in
752 3019 992 3072 pontificiam
1028 3020 1268 3072 religionem.
1327 3022 1375 3063 Id
1406 3034 1481 3074 quo
1511 3029 1732 3073 caveretur,

141 3076 362 3127 faciendum
384 3079 605 3120 censuistis.
651 3080 817 3127 Deinde,
849 3079 952 3130 quod
978 3079 1190 3119 utilitatem
1221 3080 1367 3121 attinet
1394 3081 1435 3120 in
1463 3082 1560 3122 meis
1590 3083 1728 3131 literis,

11 3148 14 3151 ·
81 3153 119 3166 ’ν
141 3134 183 3176 vi
210 3136 324 3177 vobis
359 3137 620 3179 certissimam
656 3139 856 3191 jacturam
891 3137 1080 3178 bonorum
1115 3139 1247 3180 uxoris
1283 3152 1419 3190 meae,
1463 3140 1501 3181 si
1536 3142 1646 3182 locus
1676 3142 1731 3181 sit

1396 3208 1452 3241 4⁴}

1818 651 1982 734 >10³2ss
