2028 3242
185 78 198 120 1
207 77 231 119 3
237 75 263 119 4
856 76 1007 117 Mysterii
1033 75 1301 118 Comog'raphiei

952 242 1111 307 Caput
1146 242 1212 290 X.

644 347 719 388 De
751 349 914 401 oriyine
942 331 1214 389 numerorum
1242 347 1459 390 nobilium.
1481 353 1517 398 ⁸)

294 441 495 481 Infinitum
522 447 585 482 est
610 442 768 494 singula
793 443 990 496 persequi,
1026 456 1152 495 neque
1186 443 1270 482 sine
1304 443 1433 483 fructu
1466 444 1514 483 de
1546 443 1608 484 his
1641 443 1870 495 astrologus
1902 456 1990 483 am-

177 501 281 552 plius
313 501 481 552 cogitet.
534 501 758 541 Videamus
791 502 907 542 modo
935 506 1253 543 astronomorum
1274 502 1580 552 arithmeticam,
1616 511 1830 556 sacrosque
1858 514 1990 542 eorum

178 571 376 606 numerOS,
410 557 448 599 6.
489 558 551 600 12.
587 557 656 601 60.
683 557 738 608 ³⁹)
801 562 929 612 Igitur
961 566 1130 613 excepto
1164 561 1384 613 quadrante
1419 566 1460 601 et
1491 567 1690 610 sextante,
1726 574 1782 602 sc.
1821 559 1887 610 15,
1926 558 1991 606 10,

179 631 314 658 omnes
347 619 599 670 sexagenarii
631 625 770 671 partes
802 620 1043 671 multiplices
1075 619 1326 671 reperiuntur
1362 621 1401 660 in
1441 620 1502 660 his
1541 620 1712 674 quinque
1745 621 1990 672 corporibus.

181 677 375 717 Vicissim
407 678 589 730 exceptis
623 679 778 730 angulis
811 679 941 730 planis
974 679 1155 719 octaedri
1188 679 1364 728 etcubi‚
1398 692 1561 732 quorum
1583 684 1748 732 uterque
1774 679 1897 719 habet
1922 675 1991 727 24,

178 742 314 776 cetera
346 737 492 786 omnia,
528 750 628 790 quae
661 742 938 787 numerantur,
973 744 1067 778 sunt
1097 750 1192 789 pars
1225 738 1436 790 multiplex
1467 738 1740 791 sexagenarii,
1772 743 1818 782 ut
1848 736 1993 778 existi-

180 808 302 843 mem,
341 795 409 835 vix
445 795 514 836 ulli
552 809 712 836 numero
749 809 870 848 posse
910 810 958 837 ne
991 811 1015 836 a
1045 797 1277 851 Pythagora
1309 797 1467 850 quidem
1498 797 1621 838 ullam
1651 810 1738 838 rem
1768 797 1994 838 naturalem

180 854 391 906 assignari,
426 867 527 907 quae
560 855 617 895 illi
648 855 778 908 magis
812 855 867 895 sit
897 857 1078 909 propria,
1111 869 1229 908 quam
1260 856 1323 896 hic
1355 868 1541 897 numerus
1575 861 1640 897 est
1671 855 1790 897 dictis
1822 852 1994 911 quinque

179 912 424 964 corporibus.

297 972 409 1012 Unus
443 978 506 1012 est
538 973 680 1020 cubus,
720 973 813 1013 Una
843 973 1041 1027 pyramis,
1074 974 1207 1015 Unum
1241 974 1540 1022 dodecaedrom
1577 973 1710 1015 Unum
1741 973 1991 1022 icosaedron,

179 1031 309 1072 Unum
343 1033 581 1081 octaedron‚
617 1033 747 1073 Unum
780 1033 1005 1073 solitarium
1037 1033 1122 1072 sine
1157 1032 1291 1073 simili.
1383 1036 1388 1039 ”

297 1090 386 1130 Duo
431 1104 598 1143 corpora
642 1091 902 1140 secundaria;
948 1091 1038 1132 Duo
1082 1092 1242 1132 ordines
1287 1103 1524 1145 corporum3
1567 1091 1674 1132 Bina
1715 1101 1874 1145 semper
1917 1090 1994 1133 sibi

181 1149 353 1197 similia3
386 1151 501 1190 Duae
535 1150 730 1202 ejusmodi
763 1151 1056 1191 similitudines.

297 1209 395 1248 Tres
417 1210 552 1262 anguli
578 1210 732 1250 basium
754 1210 791 1249 in
812 1210 1034 1264 pyramide,
1060 1210 1284 1259 ieosaedm,
1307 1209 1510 1258 octaedm,
1539 1209 1633 1262 quia
1653 1209 1774 1250 bases
1793 1208 1993 1254 trilatera.

179 1268 274 1308 Tria
304 1268 494 1319 primaria
526 1281 706 1320 corpora.
770 1269 869 1309 Tres
902 1270 1137 1321 angulorum
1171 1268 1436 1309 differentiae.

298 1326 483 1373 Quatuor
515 1328 651 1379 anguli
683 1333 724 1367 et
755 1328 886 1368 latera
916 1328 1027 1382 basis
1059 1328 1098 1368 in
1132 1328 1247 1368 cubo.
1300 1327 1484 1375 Quatuor
1515 1326 1636 1368 solidi
1665 1325 1887 1382 pyramidis
1919 1340 1995 1369 an-

180 1387 274 1438 guli.
339 1385 523 1432 Quatuor
555 1387 731 1439 ejusdem
764 1388 897 1428 bases,

298 1444 482 1498 Quinque
516 1459 695 1498 corpora.
761 1445 944 1500 Quinque
977 1445 1114 1497 anguli
1145 1451 1186 1485 et
1218 1446 1349 1486 latera.
1378 1445 1416 1485 in
1450 1446 1539 1486 basi
1571 1442 1875 1486 dodecaedrioa.

299 1504 382 1544 Sex
415 1506 549 1557 anguli
583 1506 774 1547 octaedri.
827 1506 910 1546 Sex
942 1506 1074 1545 latera
1103 1504 1338 1558 pyramidis.
1390 1504 1471 1545 Sex
1502 1505 1623 1545 bases
1657 1504 1760 1545 cubi.
1823 1502 1996 1544 Pulcher

180 1576 380 1604 numerus.

301 1621 404 1662 Octo
436 1622 559 1662 bases
592 1622 785 1663 octaedri.
851 1622 956 1663 Octo
990 1623 1126 1674 anguli
1159 1621 1262 1662 cubi.
1285 1621 1321 1669 ι’)

299 1682 520 1722 Duodecim
554 1682 674 1721 bases
708 1682 962 1723 dodecaedri.
1015 1681 1237 1722 Duodecim
1269 1682 1399 1722 latera
1431 1680 1626 1721 octaedri.
1686 1682 1788 1722 Item
1819 1684 1862 1720 et
1891 1678 1994 1719 cubi.

184 1741 406 1781 Duodecim
439 1741 572 1792 anguli
606 1741 816 1781 icosaedri.
880 1741 1101 1781 Duodecim
1132 1740 1241 1792 plani
1275 1739 1410 1793 anguli
1442 1739 1673 1793 pyramidis.

299 1799 406 1839 Ecce
438 1800 502 1839 hic
536 1813 720 1839 numerus
753 1801 791 1840 in
826 1800 1008 1840 omnibus
1042 1800 1211 1852 quinque
1245 1805 1322 1839 est.
1498 1831 1503 1837 ,

300 1858 459 1909 Viginti
493 1859 613 1898 bases
646 1859 858 1899 icosaedri.
923 1859 1079 1911 Viginti
1114 1858 1250 1909 anguli
1284 1857 1539 1898 dodecaedri.

300 1917 457 1970 Viginti
492 1923 659 1969 quatuor
691 1918 826 1970 anguli
864 1918 973 1970 plani
1015 1917 1194 1958 octaedri
1228 1923 1269 1957 et
1301 1917 1402 1958 cubi.
1465 1916 1543 1956 Hic
1575 1916 1729 1956 alienus
1761 1919 1826 1956 est
1855 1925 1996 1954 nume-

183 1989 266 2024 rus,
302 1977 373 2016 sed
407 1989 477 2015 nec
509 1977 748 2029 praecipuae
780 1977 848 2024 rei,
884 1990 955 2017 nec
989 1978 1045 2017 ita
1078 1977 1259 2016 alienus:
1296 1982 1360 2016 est
1391 1975 1495 2016 enim
1527 1975 1589 2015 bis
1626 1972 1691 2023 12,
1725 1979 1789 2015 ter
1819 1971 1860 2022 8,
1894 1985 2012 2026 qua-·

182 2039 245 2074 ter
277 2033 322 2082 6,
359 2035 424 2087 qui
458 2048 594 2074 omnes
627 2043 720 2075 sunt
751 2036 790 2075 in
824 2033 893 2076 60.

303 2094 488 2145 Triginta
520 2095 650 2134 latera
681 2095 877 2135 icosaedri
911 2100 954 2134 et
986 2094 1240 2134 dodecaedri.

304 2152 529 2204 Sexaginta
560 2154 669 2205 plani
703 2154 838 2205 anguli
871 2153 1110 2193 dodecaedri
1145 2158 1186 2192 et
1217 2152 1428 2194 icosaedri.

303 2212 598 2263 Praetereaque
631 2213 726 2252 nihil
760 2218 1003 2259 numeratur,
1035 2212 1111 2251 nisi
1143 2224 1318 2251 summas
1344 2210 1517 2251 omnium
1549 2210 1721 2250 laterum
1752 2212 1795 2248 et
1826 2207 1998 2259 angulo-

182 2283 270 2311 rum
301 2270 401 2311 inire
433 2271 614 2317 velimus,
649 2273 751 2324 quod
779 2272 946 2312 alienius
974 2277 1049 2312 est.
1091 2271 1191 2311 Tum
1221 2271 1459 2322 provenient
1490 2268 1625 2321 anguli
1657 2266 1999 2309 denominantium

183 2329 340 2370 basium
377 2328 441 2378 18,
478 2331 601 2370 facies
636 2330 705 2377 50,
740 2331 873 2383 anguli
906 2331 1086 2379 totidem,
1120 2331 1252 2371 latera
1272 2328 1340 2379 90,
1376 2330 1510 2381 anguli
1541 2328 1650 2381 plani
1686 2323 1783 2368 180.
1832 2325 1999 2367 Numeri

185 2389 347 2441 cognati
380 2402 528 2429 omnes.

807 2506 865 2547 ΙΝ
897 2505 1083 2547 CAPUT
1113 2504 1378 2547 DECIMUM

885 2587 1037 2620 NOTAE
1062 2587 1298 2621 sucroms.

265 2656 306 2701 a)
336 2661 385 2695 Ut
404 2671 516 2706 supra
539 2659 619 2704 jam
639 2660 772 2696 dictum
792 2665 860 2701 est,
883 2661 996 2696 omnis
1018 2672 1246 2696 numerorum
1273 2659 1447 2695 nobilitas
1468 2655 1597 2704 (quam
1624 2656 1822 2704 praecipue
1841 2654 2010 2692 admira-⁷

182 2717 243 2747 tur
274 2713 467 2759 theologia
497 2713 768 2759 Pythagorica,
801 2715 983 2760 rebusque
1011 2714 1139 2749 divinis
1170 2710 1378 2759 comparat)
1407 2716 1465 2747 est
1502 2711 1670 2757 primitus
1701 2722 1752 2746 ex
1778 2708 2012 2763 geometria:-

186 2766 272 2800 Cum
292 2778 377 2800 vero
398 2767 536 2800 multae
558 2766 632 2800 sint
651 2767 730 2811 ejus
751 2772 890 2812 partes,
911 2768 983 2802 hae
1005 2768 1147 2813 quidem
1166 2768 1324 2813 quinque
1349 2767 1492 2812 figurae
1512 2764 1652 2799 solidae
1678 2774 1750 2799 non
1769 2766 1855 2798 sunt
1879 2761 2017 2817 primi¹

188 2830 252 2852 nec
283 2819 391 2852 unica
426 2830 539 2853 causa
570 2819 775 2855 nobilitatis
804 2820 915 2865 hujus
949 2822 1010 2855 sed
1042 2821 1183 2861 accidit,
1214 2824 1256 2854 ut
1274 2821 1391 2855 multa.
1416 2819 1454 2853 in
1476 2819 1629 2852 eundem
1648 2827 1836 2852 numerum
1856 2814 2000 2860 conspi-

187 2874 278 2904 rent.
335 2871 455 2905 Prima
476 2872 568 2907 enim
590 2873 693 2918 origo
715 2873 929 2918 aptitudinis
951 2885 1179 2908 numerorum
1209 2877 1268 2907 est
1286 2885 1335 2907 ex
1355 2871 1482 2918 figuris
1507 2870 1628 2916 planis
1647 2869 1896 2915 regularibus,
1931 2867 2018 2908 eir-{2

187 2923 269 2956 culo
290 2923 563 2967 inscriptilibus,
586 2936 782 2971 earumque
803 2927 1064 2972 congruentia3
1095 2928 1190 2961 unde
1220 2930 1353 2971 postea
1381 2924 1521 2960 solidae
1541 2923 1718 2960 oriuntur.
1773 2922 1866 2957 Vide
1883 2920 1948 2957 lib.
1968 2920 2015 2956 L*

188 2979 226 3008 et
255 2975 299 3009 11.
331 2977 639 3012 Harmonicorum.
697 2981 752 3013 Ne
783 2991 870 3014 vero
891 2979 1135 3020 confundaris,
1174 2979 1237 3013 ubi
1266 2979 1422 3024 legeris,
1456 2975 1784 3012 demonstrationes
1827 2975 2010 3017 laterum.

189 3027 318 3073 quibus
337 3032 489 3063 utuntur
510 3031 663 3074 figurae,
696 3032 832 3066 arcessi
865 3044 888 3067 a
908 3032 1066 3067 numeris
1099 3033 1329 3077 angulorum,
1363 3030 1468 3077 quasi
1493 3030 1574 3064 ideo
1600 3039 1782 3068 numeruS,
1814 3031 1858 3064 ut
1874 3015 2014 3066 numelli

188 3091 284 3121 ransr
315 3080 414 3125 prior
434 3081 482 3115 sit
511 3086 548 3116 et
568 3082 721 3128 dignior.
777 3085 934 3125 Minime,
966 3097 1036 3120 non
1067 3085 1161 3120 enim
1188 3085 1267 3119 ideo
1287 3084 1532 3119 numerabiles
1564 3084 1656 3119 fiunt·
1684 3080 1812 3128 anguli
1842 3081 1919 3129 figu
1984 3087 1987 3089 ’
