2028 3242
791 76 832 108 οι.
856 75 953 108 rehu
975 74 1193 116 ammas.
1805 67 1893 111 299

90 180 312 234 Utrumque
360 179 435 220 hoc
484 180 602 220 valde
652 179 883 220 iracundum
926 178 1107 219 denotat.
1182 181 1214 226 )
1251 178 1291 218 in
1330 173 1378 220 [l
1399 175 1426 228 15
1471 175 1732 224 laboriosum,
1786 175 1893 215 invi-

92 239 204 286 dum,
244 249 422 279 avarum.
493 239 549 279 Et
584 244 750 292 propter
792 238 894 278 hunc
932 243 1139 288 aspectum
1182 237 1397 276 contemtis
1440 236 1518 276 erit
1555 235 1742 276 moribus.
1802 234 1892 275 Nisi

90 297 194 350 quod
225 297 290 336 hic
319 297 540 350 quadratus
573 297 705 338 brevis
737 302 813 344 est,
851 294 988 335 sextili
1019 295 1307 348 aequipollens.
1370 296 1507 346 Atque
1545 294 1667 336 etiam
1698 292 1756 332 illi
1788 305 1891 332 anno

97 353 200 397 1601
235 355 410 408 pessima
442 355 636 396 revolutio
667 355 891 402 illucescet,
927 366 1028 405 quae
1049 359 1119 393 ant
1139 366 1200 394 me
1222 359 1294 393 aut
1312 354 1441 405 ipsum
1461 352 1580 392 tollet
1612 351 1893 403 (significando

90 414 362 460 naturaliter).
422 413 488 454 Ex
519 414 659 466 quibus
690 413 816 461 vides,
848 425 912 452 me
943 411 1041 452 nihil
1073 412 1239 463 rejicere
1272 425 1323 453 ex
1353 411 1598 462 astrologia,
1635 415 1800 462 praeter
1831 408 1925 454 in-Nx

90 472 206 513 utilia
235 473 420 513 domuum
448 472 707 514 numeralium
735 472 1017 519 instrumenta,
1051 475 1093 511 et
1123 470 1235 511 illam
1267 475 1523 522 arrogantem
1553 468 1892 522 praesumtionem
1921 464 1929 517 j

90 531 140 571 de
172 531 338 583 speciali
367 531 659 584 praedictione,
705 531 819 583 qnasi
849 542 967 582 quem
999 542 1235 583 suspensum
1266 530 1313 570 iri
1346 529 1544 576 dicamus,
1588 528 1625 568 ei
1657 540 1735 567 non
1767 539 1893 580 aeque

92 590 252 633 coelum
278 590 457 643 generali
488 590 561 630 sub
586 589 792 642 complexu
825 601 1016 640 aquarum
1045 588 1225 642 pericula
1256 589 1448 629 denotare
1479 587 1634 641 possit:
1679 592 1751 626 aut
1781 586 1895 638 quasi
1920 582 1932 630 ἶ

89 647 367 698 erraverimus,
394 654 564 689 mortem
584 647 703 688 alicui
735 646 1029 700 praedicentes,
1062 648 1129 701 qui
1160 660 1207 687 eo
1226 653 1406 700 tempore
1430 646 1655 699 periculoso
1688 657 1739 685 ex
1758 644 1894 685 morbo

89 707 160 747 vix
189 706 332 748 evasit.
395 707 524 749 Vides
565 707 667 747 haec
709 719 785 746 non
827 706 878 746 ad
915 711 1182 755 contemtum,
1227 707 1298 747 sed
1339 707 1528 746 honorem
1570 704 1699 746 nostri
1741 702 1893 744 ordinis

87 765 301 818 pertinere.
1695 790 1699 793 Δ

205 825 337 865 Meam
368 823 660 864 dedicationem
693 823 943 871 (Prodromi)
976 823 1081 875 quod
1113 824 1272 877 attinet,
1305 822 1442 863 nescio
1473 835 1550 875 quo
1581 826 1703 874 pacto
1733 820 1817 868 flat,
1850 824 1896 860 ut

91 895 179 924 cum
210 883 513 936 praecipuorum
543 895 750 934 procerum
787 882 947 934 optimis
992 887 1082 922 utar
1112 882 1406 931 voluntatibus,
1445 887 1581 922 tamen
1622 881 1685 920 his
1723 878 1895 919 comitiis

91 953 169 983 non
199 942 396 993 potuerim
427 940 604 981 libellum
635 941 791 981 offerre.
854 940 973 981 Multi
1014 953 1076 980 me
1108 941 1379 993 negligentiae
1411 944 1618 981 accusant.
1678 938 1768 990 Ego
1799 949 1894 978 vero

90 1011 348 1054 quaecunque
379 999 609 1040 necessaria
640 999 809 1048 fuerunt,
841 999 882 1039 in
913 1005 1058 1052 parato
1095 1000 1325 1047 habueram,
1358 1013 1443 1040 rem
1474 1004 1604 1039 totam
1629 996 1894 1044 Marescalco,

89 1058 267 1099 Honorio
298 1072 325 1100 a
353 1058 511 1100 Saurau
541 1058 831 1106 commiseram,
864 1058 930 1111 qui
961 1070 1073 1098 suam
1104 1059 1209 1098 ultro
1241 1058 1337 1098 mihi
1369 1058 1515 1099 detulit
1533 1069 1696 1110 operam
1732 1055 1772 1095 in
1793 1067 1891 1108 pro-

90 1117 274 1171 ponendo
304 1117 466 1170 negotio
509 1117 595 1157 sine
627 1116 763 1157 libello
794 1116 986 1169 supplice.
1050 1117 1326 1158 Intermissum
1359 1122 1436 1158 est.
1497 1116 1589 1169 Ego
1621 1114 1810 1156 dimissus
1842 1113 1893 1154 ab

89 1176 171 1226 illo,
202 1187 290 1217 cum
321 1176 398 1217 hac
427 1188 549 1216 voce:
582 1174 700 1222 Quod
733 1175 926 1224 differtur,
960 1188 1038 1215 non
1071 1176 1264 1217 aufertur.
1326 1175 1496 1217 Scilicet
1525 1189 1603 1215 non
1625 1179 1715 1214 erat
1734 1174 1893 1214 faustus

90 1234 287 1277 transitus
317 1234 373 1283 (si
392 1234 591 1276 naturalia
611 1236 871 1286 spectemus),
908 1239 950 1274 et
980 1235 1271 1287 expectandum
1304 1235 1408 1276 forte
1439 1235 1536 1275 mihi
1566 1245 1691 1286 usque
1721 1233 1761 1273 in
1783 1232 1894 1272 futu-

89 1306 175 1334 rum
205 1293 359 1346 Majum
390 1294 455 1334 vel
484 1293 658 1341 Junium,
691 1306 779 1333 cum
809 1293 850 1341 ’λι
879 1293 1028 1333 transit
1056 1307 1129 1346 per
1153 1293 1249 1335 Asc.
1294 1294 1462 1334 Interim
1491 1299 1624 1333 tamen
1656 1297 1802 1343 urgent
1831 1302 1894 1331 me

90 1352 328 1394 creditores!
389 1352 478 1392 Huc
519 1352 677 1392 accedit
715 1351 915 1403 privatum
952 1363 1081 1392 meum
1119 1366 1208 1392 cum
1246 1354 1404 1405 publico
1436 1352 1692 1404 conjunctum
1722 1350 1895 1390 infortu-

91 1410 220 1460 nium,
258 1411 361 1464 quod
405 1411 516 1451 Deus
556 1410 653 1464 Opt.
686 1410 798 1450 Max.
838 1411 1008 1451 omnium
1049 1423 1223 1452 meorum
1262 1413 1460 1451 fautorum
1492 1410 1767 1451 charissimum
1797 1408 1895 1448 mihi

89 1482 141 1510 ex
170 1469 247 1510 hac
277 1469 364 1510 vita
393 1469 551 1522 eripuit,
585 1470 634 1510 D.
669 1469 719 1508 D.
752 1469 1011 1510 wilhelmum
1032 1470 1403 1518 zimmermannum,
1438 1470 1551 1522 cujus
1580 1466 1895 1509 moderationem

89 1532 133 1569 et
161 1529 375 1570 candorem
406 1533 526 1581 atque
558 1528 844 1567 dexteritatem
877 1529 1048 1568 ecclesia
1067 1534 1206 1569 nostra
1226 1529 1447 1569 diutissime
1468 1527 1728 1568 desiderabit.
1772 1526 1888 1566 Mor-

90 1591 184 1628 tuus
216 1593 282 1628 est
309 1599 425 1627 mane
462 1587 499 1627 1.
533 1586 671 1627 Martii
703 1585 766 1626 St.
801 1587 897 1626 Vet.
931 1600 1018 1627 cum
1050 1600 1122 1639 per
1152 1585 1179 1629 9
1199 1588 1448 1640 septimanas
1479 1599 1530 1627 ex
1558 1585 1790 1638 haemoptoi
1820 1585 1894 1624 de-

91 1644 307 1686 cubuisset.
370 1644 547 1698 Cumque
579 1645 686 1685 circa
716 1657 786 1684 eos
818 1640 906 1685 dies
938 1646 1061 1686 validi
1093 1648 1311 1698 perflarent
1340 1646 1464 1695 venti,
1498 1650 1539 1685 et
1568 1651 1662 1697 post
1694 1644 1782 1696 ejus
1814 1643 1892 1684 diei

87 1703 296 1745 meridiem
325 1703 580 1745 vehementer
610 1703 972 1744 tumultuarentur:
1007 1705 1193 1745 dixerunt
1224 1705 1462 1753 adversarii,
1495 1705 1668 1744 animam
1701 1702 1894 1743 haeretici

89 1755 162 1815 p‘er
192 1766 327 1804 aerem
357 1762 612 1803 circumferri.
676 1762 747 1801 Ille
779 1774 873 1802 vero
905 1763 1139 1803 beatissime
1171 1769 1215 1804 et
1243 1764 1517 1816 placidissime
1548 1762 1746 1802 occubuit.

186 1895 396 1939 Astrologiea
418 1895 504 1928 haec
528 1895 665 1937 Kepleri
695 1896 838 1937 ¹iudicia,
877 1898 970 1939 quasi
1002 1897 1046 1929 ad
1077 1897 1294 1930 exercendum
1326 1907 1361 1929 se
1394 1899 1429 1929 in
1458 1907 1494 1930 ro
1524 1897 1695 1939 incognita
1718 1895 1896 1927 Maestlino

89 1943 267 1987 monitu.
292 1943 377 1974 tristi
399 1943 613 1984 comprobata
636 1948 714 1975 sunt
737 1949 868 1976 eventu.
916 1943 981 1977 Die
1002 1946 1074 1985 jam
1098 1942 1144 1976 60
1167 1948 1242 1986 post
1266 1945 1352 1976 diem
1376 1945 1524 1977 nativum
1548 1945 1628 1976 obiit
1652 1942 1788 1984 Kepleri
1811 1942 1897 1974 filius

89 1988 266 2026 unricus.
291 1989 377 2031 quod
401 1988 451 2029 (d.
478 1988 534 2022 ¹1.
558 1990 638 2022 Jun.
667 1988 772 2029 ¹598)
797 1991 847 2022 his
871 1990 1047 2023 Maestum
1072 1992 1225 2024 nunciat:

208 2053 271 2094 De
290 2059 418 2093 morte
444 2054 554 2093 filioli
586 2055 643 2094 tui
664 2060 779 2094 tanto
811 2055 884 2094 tibi
905 2055 1179 2096 vehementius
1204 2055 1408 2104 condoleo,
1441 2056 1558 2107 quod,
1591 2059 1764 2107 quantus
1784 2053 1896 2093 dolor

93 2116 185 2151 tuus
217 2111 358 2159 fuerit,
392 2124 442 2150 ex
473 2124 561 2151 meo
593 2113 718 2164 ipsius
750 2113 1022 2164 conjecturam
1054 2115 1177 2162 facio,
1212 2114 1271 2154 cui
1304 2113 1444 2153 itidem
1474 2114 1584 2153 Deus
1615 2112 1667 2154 O.
1699 2113 1758 2152 M.
1789 2112 1896 2152 filio-

93 2169 174 2209 lum
204 2168 421 2208 Heuricum
451 2182 498 2208 eo
532 2171 618 2221 ipso
650 2177 827 2222 tempore
861 2184 910 2210 ex
941 2172 1016 2211 hac
1048 2173 1134 2212 vita
1166 2173 1374 2220 evocavit,
1408 2185 1484 2224 quo
1516 2171 1594 2224 ipsi
1625 2184 1687 2211 me
1719 2176 1895 2211 metuere

93 2227 167 2268 tibi
199 2227 354 2279 scripsi.
414 2227 520 2267 Nam
554 2228 615 2267 die
657 2229 690 2267 1.
723 2229 875 2279 Aprilis
907 2236 1118 2280 aegrotare
1149 2231 1294 2281 coepit,
1328 2230 1392 2269 die
1424 2229 1464 2270 3.
1499 2230 1676 2282 ejusdem
1707 2230 1807 2269 hora
1843 2227 1894 2268 12

95 2285 316 2326 meridiana
351 2290 528 2324 mortuus
569 2291 650 2334 est,
695 2286 781 2325 dies
818 2292 938 2326 natus
976 2290 1191 2339 sexaginta
1229 2288 1392 2328 dimidio
1429 2289 1571 2329 minus.
1633 2288 1697 2327 Ex
1739 2287 1892 2339 pallore

95 2343 303 2384 cadaveris
334 2343 374 2382 in
406 2343 598 2383 lateribus
629 2344 893 2395 collegerunt,
942 2351 1192 2396 apostemate
1224 2346 1370 2396 capitis
1404 2346 1622 2386 extinctum
1656 2358 1759 2385 esse.
1810 2345 1896 2384 De-

95 2402 284 2442 siderinm
324 2401 410 2452 ejus
449 2402 560 2440 uxori
599 2414 711 2440 meae
749 2403 858 2442 nulla
898 2403 982 2442 dies
1015 2404 1157 2451 leniet;
1203 2404 1298 2443 mihi
1330 2404 1426 2443 illud
1459 2404 1568 2444 cordi
1601 2410 1686 2443 est:
1720 2403 1897 2442 Vanitas

97 2460 358 2504 vanitatum,
403 2466 445 2499 et
483 2459 615 2499 omnia
653 2460 840 2499 Vanitas.
903 2462 1025 2501 Faxit
1056 2462 1182 2510 Deus,
1226 2468 1271 2501 ut
1303 2462 1460 2501 faustae
1506 2468 1597 2501 tuae
1641 2461 1896 2513 precationes

96 2518 187 2559 aliis
217 2518 256 2557 in
287 2518 407 2557 rebus
439 2518 539 2557 meis
570 2523 682 2558 ratae
715 2518 809 2557 sint.

215 2576 522 2616 Zimmermanni
544 2582 712 2616 mortem
743 2582 959 2627 sequuntur
988 2577 1122 2616 tristia
1146 2583 1341 2629 tempora.
1405 2577 1751 2616 Ferdinandus
1782 2577 1894 2628 prin-

97 2645 191 2685 ceps
222 2635 260 2674 in
280 2634 442 2674 Italiam
473 2635 590 2682 abiit;
623 2635 832 2674 Ferrariae
865 2635 995 2686 ipsum
1014 2635 1172 2686 Jupiter
1191 2636 1396 2675 Romanus
1429 2648 1568 2675 mensa
1600 2635 1789 2687 dignatus
1819 2642 1894 2675 est.

98 2693 142 2732 In
173 2693 347 2732 transitu
377 2693 567 2733 torrentis
600 2693 768 2743 alicujus
801 2705 941 2744 parurn
972 2693 1111 2742 abfuit,
1147 2694 1237 2745 quin
1270 2694 1455 2746 princeps
1488 2695 1759 2734 suffocaretur.
1805 2694 1896 2733 Vo-

97 2755 180 2790 tum
199 2750 354 2790 Mariae
375 2751 630 2791 Lauretanae
663 2751 895 2802 concepisse
928 2751 1082 2799 dicitur,
1116 2752 1333 2803 statimque
1366 2752 1404 2791 in
1438 2753 1542 2792 vado
1574 2753 1752 2792 stetisse.
1809 2753 1896 2792 Nec

90 2808 226 2848 minus
255 2808 296 2848 in
326 2809 428 2848 mari
446 2810 604 2849 Veneto
634 2810 886 2861 periclitatus
916 2815 994 2856 est.
1057 2809 1264 2849 Ferrariae
1297 2810 1532 2850 adventanti
1550 2810 1644 2850 Jovi
1675 2815 1717 2849 et
1742 2810 1896 2850 nomine

99 2867 185 2918 ejus
228 2866 365 2906 clienti
407 2869 640 2919 spectacula
683 2867 860 2906 exhibita
897 2867 1023 2918 ignita
1062 2868 1134 2906 snb
1171 2880 1405 2918 vesperam:
1451 2868 1518 2907 ubi
1556 2868 1696 2908 domus
1737 2869 1898 2909 flamma

99 2937 149 2963 ex
179 2923 260 2974 igni
289 2924 451 2965 volante
483 2931 694 2977 concepta,
737 2939 824 2965 cum
856 2938 926 2976 pro
958 2925 1107 2966 ludicro
1141 2931 1390 2977 spectaretur
1427 2927 1650 2966 incendium
1692 2931 1735 2966 et
1764 2927 1895 2979 negli-

100 2987 275 3033 geretur,
307 2984 569 3037 conflagravit
599 2988 700 3032 tota,
734 2990 775 3023 et
807 2984 932 3036 (quod
962 2984 1085 3023 semel
1116 2989 1270 3023 tantum
1290 2985 1481 3031 auditum,
1514 2985 1564 3024 ab
1583 2984 1740 3025 homine
1761 2990 1894 3025 tamen
