2028 3242
958 756 1117 821 Caput
1153 755 1192 803 I.

358 876 521 926 Quibus
550 874 786 915 rationibus
820 873 1042 927 Copernici
1071 873 1317 927 hypotheses
1337 873 1450 926 fiant
1481 879 1790 915 consentaneae.

623 945 683 986 Et
713 943 940 998 eoeplicatio
972 943 1261 997 hypothesium
1295 942 1527 996 Copernici.

284 1050 377 1090 Etsi
409 1049 515 1101 pium
547 1055 623 1096 est,
657 1050 794 1090 statim
827 1049 877 1088 ab
911 1048 1023 1088 initio
1055 1047 1172 1100 hujus
1205 1049 1253 1088 de
1281 1053 1426 1088 natura
1446 1047 1730 1101 disputationis
1751 1048 1898 1098 videre,
1932 1063 1981 1089 an

168 1109 262 1149 nihil
296 1108 433 1149 Sacris
466 1107 615 1148 Literis
649 1107 891 1148 contrarium
924 1107 1103 1147 dicatur:
1136 1107 1463 1160 intempestivum
1495 1113 1630 1147 tamen
1663 1107 1862 1155 existimo,
1894 1121 1983 1158 eam

168 1167 480 1208 controversiam
511 1167 572 1206 hic
601 1180 759 1207 movere
793 1167 901 1219 prius
935 1172 1054 1218 atque
1089 1166 1292 1207 solliciter.
1315 1169 1351 1215 ³)
1395 1166 1499 1206 Illud
1530 1165 1568 1206 in
1601 1179 1747 1218 genere
1779 1167 1981 1219 promitto,

167 1227 262 1267 nihil
294 1240 356 1267 me
391 1226 601 1275 dicturum,
637 1227 741 1278 quod
774 1226 811 1265 in
847 1225 994 1266 Sacras
1026 1225 1189 1265 Literas
1221 1225 1402 1277 injurium
1435 1225 1506 1274 sit,
1541 1230 1583 1265 et
1613 1225 1647 1264 si
1680 1226 1791 1277 eujus
1826 1225 1980 1278 Coper-

168 1287 277 1326 nicus
310 1299 463 1325 mecum
496 1285 767 1332 convincatur,
802 1297 872 1336 pro
907 1285 1012 1323 nullo
1045 1284 1286 1325 habiturum.
1332 1286 1466 1336 Atque
1493 1297 1543 1325 ea
1561 1297 1674 1324 mens
1698 1284 1793 1324 mihi
1825 1297 1984 1337 semper

170 1345 262 1392 fuit,
299 1345 389 1384 inde
423 1358 447 1383 a
479 1357 562 1396 quo.
589 1343 799 1395 Copernici
833 1342 1141 1383 Revolutionum
1175 1343 1296 1383 libros
1330 1355 1570 1395 cognoscere
1604 1343 1727 1395 coepi.

287 1402 387 1444 Cum
420 1403 540 1454 igitur
573 1403 646 1442 hae
680 1403 717 1442 in
750 1408 866 1455 parte
900 1402 1009 1442 nulla
1042 1401 1230 1453 religione
1264 1401 1489 1454 impedirer,
1522 1414 1598 1455 quo
1630 1401 1759 1442 minus
1786 1401 1982 1455 Coperni-

168 1477 255 1502 cum
289 1462 320 1502 si
354 1468 626 1501 consentanea
659 1462 812 1502 diceret
844 1461 1043 1507 audirem,
1085 1460 1254 1512 primam
1286 1462 1403 1501 fidem
1436 1461 1530 1501 mihi
1564 1460 1660 1500 feeit
1689 1461 1760 1501 illa
1790 1462 1980 1513 pulcher-

168 1522 267 1561 rima
299 1520 482 1568 omniurn,
519 1534 620 1573 quae
655 1521 691 1560 in
725 1521 836 1570 coelo
870 1525 1080 1572 apparent,
1114 1533 1202 1560 cum
1233 1520 1394 1572 placitis
1429 1519 1639 1572 Copernici
1671 1520 1904 1560 consensio:
1938 1525 1984 1560 ut

169 1579 233 1632 qui
266 1593 342 1619 non
375 1580 503 1619 solum
535 1584 667 1619 motus
700 1579 942 1631 praeteritos
958 1591 1014 1622 ‚ex
1034 1578 1175 1618 ultima
1196 1579 1436 1631 antiquitate
1457 1578 1651 1632 repetitos
1672 1579 1982 1626 demonstraret,

169 1640 239 1679 sed
273 1638 397 1678 etiam
430 1639 584 1677 futuros
617 1641 762 1683 antea,
803 1651 878 1677 non
913 1637 1070 1688 quidem
1103 1637 1346 1687 certissime,
1393 1638 1462 1678 sed
1501 1644 1635 1678 tamen
1670 1638 1787 1691 longe
1820 1637 1979 1686 certius,

168 1711 285 1750 quam
315 1698 595 1746 Ptolemaeus,
638 1698 870 1748 Alphonsus
908 1703 949 1735 et
981 1696 1125 1742 ceteri,
1159 1696 1323 1737 diceret.
1387 1697 1491 1737 Illud
1523 1703 1656 1737 autem
1688 1697 1805 1749 longe
1837 1697 1980 1748 majus,

169 1758 272 1809 quod
306 1769 406 1808 quae
446 1769 496 1795 ex
535 1755 624 1795 aliis
668 1755 804 1795 mirari
849 1755 1063 1802 discimus,
1109 1768 1245 1795 eorum
1291 1757 1399 1796 solus
1434 1755 1679 1808 Copernicus
1717 1756 1981 1808 pulcherrime

170 1815 363 1855 rationem
395 1814 538 1863 reddit,
574 1827 814 1867 causamque
837 1813 1126 1862 admirationis,
1161 1827 1269 1867 quae
1294 1820 1356 1854 est
1382 1815 1582 1867 ignoratio
1603 1828 1825 1863 causarum,
1860 1814 1979 1855 tollit.

168 1875 377 1926 Nunquam
418 1874 458 1912 id
504 1873 660 1913 facilius
705 1874 873 1913 docuero
919 1873 1135 1920 lectorem,
1184 1886 1302 1925 quam
1346 1873 1380 1912 si
1420 1874 1471 1913 ad
1502 1873 1790 1915 Narrationem
1820 1873 1980 1914 Rhetici

168 1933 378 1984 legendam
410 1932 468 1971 illi
501 1938 640 1972 auctor
673 1938 714 1972 et
744 1944 959 1984 persuasor
993 1931 1180 1971 existam.
1231 1932 1337 1971 Nam
1370 1932 1480 1984 ipsos
1503 1931 1713 1985 Copernici
1747 1933 1868 1973 libros
1893 1931 1980 1972 Re-

168 1991 412 2031 volutionum
445 1991 579 2043 legere
613 2004 690 2031 non
723 1990 904 2030 omnibus
935 1996 1068 2030 vacat.

286 2051 421 2101 Atque
454 2050 527 2089 hoc
562 2051 647 2090 loco
681 2063 878 2102 nunquam
911 2048 1100 2088 assentiri
1131 2049 1242 2100 potui
1275 2049 1373 2098 illis,
1422 2049 1486 2102 qui
1525 2049 1617 2089 freti
1655 2049 1837 2101 exemplo
1871 2049 1979 2089 acci-

171 2109 375 2149 dentariae
410 2109 782 2158 demonstrationis,
829 2121 928 2161 quae
962 2121 1011 2147 ex
1044 2107 1158 2147 falsis
1189 2108 1422 2159 praemissis
1455 2108 1699 2149 necessit-ate
1732 2103 1983 2161 syllogistica

170 2181 305 2208 verum
338 2167 486 2220 aliquid
516 2167 661 2216 infert,
683 2167 720 2215 b)
766 2167 853 2220 qui,
889 2167 1074 2219 inquam,
1107 2167 1180 2206 hoc
1213 2167 1395 2219 exemplo
1429 2167 1521 2207 freti
1554 2167 1864 2216 contendebant,
1896 2166 1981 2206 fieri

169 2240 301 2279 posse,
338 2232 381 2266 ut
413 2227 541 2266 falsae
575 2227 665 2274 sint,
701 2240 800 2279 quae
836 2225 1056 2278 Copernico
1090 2226 1252 2277 placent
1283 2226 1547 2279 hypotheses,
1580 2232 1622 2267 et
1652 2232 1787 2268 tamen
1820 2239 1870 2266 ex
1901 2225 1981 2266 illis

171 2299 266 2326 wra
298 2299 513 2336 φαινομενα
544 2290 735 2351 tanquam
769 2299 817 2325 ex
850 2284 1030 2337 genuinis
1062 2284 1266 2337 principiis
1299 2291 1734 2338 sequantur.-

290 2345 528 2396 Exemplum
561 2344 664 2384 enim
697 2358 773 2384 non
808 2345 992 2397 quadr.at
1055 2345 1160 2384 Nam
1199 2343 1280 2383 ista
1318 2346 1483 2397 sequela
1520 2357 1570 2384 ex
1602 2327 1716 2385 falsis
1747 2341 1982 2396 praemissis

173 2404 336 2444 fortuita
369 2410 455 2452 est,
498 2409 539 2443 et
571 2417 670 2456 quae
704 2404 795 2444 falsi
828 2409 971 2443 natura
1011 2409 1090 2453 est,
1135 2403 1306 2454 primum
1338 2411 1457 2457 atque
1491 2403 1558 2444 alii
1589 2404 1646 2444 rei
1678 2407 1875 2455 cognatae
1907 2414 1981 2442 ac-
2025 2400 2028 2401 ⁷

172 2463 458 2509 commodatur,
492 2476 534 2502 se
555 2462 682 2515 ipsam
703 2462 854 2515 prodit:
889 2462 964 2502 nisi
997 2467 1138 2514 sponte
1166 2463 1363 2502 concedas
1391 2462 1707 2515 argumentatori
1739 2461 1808 2510 illi,
1842 2467 1888 2501 ut
1916 2460 1980 2500 in-

172 2522 305 2561 finitas
333 2521 434 2561 alias
456 2522 582 2562 falsas
602 2522 895 2573 propositiones
917 2526 1109 2569 assumat,
1145 2534 1216 2561 nec
1250 2535 1423 2574 unquam
1453 2522 1491 2561 in
1525 2533 1740 2574 progressu
1771 2532 1981 2573 regressu-

173 2594 245 2632 que
280 2580 353 2620 sibi
388 2581 462 2632 ipsi
495 2587 667 2621 constet.
731 2580 864 2621 Aliter
903 2594 944 2620 se
985 2594 1048 2620 res
1087 2580 1210 2620 habet
1248 2594 1334 2620 cum
1383 2593 1454 2628 eo,
1501 2580 1566 2632 qui
1600 2579 1736 2620 Solem
1773 2579 1811 2618 in
1846 2583 1981 2619 centro
2018 2615 2022 2618 .

173 2641 356 2680 collocat.
421 2641 525 2679 Nam
551 2640 647 2691 jube
681 2640 876 2692 quidlibet
908 2652 1069 2688 eorum,
1115 2652 1214 2691 quae
1259 2653 1401 2679 revera
1438 2638 1476 2678 in
1515 2639 1625 2679 coelo
1665 2643 1886 2691 apparent,
1933 2649 1983 2677 ex
2006 2660 2026 2675 μ

174 2699 295 2737 semel
328 2698 461 2750 posita
494 2699 705 2751 hypothesi
738 2700 1032 2744 demonstrare,
1064 2698 1246 2750 regredi,
1278 2698 1489 2750 progredi,
1522 2711 1642 2738 unum
1674 2710 1724 2737 ex
1755 2697 1833 2737 alio
1866 2695 1982 2736 colli-

175 2769 279 2806 gere,
315 2763 355 2795 et
388 2757 542 2809 quidvis
576 2770 709 2808 agere,
745 2770 843 2809 quae
877 2757 1028 2797 veritas
1062 2770 1192 2797 rerum
1224 2756 1402 2808 patitur:
1436 2769 1562 2808 neque
1595 2756 1660 2796 ille
1693 2754 1913 2796 haesitabit
1941 2754 1982 2794 in

176 2816 278 2862 ullo,
314 2815 344 2853 si
378 2815 586 2866 genuinum
621 2816 690 2864 sit,
724 2822 765 2855 et
798 2818 860 2856 vel
894 2830 943 2856 ex
976 2815 1288 2856 intricatissimis
1320 2815 1704 2854 demonstrationum
1735 2813 1983 2854 anfractibus

176 2872 212 2911 in
247 2885 289 2911 se
322 2885 440 2912 unum
474 2875 796 2915 constantissime
825 2880 1060 2915 revertetur.
1114 2873 1232 2920 Quod
1264 2874 1296 2913 si
1330 2873 1505 2924 objicias,
1539 2873 1644 2913 idem
1675 2872 1821 2925 partim
1853 2871 1982 2912 adhuc
2014 2886 2026 2928 3·

175 2943 321 2982 posse,
366 2931 510 2981 partim
543 2932 634 2971 olim
666 2934 845 2985 potuisse
879 2934 955 2973 dici
989 2934 1036 2973 de
1069 2929 1217 2973 tabulis
1249 2937 1290 2972 et
1320 2931 1607 2984 hypothesibus
1640 2930 1839 2983 antiquis,
1879 2929 2028 2982 quod

175 3001 316 3040 nempe
361 3003 607 3039 φαινομενοις
652 2991 931 3041 satisfaciant,
979 2998 1098 3044 atque
1142 2991 1234 3031 illas
1278 2996 1413 3030 tamen
1452 3003 1477 3029 a
1509 2988 1729 3042 Copernico
1773 2995 1817 3030 ut
1856 2989 2013 3038 falsas

177 3046 314 3099 rejici3
347 3059 464 3098 posse
497 3047 618 3098 igitur
650 3050 790 3089 eadem
823 3051 977 3091 ratione
1011 3057 1054 3090 et
1086 3047 1306 3102 Copernico
1338 3048 1594 3101 responderi,
1628 3062 1768 3100 nempe
1801 3046 2016 3104 quamvis

178 3105 337 3159 egregie
370 3118 522 3154 eorum,
558 3118 655 3158 quae
689 3115 885 3160 apparent
916 3109 1111 3149 rationem
1143 3108 1305 3157 reddat,
1339 3113 1474 3147 tamen
1506 3107 1544 3147 in
1575 3106 1789 3162 hypothesi
1821 3118 1980 3147 errare:

2001 2988 2028 3242 3}
