2028 3242
182 82 194 122 1
206 80 262 124 86
862 83 1012 124 Mysterii
1039 84 1304 129 Comngraphici

459 189 681 233 Adamides
714 203 844 230 rerum
877 203 993 231 curas
1026 191 1181 243 agitare
1215 192 1407 236 suarum?

459 248 644 301 Respicis
675 249 933 299 immeritum,
968 251 1080 290 vehis
1111 250 1151 290 in
1185 251 1375 297 sublime,
1406 251 1582 292 Deorum

459 308 631 349 Tantum
662 322 740 349 non
772 321 897 360 genus
931 315 1010 357 est,
1046 315 1182 350 tantos
1216 310 1374 362 largiris
1407 310 1595 358 honores,

459 367 792 420 Magnificumque
827 374 948 421 caput
980 368 1106 421 cingis
1140 369 1388 418 diademate,
1421 369 1577 422 Regem

459 426 760 480 Constituisque
793 441 912 480 super
943 441 1129 468 manuum
1162 434 1418 469 monumenta
1448 433 1618 470 tuarum.

460 485 578 531 Quod
610 492 732 539 supra
763 492 884 539 caput
916 493 998 536 est,
1033 500 1198 539 magnos
1230 501 1317 528 cum
1349 487 1521 536 motibus
1553 488 1690 538 orbes,

458 544 632 597 Subjicis
665 546 850 598 ingenio:
886 546 1070 599 quicquid
1103 547 1260 587 Tellure
1293 553 1469 594 creatur,

455 604 608 644 Natum
639 605 771 656 operis
802 617 924 657 pecus
958 611 1077 658 atque
1112 605 1191 645 aris
1225 606 1470 647 fumantibus
1502 611 1658 658 aptum,

458 661 648 716 Quaeque
682 664 869 704 habitant
900 665 1024 704 silvas
1056 664 1298 717 reliquarum
1329 678 1422 725 saec
1516 678 1693 715 erarum,

457 720 651 774 Quodque
683 736 829 775 genus,
863 725 1065 772 volucres,
1102 724 1255 765 levibus
1289 724 1384 764 ferit
1415 729 1514 764 aera
1543 725 1705 776 pennis,

457 780 612 833 Quique
645 781 767 822 maris
801 787 956 822 tractus
989 788 1156 839 tranant
1188 788 1229 823 et
1260 783 1440 830 flumina,
1473 783 1624 835 pisces,
1685 831 1690 833 p

458 839 587 880 Omne
613 841 732 894 jubes
766 854 944 892 premere
977 842 1143 894 imperio
1177 843 1397 894 dextraque
1429 842 1600 894 potenti.

514 945 620 986 Jova
651 951 764 987 sator
795 947 953 997 Mundi,
987 953 1245 1000 nostrumque
1278 953 1446 988 aeterna
1476 953 1662 1000 potestas

456 1003 619 1052 Quanta
650 1011 720 1047 tua
753 1012 816 1046 est
848 1020 1004 1047 omnem
1037 1008 1246 1048 Terrarum
1281 1008 1387 1047 fama
1418 1020 1491 1060 per
1521 1006 1686 1055 orbem?

622 1183 681 1225 IN
713 1182 899 1227 CAPUT
930 1183 1250 1225 VICESIMUM
1281 1183 1533 1226 TERTIUM

874 1268 1026 1301 NOTAE
1051 1267 1288 1305 Aucroars.

278 1334 319 1381 a)
346 1338 428 1373 Non
459 1343 582 1374 tamen
614 1340 741 1375 statim
775 1342 819 1375 de
852 1340 1109 1386 conjunctione
1142 1340 1299 1375 omnium
1329 1341 1564 1386 planetarum
1596 1339 1666 1375 sub
1692 1339 1820 1374 eodem
1850 1335 1989 1372 zodiaci

172 1391 291 1437 gradu
311 1392 526 1428 concludere
547 1403 756 1438 possumus:
791 1395 935 1436 sufficit,
969 1394 1000 1429 si
1020 1394 1154 1429 saltem
1180 1394 1216 1428 in
1235 1405 1374 1440 genere
1401 1393 1513 1429 fuerit
1530 1393 1659 1439 aliqua
1686 1391 1900 1428 harmonica
1917 1390 1988 1426 dis-

171 1443 305 1489 positio
335 1448 375 1480 et
402 1446 541 1481 zodiaci
569 1457 634 1491 per
661 1447 835 1492 planetas
865 1448 1005 1489 divisio,
1037 1448 1067 1482 si
1092 1459 1164 1483 non
1191 1459 1240 1482 ex
1260 1448 1408 1489 Terrae,
1439 1451 1480 1482 at
1505 1447 1638 1482 saltem
1665 1457 1715 1481 ex
1733 1444 1829 1481 Solis
1849 1447 1988 1485 centro,

172 1497 253 1531 vide
274 1498 400 1533 Harm.
422 1499 485 1536 lib.
508 1500 570 1534 IV.
592 1511 672 1545 cap.
697 1501 730 1535 2.
753 1505 792 1535 et
813 1501 847 1535 3.

279 1548 318 1592 b)
349 1552 430 1586 Non
462 1553 600 1588 tolerat
621 1554 858 1596 astronomia,
894 1554 1089 1600 supposita
1118 1553 1351 1599 periodorum
1377 1551 1658 1600 aequabilitate,
1691 1555 1733 1588 ut
1753 1549 1987 1586 constellatio

172 1605 265 1639 haec
284 1605 495 1650 perficiatur
515 1608 632 1652 adque
651 1618 790 1642 meram
810 1607 1058 1643 harmonicam
1078 1606 1353 1652 dispositionem
1371 1606 1577 1653 redigatur.

280 1654 316 1700 c)
348 1659 425 1693 Nec
455 1660 525 1694 hoc
556 1660 815 1702 necessarium,
849 1673 915 1696 nec
946 1660 1150 1696 auctoritas
1171 1663 1336 1695 veterum
1368 1659 1488 1706 rigide
1516 1660 1685 1705 urgenda
1713 1660 1757 1693 de
1777 1656 1985 1701 creatione:

172 1710 294 1756 potuit
319 1711 414 1746 enim
443 1713 590 1759 frugum
618 1719 819 1759 proventus
848 1713 934 1758 (non
965 1714 1160 1749 creationis
1191 1709 1384 1758 memoria)
1406 1723 1556 1749 causam
1584 1713 1683 1754 dare,
1718 1722 1782 1746 cur
1801 1709 1887 1750 anni
1905 1709 1985 1745 finis

174 1770 367 1800 autumnus
399 1767 613 1801 haberetur.

280 1815 317 1860 d)
352 1819 444 1859 Quid
466 1820 495 1854 si
515 1832 559 1854 ne
580 1821 649 1854 hoc
669 1819 834 1865 quidem?
867 1821 949 1866 quid
978 1821 1005 1855 si
1028 1833 1098 1856 non
1120 1821 1155 1855 in
1176 1820 1362 1855 absidibus
1390 1819 1506 1855 creati
1525 1819 1712 1864 planetae,
1745 1817 1843 1853 utin
1861 1820 1987 1851 extre-

173 1871 249 1912 mis,
270 1872 332 1906 ubi
353 1873 526 1918 aequatio
547 1874 661 1914 nulla,
683 1875 746 1908 sed
767 1873 803 1907 in
822 1874 1019 1909 intervallo
1040 1874 1168 1915 medio,
1189 1874 1252 1909 ubi
1273 1874 1446 1919 aequatio
1467 1872 1657 1908 maxima?
1703 1872 1834 1917 Itaque
1859 1880 1987 1915 super—

172 1930 231 1958 est
251 1925 467 1959 exercitatio
498 1926 572 1960 ista
602 1927 795 1971 proposita
822 1928 990 1962 'omnibus
1023 1928 1312 1963 calculatoribus
1340 1925 1603 1966 astronomicis,
1637 1929 1676 1960 et
1701 1925 1814 1970 plena
1845 1923 1987 1969 quidem

172 1977 258 2022 piae
290 1979 538 2023 persuasionis
571 1981 614 2013 de
648 1984 730 2014 ortu
759 1980 943 2025 temporis.
1001 1981 1219 2016 Maestlinus
1254 1981 1380 2026 aliqua
1410 1979 1580 2013 tentavit.
1637 1977 1772 2022 Accipe
1805 1981 1845 2011 et
1875 1987 1900 2011 a
1930 1987 1986 2010 me

175 2030 295 2071 aliam,
329 2032 391 2065 ubi
423 2044 471 2066 ex
492 2037 617 2067 centro
638 2032 732 2068 Solis
766 2034 887 2068 omnia
917 2034 953 2068 in
975 2034 1062 2068 locis
1090 2034 1268 2079 oppositis
1301 2038 1340 2068 et
1359 2032 1561 2078 quadratis,
1594 2036 1634 2065 et
1663 2030 1809 2075 punctis
1841 2029 1984 2075 quidem

175 2084 437 2120 cardinalibus.

281 2137 458 2172 Currente
489 2142 586 2173 ante‘
608 2149 734 2173 aeram
764 2144 925 2174 nostram
954 2140 1146 2185 vulgarem
1176 2151 1272 2174 anno
1294 2138 1396 2175 3993
1416 2139 1565 2174 Juliano
1597 2141 1696 2172 retro
1726 2139 1895 2176 extenso,
1929 2135 1986 2169 die

175 2191 236 2225 24.
256 2191 344 2225 Julii
374 2193 419 2226 ad
439 2202 631 2237 vesperam
661 2191 858 2236 incipiente
888 2192 925 2226 in
944 2193 1135 2229 Chaldaea
1166 2193 1259 2228 feria
1279 2193 1450 2234 secunda,
1479 2192 1542 2227 Sol
1561 2195 1600 2226 et
1617 2191 1724 2226 Luna
1754 2189 1791 2224 in
1811 2188 1987 2234 principio

173 2244 295 2278 cancri
315 2256 429 2289 prope
450 2257 511 2280 cor
531 2245 658 2286 leonis,
694 2257 815 2281 omnes
836 2246 963 2280 Lunae
994 2251 1112 2282 motus
1144 2247 1180 2282 in
1202 2245 1468 2293 quadrantibus
1489 2249 1584 2287 sunt,
1617 2249 1660 2279 ut
1690 2247 1729 2277 et
1747 2253 1871 2277 omnes
1902 2241 1986 2277 reli-

174 2297 251 2342 qui:
286 2297 464 2332 Saturnus
486 2303 524 2333 et
542 2298 743 2333 Mercurius
772 2310 898 2333 versus
919 2299 1037 2334 librae
1058 2301 1209 2341 initium,
1243 2300 1399 2345 Jupiter,
1428 2299 1554 2333 Tellus
1574 2307 1703 2332 versus
1723 2295 1984 2341 capricornum,

172 2351 289 2391 Luna,
322 2351 433 2392 Mars,
467 2353 591 2386 Venus
624 2363 750 2386 versus
771 2364 953 2388 cancrum.
1005 2354 1046 2388 In
1066 2354 1246 2388 Mercurio
1276 2354 1467 2388 abundant
1485 2353 1628 2398 gradus
1649 2349 1800 2396 aliquot,
1833 2349 1896 2383 8θᾶ
1926 2347 1986 2394 ‘1¹1i

173 2404 331 2438 consumi
363 2410 518 2450 possunt
550 2405 630 2449 ejus
651 2406 871 2450 aequatione
904 2406 1064 2442 maxima
1096 2407 1274 2447 ablativa,
1309 2406 1339 2441 si
1370 2407 1473 2440 modo
1503 2405 1596 2440 satis
1626 2402 1796 2449 cognitus
1817 2405 1875 2436 est
1905 2401 1985 2445 ejus

173 2461 290 2491 motus
311 2458 458 2499 medius,
487 2463 530 2493 ut
549 2471 620 2492 non
638 2470 705 2503 per
724 2459 833 2504 hujus
861 2460 1122 2495 correctionem
1141 2463 1412 2495 consumantur.
1462 2460 1501 2494 ln
1521 2459 1666 2493 Venere
1686 2454 1796 2490 etiam
1819 2455 1986 2489 abundat

173 2510 320 2556 aliquid,
354 2513 446 2556 quod
469 2512 689 2557 aequatione
721 2513 803 2547 tolli
832 2525 903 2548 non
922 2517 1058 2557 potest.
1111 2514 1218 2548 Feria
1237 2514 1396 2548 secunda
1414 2515 1474 2547 est
1492 2509 1720 2549 firmamenti,
1756 2519 1821 2542 seu
1842 2519 1984 2553 expan-

174 2563 283 2598 sionis
304 2564 399 2599 inter
419 2576 532 2610 aquas
554 2569 592 2599 et
612 2576 743 2611 aquas;
766 2566 870 2612 quasi
892 2567 997 2601 orbes
1019 2578 1084 2602 seu
1104 2568 1293 2612 planetae,
1315 2577 1382 2611 per
1401 2566 1496 2600 hanc
1516 2563 1781 2609 expansionem
1803 2561 1857 2595 ire
1871 2560 1982 2605 jussi,
2026 2579 2028 2595 l

173 2617 298 2652 statim
318 2617 354 2651 in
374 2618 452 2663 ipso
473 2623 554 2652 ortu
575 2619 742 2663 expansi,
765 2619 953 2664 coeperint
972 2620 1041 2661 ire;
1063 2620 1158 2655 feria
1177 2632 1262 2654 vero
1283 2623 1417 2665 quarta
1435 2619 1577 2652 demum
1603 2618 1823 2651 exornatum
1844 2615 1986 2651 coelum
2026 2619 2028 2624 '

172 2670 347 2705 extimum
366 2671 460 2711 fixis,
483 2676 522 2706 et
539 2671 602 2706 Sol
622 2676 660 2706 et
678 2673 785 2707 Luna
804 2678 873 2708 etc.
895 2673 1024 2708 ultima
1043 2685 1153 2709 manu
1173 2673 1357 2718 imposita.
1371 2666 1418 2713 ⁶³)

279 2721 315 2765 e)
345 2725 492 2770 Dogma
518 2724 746 2760 innitebatur
773 2726 857 2760 huic
882 2730 924 2760 ut
948 2726 1119 2772 primario
1147 2727 1400 2761 fundamento:
1433 2723 1526 2769 quod
1560 2722 1656 2757 inter
1675 2721 1783 2756 orbes
1804 2720 1984 2754 coelestes

174 2776 222 2810 sit
252 2778 443 2822 proportio*
473 2778 555 2818 illa,
590 2789 683 2824 quae
715 2784 774 2813 est
805 2779 944 2814 orbium
975 2779 1278 2826 geometricorum
1317 2777 1534 2823 cujuslibet,
1576 2787 1624 2809 ex
1656 2774 1813 2821 quinque
1843 2772 1983 2819 figuris.

174 2829 322 2864 illarum
347 2831 440 2864 enim
462 2836 619 2876 quatuor
644 2832 900 2877 proportiones
928 2837 1013 2867 sunt
1033 2833 1249 2872 ineffabiles,
1281 2843 1357 2871 seu,
1388 2834 1430 2865 ut
1459 2828 1519 2863 hic
1548 2839 1627 2862 cum
1647 2827 1761 2873 vulgo
1782 2825 1983 2871 appellavi,

174 2881 418 2917 irrationales.
475 2885 558 2919 Jam
585 2896 671 2919 vero
698 2886 973 2920 fundamentum
1000 2887 1069 2920 hoc
1086 2884 1335 2924 refutavimus,
1365 2883 1451 2929 quia
1478 2881 1667 2926 proportio
1696 2878 1908 2914 coelestium
1928 2889 1984 2913 or-

176 2934 271 2968 bium
300 2947 371 2970 non
398 2941 456 2970 est
481 2948 526 2970 ex
550 2938 636 2972 solis
666 2938 822 2983 quinque
847 2939 987 2984 figuris.
1045 2938 1253 2979 Quaeritur,
1287 2936 1371 2982 quid
1394 2935 1473 2980 Jam
1502 2945 1610 2979 porro
1642 2935 1685 2968 de
1712 2934 1780 2967 hoc
1811 2933 1984 2978 dogmate

176 2989 379 3028 tenendum,
402 2994 439 3023 et
458 3000 541 3023 num
562 2992 668 3025 detur
688 2990 814 3036 aliqua
832 2992 1001 3036 perfecta
1019 2990 1289 3037 apocatastasis
1309 2993 1470 3023 motuum
1490 2987 1674 3021 omnium?
1729 2986 1832 3026 Dico,
1861 2995 1984 3030 quam·
2004 3032 2006 3034 v

175 3038 229 3072 vis
248 3039 317 3073 hoc
339 3041 573 3077 fundamento
594 3044 756 3084 subruto,
784 3045 923 3079 nullam
941 3050 1066 3079 tamen
1086 3044 1164 3088 dari
1190 3041 1480 3088 apocatastasin.
1538 3040 1576 3074 Id
1602 3040 1780 3085 probabo.
1837 3038 1984 3073 Certum
2000 3052 2007 3057 ··

175 3091 291 3137 igitur
310 3097 377 3134 est,
409 3093 438 3127 si
458 3095 712 3141 proportiones
734 3098 866 3132 saltem
886 3097 1150 3143 periodicorum
1171 3100 1373 3141 temporum
1393 3098 1479 3129 sunt
1497 3092 1675 3138 estabiles,
1707 3090 1786 3134 dari
1807 3094 2005 3137 apocata-{
