1982 3268
1799 79 1880 112 XIII

81 183 168 230 rum
195 185 364 240 Kepleri
392 198 512 228 manu
540 185 779 239 scriptorum
809 184 1069 232 collectione,
1114 197 1235 238 quae,
1275 197 1393 238 quum
1424 189 1547 226 antea
1574 183 1782 238 Petropoli
1813 185 1877 226 la-

80 258 216 308 tuerit,
245 271 348 300 nunc
378 258 580 299 Pulcovae
610 261 809 298 servatur.

194 327 352 370 Editori
384 329 542 382 quidem
572 340 806 381 persuasum
848 331 936 375 est,
983 338 1055 368 eos
1097 338 1187 367 esse
1228 325 1393 378 Kepleri
1435 326 1586 377 libros,
1625 327 1767 381 quibus
1798 340 1876 368 11011

81 402 335 441 astronomus
365 404 523 440 tantum
547 399 740 452 capiatur,
768 397 841 438 sed
863 401 1029 450 propter
1050 396 1292 438 varietatem
1319 399 1557 449 argumenti,
1590 398 1693 451 quod
1719 398 1771 438 ad
1797 397 1879 438 alia

63 479 232 524 *quoque
261 470 467 511 literarum
497 481 647 522 genera
676 468 872 521 pertinet,
903 468 1027 509 etiam
1056 467 1340 521 philosophus,
1371 467 1606 514 historicus,
1637 468 1878 521 philologus,

77 539 246 594 donique
276 553 392 582 nemo
416 553 495 583 non
525 540 731 581 literarum
760 551 900 580 amaus
933 539 1146 587 doceatur,
1188 537 1336 591 aliique
1365 538 1574 591 proposita
1603 538 1725 591 prisci
1756 539 1878 580 moris

78 614 123 651 et
149 610 450 652 consuetudinis
490 610 665 663 imagine
702 610 963 651 delectentur.
1024 609 1139 650 Hane
1174 620 1271 650 vero
1314 608 1562 661 ingeniorum
1600 609 1877 650 diversitatem

77 684 310 734 spectantes
339 681 652 734 colligendorum
682 680 848 733 Kepleri
879 680 1067 721 librorum
1097 678 1295 720 rationem
1325 677 1607 731 disposuimus,

192 750 541 805 Kepleriscripta
570 764 648 792 non
674 755 844 799 mutata,
877 750 1205 803 quemadmodum
1229 750 1317 802 ipse
1342 749 1450 804 typis
1475 750 1734 802 exprimenda
1758 763 1878 791 cura-

75 819 148 870 vit,
171 827 415 875 repetentur,
445 827 607 863 servato
620 853 632 872 ,
658 834 736 875 quo
755 821 864 863 edita
883 826 990 867 sunt,
1017 826 1238 874 temporum
1260 820 1412 871 ordine,
1433 820 1510 861 nisi
1530 821 1634 873 quod
1655 822 1878 873 argumenti

73 889 294 934 similitudo
323 893 514 934 nonnulla
542 891 674 934 suasit
702 892 910 934 mutanda.
981 891 1263 932 Praefationes
1295 891 1464 943 singulis
1491 891 1603 932 libris
1628 891 1877 944 praemissae

74 961 216 1015 paucis
243 963 423 1005 referunt
451 962 758 1016 uniuscujusque
789 962 880 1003 libri
910 967 1201 1014 argumentum,
1248 966 1292 1003 et
1321 962 1464 1016 quibus
1491 962 1541 1003 de
1568 961 1700 1003 causis
1724 974 1879 1016 quoque

77 1032 268 1084 oonsilio,
311 1038 502 1087 quantum
546 1046 598 1074 ex
627 1032 788 1074 auxiliis
818 1032 859 1072 in
888 1038 1046 1085 promtu
1076 1032 1223 1086 positis
1254 1037 1326 1074 aut
1356 1045 1408 1073 ex
1438 1032 1540 1074 libro
1571 1032 1659 1085 ipso
1690 1032 1878 1085 cognosci

74 1108 231 1157 potest,
263 1103 367 1146 liber
395 1104 451 1146 sit
480 1100 749 1156 conscriptus,
782 1108 985 1144 enarrant.
1018 1123 1074 1132 ·—-
1104 1103 1174 1143 Ad
1209 1103 1309 1147 haec
1344 1103 1593 1144 enucleanda
1622 1117 1711 1145 cum
1742 1104 1878 1156 magni

76 1173 268 1215 momenti
293 1174 374 1216 sint
395 1175 560 1224 multae,
576 1187 688 1227 ‚quae
713 1173 843 1214 adbuc
868 1179 1023 1223 extant,
1050 1173 1215 1226 Kepleri
1241 1172 1452 1226 epistolae,
1484 1174 1560 1214 has
1586 1186 1670 1218 non(
1693 1174 1881 1214 continua

77 1243 194 1294 serie,
220 1234 330 1298 quod
348 1245 390 1286 in
415 1245 507 1286 aliis
531 1244 758 1297 hujusmodi
777 1244 1078 1285 collectionibus
1098 1244 1248 1285 factum
1268 1250 1343 1293 est,
1373 1244 1665 1297 proponendas,
1695 1244 1779 1292 sed,
1805 1256 1877 1297 pro

79 1326 152 1355 suo
169 1314 359 1368 cujusque
378 1320 625 1367 argumento,
653 1314 777 1364 libris,
805 1327 904 1367 quos
923 1319 1121 1367 spectant,
1147 1315 1463 1367 praemittendas
1477 1314 1761 1367 judicavimus.
1800 1314 1880 1354 Pro

80 1385 304 1436 argumenti
332 1384 456 1437 igitur
485 1385 721 1426 diversitate
753 1385 945 1425 diremtae
967 1389 1062 1425 sunt
1087 1385 1281 1437 ejusmodi
1310 1385 1519 1437 epistolae,
1550 1385 1612 1425 ita
1640 1388 1789 1429 tamen,
1821 1389 1878 1432 ut,

79 1453 147 1508 qui
174 1454 367 1508 epistolas
397 1456 529 1508 legere
560 1456 760 1496 voluerint
789 1455 1010 1503 continuas,
1036 1460 1187 1496 certum
1220 1452 1271 1496 ad
1303 1456 1344 1496 id
1370 1457 1510 1496 ducem
1534 1468 1614 1496 non
1638 1455 1880 1495 desiderent.

191 1525 491 1567 Annotationes
520 1525 688 1567 editoris
719 1531 762 1566 et
789 1525 1063 1578 praefationes
1095 1525 1221 1566 latina
1251 1526 1388 1579 lingna
1417 1526 1675 1580 adjicientur,
1717 1538 1804 1566 011111
1837 1530 1879 1565 et

76 1593 279 1649 Keplem
317 1595 357 1637 in
387 1596 501 1637 libris
531 1601 576 1638 et
606 1595 790 1649 epistolis
819 1596 896 1636 hac
928 1595 1062 1648 lingua
1093 1609 1189 1636 usus
1221 1595 1300 1646 sit,
1337 1602 1381 1637 et
1420 1596 1552 1637 editor
1582 1609 1695 1650 spem
1726 1596 1877 1644 foveat,

76 1664 162 1706 soro
192 1670 238 1707 ut
265 1678 332 1708 res
362 1666 414 1706 ab
445 1666 532 1719 ipso
564 1672 754 1720 suscepta
784 1679 861 1706 non
892 1666 1010 1706 modo
1042 1664 1284 1716 Germanis,
1329 1667 1402 1708 sed
1444 1667 1568 1707 etiam
1598 1666 1748 1708 exteris
1778 1679 1876 1718 pro-

74 1734 204 1776 betur.
245 1735 564 1778 Annotationum
588 1743 723 1779 31110111
748 1737 853 1778 31130
883 1749 1016 1777 10111111
1046 1742 1345 1791 temporumque
1375 1742 1419 1777 et
1447 1735 1654 1778 litei-arum
1685 1737 1880 1778 rationem

60 1802 301 1856 habebunt,
338 1806 445 1848 aliae
475 1808 601 1848 verba
632 1813 674 1849 et
702 1808 897 1848 dictiones
936 1807 1245 1848 mathematicas
1282 1813 1326 1848 et
1357 1808 1648 1848 astronomicas
1678 1807 1879 1859 interpre-

78 1873 286 1926 tabuntur,
318 1889 419 1930 quae
450 1883 520 1918 aut
548 1878 715 1930 Kepleri
746 1883 883 1918 aetate
914 1878 1113 1918 diversam
1145 1878 1196 1919 ab
1228 1891 1300 1929 ea,
1332 1891 1434 1931 111130
1465 1891 1568 1919 1111υο
1598 1884 1679 1927 051,
1712 1878 1880 1918 formam

78 1945 321 1996 retulerunt,
353 1953 449 1997 aut,
492 1952 539 1988 ut
567 1947 664 1989 viris
688 1938 734 1988 ‘in
764 1948 838 1988 hoc
869 1961 1013 2000 genere
1045 1949 1219 1990 versatis
1250 1949 1290 1990 in
1321 1963 1395 1990 usu
1426 1954 1545 1998 sunt,
1587 1949 1648 1990 ita
1691 1948 1742 1989 ab
1774 1948 1876 1996 aliis,

78 2013 157 2055 nisi
186 2016 263 2057 tali
290 2016 633 2070 interpretatione,
666 2018 836 2070 intelligi
867 2031 944 2058 non
974 2025 1157 2071 possunt.

195 2085 404 2138 Epistulas
434 2088 600 2141 Kepleri
630 2090 989 2143 responsionesque
1030 2089 1245 2131 amicorum
1283 2102 1362 2130 non
1393 2089 1443 2131 ob
1475 2101 1564 2130 eam
1594 2101 1733 2138 unam,
1778 2101 1878 2141 quae

81 2154 198 2196 modo
216 2156 326 2198 dicta
344 2163 422 2207 est,
441 2171 606 2199 causam
625 2171 674 2199 ex
693 2164 809 2211 parte
829 2159 1020 2212 integras,
1043 2173 1095 2200 ex
1111 2160 1255 2213 majori
1274 2173 1369 2201 vero
1388 2165 1505 2214 parte
1527 2171 1627 2212 „pro
1646 2171 1717 2199 5110
1737 2159 1876 2210 cujus-

81 2237 157 2278 que
183 2229 445 2279 argumento“
472 2229 723 2270 membratim
747 2230 953 2271 addendas
978 2231 1215 2280 censuimus,
1247 2231 1319 2271 sed
1337 2231 1422 2283 ejus
1446 2230 1504 2271 rei
1529 2230 1705 2283 potiores
1732 2242 1878 2270 causae

82 2294 254 2344 fuerunt,
284 2298 426 2348 altera,
459 2299 564 2350 quod
588 2299 682 2340 illae
701 2300 902 2352 longiores
921 2307 1014 2341 sunt
1039 2302 1196 2349 (insunt
1218 2301 1400 2342 collectis
1420 2300 1693 2353 Stuttgartiae
1719 2306 1761 2341 01
1779 2300 1878 2340 Ρ111-

84 2377 207 2407 covae
237 2367 420 2420 epistolis
463 2369 682 2421 quaedam,
726 2383 828 2423 quae
871 2376 1108 2412 excrescunt
1143 2372 1194 2412 ad
1232 2372 1402 2425 paginas
1432 2369 1492 2413 40
1522 2377 1565 2413 01
1594 2372 1684 2425 plus
1715 2370 1878 2411 minutis

82 2434 209 2476 literis
239 2437 446 2489 scriptas),
479 2438 619 2487 altera,
654 2441 758 2492 quod
789 2441 1010 2492 disputavit
1040 2442 1079 2482 111
1110 2442 1191 2482 11115
1220 2443 1419 2495 Keplerus
1450 2443 1501 2482 de
1531 2442 1651 2483 rebus
1682 2440 1877 2481 diversis-

12 2515 18 2535 '1
83 2504 208 2553 simis,
239 2520 317 2548 non
348 2508 537 2549 continua
566 2510 746 2551 oratione
778 2512 998 2565 conjunctis
1030 2513 1086 2560 (e.
1119 2525 1159 2564 g.
1191 2512 1230 2552 in
1262 2512 1391 2554 literis
1422 2512 1475 2553 ad
1503 2512 1702 2552 Davidem
1732 2510 1876 2551 Fabri-

82 2575 186 2615 cium
216 2576 256 2618 d.
295 2576 358 2618 ¹1.
392 2578 483 2620 001.
522 2577 646 2622 1605.
686 2582 792 2622 datis
823 2582 875 2622 ad
905 2582 1079 2622 Fabricii
1120 2583 1375 2636 quaestiones
1406 2582 1624 2634 respondet
1662 2581 1875 2634 Keplerus‚

0 2653 27 2711 ³}

0 2713 27 2737 o.

80 2641 378 2698 responsionem
415 2650 596 2691 dividens
626 2651 666 2691 in
697 2652 973 2705 paragraphos
1002 2665 1163 2693 numero
1196 2651 1287 2701 74).
1331 2652 1448 2699 Quae
1479 2665 1599 2705 quum
1627 2651 1786 2703 integra
1809 2651 1877 2691 vix

8 2736 26 2775 3
84 2715 291 2768 quisquam
314 2718 490 2760 lecturus
515 2721 673 2769 fuisset,
703 2734 922 2774 speramus,
953 2735 1015 2773 ea,
1047 2735 1148 2776 quae
1178 2724 1293 2764 nobis
1324 2722 1489 2775 placuit,
1526 2722 1683 2763 ratione
1707 2722 1807 2771 fore,
1833 2726 1879 2762 ut

13 2792 26 2814 ὅ
83 2783 298 2827 incitentur
320 2788 503 2839 lectores,
535 2795 581 2830 ut
609 2791 772 2844 propius
803 2791 1018 2844 inspiciant
1043 2806 1103 2842 ea,
1145 2806 1246 2846 quae
1271 2793 1470 2844 Keplerus
1501 2792 1592 2844 egit
1608 2805 1696 2832 cum
1721 2791 1876 2832 amicis.
1904 2812 1907 2813 ⁷

83 2853 280 2919 ‘Keplerus
310 2858 469 2910 quidem
498 2859 584 2912 ipse
615 2862 717 2902 viam
744 2862 930 2914 praeivit,
963 2862 1029 2915 qui
1053 2863 1093 2904 in
1117 2864 1219 2904 libro
1245 2862 1536 2915 chronologico,
1570 2862 1636 2916 qui
1660 2861 1876 2914 inscriptus

86 2929 152 2964 est
181 2925 385 2979 „Eclogae
418 2927 679 2981 Chronicae“,
716 2945 767 2973 ea
796 2944 897 2985 quae
926 2932 1057 2973 literis
1088 2933 1141 2973 ad
1182 2932 1362 2974 diversos
1399 2933 1508 2973 datis
1547 2933 1779 2985 illorumque
1809 2944 1877 2973 re-

85 2995 362 3046 sponsionibus
398 2998 558 3042 inerant
592 3002 873 3055 chronologica
903 3003 1150 3056 excerpserit
1178 3008 1222 3044 et
1251 3004 1358 3058 typis
1389 3003 1648 3057 exprimenda
1678 3001 1879 3044 curaverit

12 3116 14 3118 ,
46 3055 53 3126 ³¹
86 3061 214 3107 forma
243 3065 501 3120 dialogorum.
