2028 3242
847 105 961 132 eoum
986 98 1114 132 Um.
1756 136 1759 139 .
1801 98 1883 143 241

197 204 305 252 Quid
334 204 476 257 igitur,
514 218 565 245 an
597 218 675 245 non
716 200 952 246 alterutram
990 204 1270 259 hypothesium
1301 205 1410 246 circa
1439 205 1609 257 primum
1640 211 1791 247 motum
1821 208 1888 256 (ut

80 265 261 316 exemplo
292 264 518 316 loquamur)
552 264 696 304 falsam
729 277 819 304 esse
851 276 1016 304 necesse
1045 269 1125 312 est,
1160 269 1231 304 aut
1260 276 1364 310 eam,
1397 277 1498 317 quae
1520 265 1684 305 Terram
1715 265 1776 306 ait
1794 277 1887 306 mo-

82 323 165 364 veri
193 323 302 364 iutra
331 323 505 368 coelum,
545 328 615 363 aut
645 335 746 372 eam,
780 335 882 375 quae
913 322 1066 363 coelum
1097 322 1183 363 vult
1220 323 1356 375 gyrari
1387 324 1495 364 circa
1525 324 1716 364 Terram?
1777 323 1886 365 Sane

79 383 117 423 si
146 381 459 422 contradictoria
489 381 604 422 simul
635 394 731 422 vera
761 387 961 434 nequeunt
982 394 1085 429 esse,
1118 393 1245 434 neque
1265 381 1364 422 haec
1385 382 1462 422 duo
1481 382 1599 423 simul
1623 395 1722 424 vera
1749 388 1887 435 erunt;

79 441 154 482 sed
183 441 354 481 altemm
386 440 544 481 omnino
588 441 745 480 falsum.
807 440 868 480 At
904 446 1072 492 utroque
1113 440 1230 479 modo
1268 440 1372 480 idem
1411 441 1461 480 de
1500 441 1627 493 primo
1668 448 1779 483 motu
1810 442 1883 482 de-

79 504 337 541 monstratur.
397 498 576 539 Eaedem
613 504 830 552 sequuntur
870 499 1070 551 signorum
1112 499 1374 547 mersiones,
1411 499 1532 539 iidem
1564 500 1664 550 dies,
1699 506 1811 541 ortus
1843 506 1887 540 et

80 571 248 600 occasus
279 558 504 606 stellarum,
551 558 715 598 eaedem
746 557 964 610 qualitates
1003 557 1192 598 noctium.
1260 557 1325 597 Ex
1365 558 1468 598 falso
1509 559 1630 611 igitur
1674 571 1798 611 aeque
1838 571 1885 599 ac

80 631 131 659 ex
160 629 254 659 vero
283 629 419 656 verum
451 617 655 669 sequitur?
715 616 878 656 Minime
912 617 1103 669 gentium.
1164 617 1255 657 Non
1277 617 1379 656 enim
1405 617 1518 667 haec,
1552 630 1653 670 quae
1685 619 1886 659 recensita

78 682 174 717 sunt
212 681 256 716 et
295 675 404 716 mille
435 675 535 723 alia,
573 676 636 715 vel
667 681 831 727 propter
861 676 1009 716 Terrae
1052 675 1117 715 vel
1159 682 1325 728 propter
1355 677 1458 717 coeli
1497 683 1649 717 motum
1680 677 1883 725 eveniunt,

79 741 275 789 quatenus
305 734 340 774 is
372 734 520 775 Terrae
553 735 617 774 vel
649 735 749 775 coeli
774 741 905 775 motus
938 741 1026 775 est:
1067 735 1137 774 sed
1169 740 1366 787 quatenus
1406 735 1621 776 intercedit
1651 736 1757 776 inter
1787 747 1884 776 coe-

80 794 158 837 lum
190 799 232 835 et
261 793 427 833 Terram
460 794 594 846 aliqua
625 793 829 845 separatio
861 806 980 846 super
1011 799 1142 834 tractu
1174 794 1362 846 quodam,
1397 794 1462 846 qui
1488 795 1665 847 legitime
1697 795 1749 835 ad
1779 795 1886 835 viam

78 851 186 894 Solis
217 852 273 893 sit
307 852 500 897 inflexus,
544 858 788 905 utrocunque
826 853 912 904 jam
945 865 1108 904 corpore
1147 853 1218 892 illa
1254 853 1458 904 separatio
1495 854 1736 906 perficiatur.
1798 853 1886 894 De-

80 916 351 953 monstrautur
379 910 502 963 igitur
533 918 626 951 ante
659 911 769 951 dicta
798 923 872 964 per
902 912 1002 951 duas
1034 911 1297 965 hypotheses,
1336 918 1531 966 qnatenus
1563 913 1656 952 illae
1688 918 1782 953 sunt
1812 911 1886 954 sub

78 983 155 1012 nno
173 982 332 1023 genere,
363 982 441 1010 non
473 975 668 1023 quatenus
699 970 803 1010 inter
822 983 866 1010 se
886 971 1085 1011 differunt.
1149 969 1251 1011 Cum
1277 983 1372 1023 ergo
1391 983 1515 1012 causa
1534 971 1887 1012 demonstrationi·

78 1041 196 1071 unum
226 1029 328 1078 sint,
361 1042 485 1069 causa
515 1029 869 1069 demonstrationis
907 1030 1029 1070 etiam
1060 1042 1138 1069 non
1172 1036 1288 1070 erunt
1328 1025 1652 1071 contradictoria.
1713 1030 1777 1072 Ac
1808 1029 1886 1071 etsi

77 1089 158 1130 illis
189 1088 411 1129 adhaereat
446 1087 711 1129 contradictio
742 1088 934 1142 physica,
981 1089 1051 1128 illa
1077 1094 1211 1128 tamen
1245 1089 1626 1130 demonstrationem
1657 1090 1744 1141 jam
1787 1089 1886 1129 nihil

78 1147 239 1189 attinet.
301 1147 393 1188 Non
424 1146 546 1200 igitur
577 1152 619 1188 et
651 1160 701 1188 ex
731 1160 827 1188 vero
859 1154 899 1188 et
931 1160 981 1187 ex
1014 1147 1116 1187 falso
1149 1161 1283 1188 verum
1311 1148 1422 1200 sequi
1454 1148 1528 1188 hoc
1555 1148 1713 1201 quidem
1745 1159 1884 1189 exem-—

77 1207 145 1260 plo
187 1206 398 1259 probatum
435 1211 512 1246 est.
574 1205 657 1247 Sed
697 1206 828 1247 acrius
867 1207 1041 1246 fortasse
1071 1219 1144 1246 nos
1185 1207 1343 1259 urgebit
1380 1207 1631 1247 notissimum
1662 1207 1886 1259 exemplum

79 1266 129 1306 de
161 1265 412 1306 concentrico
444 1277 531 1305 cum
564 1265 761 1319 epicyclo,
807 1265 872 1318 qui
904 1265 1147 1318 aequipollet
1185 1266 1420 1306 eccentrico.
1483 1267 1548 1306 An
1582 1278 1680 1315 non,
1726 1266 1761 1306 si
1790 1267 1884 1319 pla-

78 1330 176 1365 neta
205 1337 278 1364 seu
307 1324 492 1376 quicquid
524 1324 565 1364 id
596 1330 661 1365 est
694 1324 796 1378 quod
828 1324 1033 1376 planetam
1062 1324 1216 1373 incitat,
1251 1330 1431 1365 centrum
1458 1325 1671 1365 eccentrici
1703 1324 1742 1364 in
1775 1329 1884 1365 motu

80 1396 151 1424 suo
182 1382 360 1436 respicit,
393 1387 574 1424 centrum
605 1383 774 1436 epicycli
806 1383 924 1424 simul
955 1396 1031 1423 non
1052 1383 1266 1435 respiciet?
1328 1382 1445 1430 Quod
1465 1384 1498 1424 si
1525 1383 1613 1437 quis
1634 1389 1886 1424 astronomus

78 1443 155 1483 hoc
186 1441 404 1483 affirmabit
446 1442 553 1483 alter
581 1442 702 1491 illud,
752 1443 898 1483 falsum
928 1442 979 1482 ab
1012 1443 1204 1483 ulterutro
1236 1442 1313 1482 dici
1346 1455 1475 1482 nonne
1502 1455 1668 1483 necesse
1688 1448 1763 1491 est,
1797 1455 1887 1483 cum

79 1508 214 1542 tamen
252 1501 359 1542 idem
398 1506 566 1554 uterque
608 1501 875 1550 demonstret,
930 1499 1087 1554 aequali
1131 1501 1286 1541 scilicet
1323 1508 1510 1542 manente
1549 1502 1738 1554 planetae
1774 1507 1886 1542 motu

79 1572 230 1601 moram
268 1564 405 1600 tamen
444 1560 531 1612 ejus
574 1560 613 1600 in
651 1572 728 1600 uno
766 1560 1014 1600 semicirculo
1060 1560 1275 1612 longiorem
1315 1560 1425 1600 fieri?
1496 1561 1560 1600 Ex
1604 1561 1707 1601 falso
1749 1560 1886 1614 itaque

80 1631 206 1672 aeque
236 1631 284 1659 ac
315 1631 366 1659 ex
396 1631 491 1659 vero
522 1631 662 1659 verum
693 1632 823 1659 nonne
854 1619 912 1659 sic
939 1619 1143 1672 sequitur?
1203 1619 1367 1660 Minime
1387 1620 1586 1672 gentium:
1619 1619 1760 1660 eadem
1780 1620 1885 1660 enim

79 1677 301 1731 respondeo
350 1690 451 1730 quae
482 1690 615 1730 supra.
690 1678 736 1717 Id
775 1691 851 1730 quo
883 1679 1106 1723 conficitur,
1146 1686 1283 1718 morasv
1324 1678 1362 1718 in
1401 1679 1594 1719 alterutro
1638 1678 1883 1719 semicirculo

82 1737 280 1790 [angiores
311 1736 416 1785 fieri,
451 1736 502 1776 ab
533 1742 700 1790 utroque
734 1737 896 1786 dicitnr,
942 1744 984 1777 et
1015 1737 1066 1777 ab
1098 1750 1144 1777 eo
1186 1737 1252 1789 qui
1283 1738 1546 1778 eccentrieum
1577 1737 1713 1790 ponit,
1760 1742 1803 1778 et
1832 1737 1883 1777 ab

0 1828 2 1842 ,
79 1795 225 1850 eoqui
255 1795 548 1836 concentricum
591 1809 679 1836 cum
711 1796 900 1849 epicyclo.
963 1796 1069 1836 Nam
1101 1802 1267 1848 uterque
1299 1797 1487 1848 generale
1519 1797 1594 1837 hoc
1626 1797 1760 1845 affert,
1794 1809 1882 1836 ma-

0 1855 2 1862 ’
77 1856 204 1908 j0rem
233 1854 371 1895 circuli
411 1855 627 1907 planetarii
665 1855 888 1907 portionem
920 1868 1010 1894 esse
1050 1855 1086 1895 in
1121 1855 1188 1896 illo
1226 1855 1486 1895 semicirculo.
1548 1856 1636 1896 Hoc
1672 1855 1884 1908 genuinum

79 1913 431 1954 demonstrationis
468 1918 511 1953 et
541 1919 805 1967 coaequatum
835 1913 1008 1954 medium
1039 1927 1125 1954 cum
1157 1914 1253 1954 insit
1292 1915 1332 1954 in
1364 1920 1532 1967 utraque
1565 1915 1776 1968 hypothesi
1807 1926 1882 1966 ge-

80 1972 281 2022 neraliter,
312 1973 412 2013 nihil
437 1973 523 2024 jam
556 1973 935 2013 demonstrationem
970 1973 1207 2022 attinebunt,
1235 1986 1336 2025 quae
1367 1979 1533 2026 uterque
1554 1974 1652 2014 dicit
1675 1973 1712 2013 in
1734 1974 1881 2026 specie,

79 2031 165 2072 sive.
195 2037 346 2084 pugnet
376 2032 448 2071 illa
491 2031 575 2071 sive
608 2045 701 2072 non.
762 2032 902 2084 Neque
935 2045 1033 2072 sane
1064 2033 1239 2084 planetis
1265 2032 1400 2072 oculos
1433 2039 1474 2072 et
1505 2033 1725 2073 discursum
1756 2033 1880 2073 intel-

82 2091 209 2130 lectus
242 2091 454 2130 humanum
486 2090 708 2139 tribuimus,
742 2096 787 2131 ut
819 2091 896 2131 sibi
927 2092 1072 2131 circino
1107 2092 1170 2131 vel
1202 2092 1275 2131 hoc
1306 2092 1370 2131 vel
1391 2091 1487 2131 illud
1506 2098 1694 2144 punctum
1715 2091 1890 2143 signent,

80 2149 259 2201 haecque
298 2162 399 2201 quae
438 2149 520 2188 dixi
562 2149 758 2200 specialia
788 2150 849 2189 sui
892 2151 1026 2201 potius
1058 2157 1220 2202 captus,
1268 2163 1384 2201 quam
1417 2151 1681 2202 explicandae
1722 2156 1889 2190 naturae

81 2220 206 2247 causa
235 2207 491 2247 introducunt
522 2208 709 2247 artifices.
770 2208 862 2248 Non
895 2215 959 2248 est
990 2209 1111 2260 igitur
1144 2209 1266 2260 digna
1284 2210 1440 2249 nomine
1462 2210 1731 2263 hypotheseos
1753 2214 1888 2249 astro-

81 2266 260 2307 nomicae
299 2266 363 2305 vel
394 2265 495 2305 haec
533 2266 599 2305 vel
630 2266 701 2305 illa
732 2267 973 2317 suppositio,
1020 2267 1090 2306 sed
1136 2267 1176 2306 id
1215 2267 1348 2319 potius
1387 2268 1492 2319 quod
1521 2269 1677 2320 utrique
1709 2281 1889 2308 commu-

82 2326 186 2366 niter
214 2325 333 2374 inest,
367 2324 459 2364 dum
490 2336 546 2363 sc.
581 2323 800 2364 assumitur
831 2330 872 2363 et
904 2326 1138 2376 supponitur
1170 2332 1281 2373 certa
1313 2331 1355 2364 et
1375 2326 1557 2366 dimensa
1575 2326 1707 2378 portio
1739 2326 1886 2374 circuli,

82 2396 198 2437 quem
234 2384 399 2436 planeta
430 2383 625 2431 decurrit,
667 2395 768 2434 quae
801 2382 855 2421 sit
892 2383 930 2422 in
964 2396 1040 2423 uno
1074 2383 1208 2423 circuli
1239 2384 1396 2423 zodiaci
1428 2385 1608 2424 semisse.
1671 2384 1784 2423 Haec
1822 2384 1887 2423 in·-

82 2455 199 2495 quam
241 2442 404 2483 tandem
435 2446 500 2481 est
540 2441 774 2494 hypothesis
815 2441 945 2492 justa,
992 2455 1068 2493 qua
1110 2442 1316 2493 longitudo
1354 2455 1488 2481 morae
1526 2443 1716 2494 planetae
1747 2442 1787 2481 iu
1820 2443 1888 2482 illo

85 2501 335 2542 semicirculo
367 2501 675 2541 demonstretur.
738 2500 879 2552 Itaque
913 2503 956 2539 ut
987 2501 1238 2545 concludam,
1279 2502 1407 2540 omnis
1440 2501 1478 2540 in
1512 2501 1759 2540 astronomia
1789 2513 1888 2540 con-

40 2556 51 2568 *
82 2560 206 2600 clusio
243 2573 323 2600 non
359 2560 436 2599 nisi
478 2559 528 2598 ab
569 2571 644 2598 nno
682 2563 724 2598 et
754 2558 893 2597 eodem
926 2559 1055 2598 medio
1094 2560 1295 2610 perficitur
1326 2566 1367 2598 et
1398 2560 1633 2599 uniformem
1665 2560 1891 2611 praemittit

82 2618 343 2672 hypothesin:
377 2618 454 2658 etsi
484 2618 557 2657 illa
588 2631 612 2657 a
643 2630 685 2656 se
717 2616 807 2669 ipsa
826 2616 1001 2665 differat,
1036 2623 1230 2668 quatenus
1251 2623 1365 2657 extra
1390 2619 1490 2657 hanc
1511 2618 1892 2658 demonstrationem

40 2678 374 2728 3consideratur.
435 2677 492 2717 Et
521 2675 720 2724 vicissim,
762 2675 964 2726 quaelibet
995 2675 1247 2727 hypothesis,
1295 2676 1329 2715 si
1362 2682 1549 2716 accurate
1581 2677 1888 2726 consideremus,
1910 2680 1940 2704 Ὗ

56 2736 284 2790 sspropriam
326 2748 398 2776 nec
425 2735 495 2776 ulli
527 2735 596 2775 alii
627 2734 842 2788 hypothesi
874 2746 1118 2774 communem
1157 2735 1317 2786 penitus
1355 2736 1538 2786 producit
1581 2736 1888 2776 conclusionem.
1932 2705 1944 2772 .)

82 2794 170 2835 Nec
201 2795 285 2835 fieri
315 2800 450 2846 potest
474 2794 512 2834 in
547 2793 811 2845 astronomia,
846 2798 890 2831 ut
921 2805 972 2831 ex
1004 2794 1109 2832 omni
1139 2800 1253 2845 parte
1285 2806 1420 2833 verum
1454 2794 1528 2842 sit,
1570 2794 1672 2846 quod
1705 2807 1755 2834 ex
1787 2795 1892 2834 falsa
1924 2773 1967 2838 3„

83 2853 266 2906 primitus
297 2853 511 2907 hypothesi
542 2853 616 2893 fuit
647 2856 965 2892 extructum:·et
997 2852 1162 2902 proinde
1184 2853 1470 2906 hypothesibus
1502 2853 1575 2892 hoc
1596 2858 1661 2892 est
1686 2854 1891 2905 proprium

44 2951 60 2968 ,v
88 2912 145 2960 (si
175 2912 307 2952 ideam
336 2913 532 2964 fingamus
564 2912 762 2964 justarum
803 2910 1122 2963 hypothesium),
1163 2916 1206 2950 ut
1244 2911 1325 2950 sint
1355 2911 1606 2963 undiquaque
1638 2924 1777 2952 verae:
1817 2925 1890 2952 nec
1926 2854 1944 2979 S

43 2974 64 2996 ³³
86 2975 153 3011 est
191 2971 431 3020 astronomi,
484 2970 678 3011 scientem
723 2969 848 3008 falsas
893 2980 1115 3019 supponere
1165 2970 1228 3010 vel
1268 2969 1475 3022 ingeniose
1526 2971 1719 3011 confictas
1758 2971 1888 3025 hypo·

45 3035 65 3085 ξ
85 3028 238 3076 theses,
269 3037 314 3069 nt
345 3042 395 3069 ex
426 3029 477 3069 iis
509 3035 639 3069 motus
671 3029 869 3068 coelestes
903 3027 1164 3068 demonstret.

0 3086 1 3090 ’
47 3080 68 3110 ³
202 3088 296 3128 Jam
326 3088 419 3145 Ursi
451 3088 646 3127 absurdas
678 3086 900 3126 sententias
932 3085 1138 3138 paulisper
1176 3087 1458 3139 expendamus.
1522 3088 1654 3128 Primo
1686 3089 1888 3142 hypothe-

156 3157 275 3189 Kopion
292 3157 385 3188 Opera
400 3156 423 3182 1.
1563 3156 1607 3190 16
