1982 3268
171 85 197 126 2
940 78 943 79 ⁷
961 88 1174 121 Prooemium.

171 193 234 239 iis,
266 205 365 245 quae
397 193 435 232 in
468 205 540 232 usu
571 198 675 243 sunt,
709 194 878 244 auxiliis,
911 207 1014 235 nova
1043 201 1159 247 paret
1178 207 1300 244 arma,
1334 184 1473 247 quibus
1504 207 1549 235 se
1580 194 1758 236 omnibus
1789 193 1957 247 impedi-

171 263 315 303 mentis
348 264 589 315 superiorem
621 264 703 304 fore
729 270 877 317 sperat.
930 263 1049 311 Quod
1068 265 1174 306 idem
1192 265 1363 318 Keplero
1383 266 1560 306 videmus
1581 265 1774 306 evenisse.
1824 264 1960 311 Videt,

171 340 413 387 quantopere
444 339 625 386 praestet
658 334 932 388 Copernicana
962 337 1063 376 ratio
1095 336 1375 386 Ptolemaicae,
1409 351 1484 377 non
1517 337 1692 389 ignorat,
1725 349 1842 390 quam
1873 336 1960 375 foe-

170 406 298 445 cunda
330 418 502 446 errorum
534 411 662 446 mater
693 407 747 447 sit
779 407 1010 460 astrologia.
1061 408 1120 448 At
1148 407 1254 448 illinc
1277 407 1589 460 Copernicanam
1614 407 1806 448 rationem
1831 406 1958 447 desti-

171 481 298 516 tuta-m
329 476 439 516 videt
470 477 590 518 certis
623 479 877 530 argumentis,
912 478 1002 518 hinc
1034 478 1292 530 astrologiam
1319 479 1489 519 omnium
1514 483 1694 518 aetatum
1719 477 1958 518 auctoritate

170 547 341 587 defendi.
394 545 501 592 Quid
533 547 680 600 igitur?
713 549 842 598 cedet,
876 550 1007 599 credo,
1041 549 1100 590 vir
1131 562 1302 590 summus
1328 555 1547 603 temporum
1578 561 1783 602 rerumque
1813 548 1982 602 iniqui-ff

168 618 275 658 tati?
338 619 419 658 Imo
451 631 543 658 vero
578 619 767 659 fortitudo
801 619 920 660 animi
950 632 1027 660 non
1066 619 1219 672 defugit
1256 626 1478 669 certamen,
1520 620 1722 672 sagacitas
1759 619 1959 660 ministrat

169 703 298 739 arma,
338 690 540 730 indefessa
571 689 767 731 industria
797 692 973 743 miraque
1006 691 1232 732 constantia
1264 691 1312 730 ad
1345 704 1451 740 eum,
1486 703 1600 749 quem
1632 691 1804 744 quaerit,
1843 691 1959 731 finem

167 761 399 812 perducunt.
435 782 488 787 —
522 761 581 801 At
612 761 807 814 Keplerus
839 775 930 803 num
962 775 1003 803 re
1035 775 1131 803 vera
1168 764 1301 811 finem,
1343 775 1457 815 quem
1495 762 1707 814 quaesivit,
1750 766 1958 802 assecutus

169 832 260 871 est?
321 832 558 872 Mundorum
589 832 795 872 harmonia
825 833 1096 886 praesagienti
1129 833 1234 874 illius
1266 833 1392 873 animo
1425 833 1732 881 obversabatur;
1767 833 1819 872 ad
1849 831 1958 872 illam

167 903 485 954 cognoscendam
519 903 650 943 divino
683 905 852 956 quodam
884 904 1032 957 impetu
1064 903 1272 956 abreptus,
1314 915 1536 956 quanquam
1567 902 1745 943 omnibns
1778 902 1958 943 fortunae

166 973 257 1013 telis
290 974 453 1026 petitus,
487 975 603 1014 stetit
635 975 870 1027 impavidus,
905 988 1165 1028 aerumnaque
1198 981 1240 1014 et
1271 974 1515 1026 aegritudine
1550 974 1623 1014 fuit
1654 973 1843 1026 superior.
1904 973 1960 1013 Et

166 1044 215 1083 ab
248 1044 315 1084 illo
349 1045 522 1097 quidem,
563 1046 666 1098 quod
698 1046 938 1098 quaerebat,
978 1046 1136 1099 penitus
1176 1045 1450 1098 cognoscendo
1489 1058 1605 1098 quam
1637 1057 1758 1098 prope
1790 1044 1958 1088 affuerit.

167 1120 367 1156 testantur
398 1122 480 1156 tres
515 1116 607 1156 illae
640 1117 689 1157 ab
722 1130 767 1157 eo
801 1117 984 1158 inventae
1015 1118 1124 1169 leges
1150 1117 1408 1165 immortales,
1442 1116 1593 1168 quibus,
1628 1121 1671 1156 ut
1691 1116 1957 1164 fundamento,

165 1199 265 1238 quae
298 1192 458 1227 nostrae
491 1188 638 1228 aetatis
678 1194 758 1236 est,
798 1188 964 1241 physica
996 1194 1037 1228 et
1069 1188 1312 1246 astronomia
1343 1191 1617 1239 superstructa
1647 1193 1721 1228 est.
1758 1207 1811 1214 ——
1845 1186 1957 1227 Pro-

164 1258 356 1297 dromus
382 1257 552 1310 quidem,
589 1258 682 1298 licet
705 1258 794 1299 illas
817 1259 929 1310 leges
954 1272 1030 1299 non
1051 1260 1212 1308 referat,
1246 1265 1392 1306 tamen,
1423 1258 1514 1310 quid
1533 1258 1635 1298 hunc
1658 1257 1958 1310 „prodromuw

164 1334 390 1369 secuturum
422 1335 543 1378 esset,
576 1329 793 1382 Keplerum
824 1330 954 1371 animo
981 1331 1067 1383 jam
1099 1336 1181 1370 tum
1213 1337 1468 1382 praeceptum
1493 1329 1692 1378 habuisse,
1726 1329 1843 1370 titulo
1874 1328 1971 1382 ipso*

164 1400 327 1440 indicat.
390 1401 482 1453 Ipse
516 1406 650 1441 autem
681 1401 756 1440 hac
788 1401 836 1441 de
869 1415 910 1443 re
940 1402 1041 1452 *dicit
1071 1403 1110 1442 in
1142 1408 1237 1442 nota
1269 1402 1320 1441 ad
1352 1401 1510 1442 titulum
1547 1400 1658 1447 libri,
1698 1400 1862 1441 editioni
1891 1413 1960 1440 se-

163 1471 315 1512 cundae
336 1472 537 1523 praefixa:
575 1472 821 1525 7,Postquam
842 1473 894 1512 ad
912 1472 1187 1525 philosophiae
1207 1471 1378 1511 studium
1399 1471 1564 1520 accessi,
1585 1483 1688 1510 anno
1708 1469 1855 1511 aetatis
1881 1467 1960 1519 18„

164 1555 201 1581 a.
224 1539 297 1582 Ch.
324 1540 449 1592 1589,
484 1543 748 1583 versabantur
779 1543 818 1583 in
845 1543 1024 1591 manibus
1044 1543 1267 1595 juventutis
1294 1542 1601 1583 exercitationes
1627 1540 1852 1582 exotericae
1877 1539 1960 1581 Jul.

164 1611 283 1653 Caes.
306 1611 525 1665 Scaligeri:
559 1614 671 1666 cujus
705 1626 778 1666 ego
812 1613 900 1653 libri
932 1612 1140 1653 occasione
1174 1613 1284 1665 coepi
1317 1611 1540 1652 successive
1574 1612 1686 1651 varia
1716 1609 1959 1652 comminisci

163 1684 213 1724 de
243 1684 367 1725 variis
400 1685 711 1737 quaestionibus,
746 1691 790 1725 ut
821 1685 869 1724 de
902 1684 1026 1732 coelo,
1061 1684 1109 1724 de
1142 1684 1295 1732 animis,
1331 1683 1378 1723 de
1410 1683 1549 1736 geniis,
1573 1683 1632 1723 de
1659 1683 1878 1731 elementis,
1912 1682 1960 1722 de

163 1755 268 1807 ignis
294 1762 448 1806 natura,
484 1756 532 1796 de
566 1756 733 1796 fontium
766 1755 930 1807 origine,
964 1756 1012 1795 de
1039 1756 1145 1795 fluxu
1176 1760 1216 1795 et
1246 1756 1397 1795 refluxu
1427 1755 1561 1804 maris,
1595 1755 1643 1794 de
1675 1755 1799 1807 figura
1829 1753 1960 1794 conti-

162 1826 339 1867 nentium
377 1832 572 1867 terrarum
614 1827 970 1878 interfusorumque
1002 1826 1168 1867 marium
1201 1832 1242 1866 et
1272 1826 1428 1866 similia.
1485 1825 1636 1866 Verum
1667 1837 1754 1866 cum
1787 1824 1960 1865 inventio

163 1897 244 1938 ista
275 1898 542 1951 proportionis
576 1898 728 1938 orbium
760 1897 991 1938 coelestium
1023 1898 1118 1938 mihi
1148 1897 1349 1938 videretur
1379 1896 1537 1943 eximia,
1571 1909 1647 1936 non
1673 1895 1970 1949 expectandum*

161 1968 257 2008 mihi
288 1981 375 2008 sum
406 1974 536 2018 ratus,
571 1969 694 2009 donec
728 1981 864 2009 omnes
895 1973 1062 2009 naturae
1093 1973 1229 2020 partes
1261 1981 1522 2020 pervagarer‚
1554 1980 1624 2008 nec
1656 1968 1729 2008 hoc
1759 1967 1961 2008 inventum

161 2039 289 2080 obiter
321 2040 607 2092 evulgandum,
643 2040 865 2092 conjectum
897 2040 936 2080 in
968 2040 1163 2080 cumulum
1189 2039 1463 2092 quaestionum
1495 2043 1728 2089 ceterarum,
1760 2038 1839 2079 levi
1859 2051 1959 2091 qua-

163 2112 256 2151 dam
287 2111 586 2163 probabilitate·
605 2111 814 2151 utentium.
879 2110 984 2158 Quin
1014 2112 1146 2163 potius
1179 2111 1229 2151 ab
1260 2111 1377 2163 hujus
1414 2110 1566 2151 inventi
1605 2109 1776 2150 editione
1806 2109 1962 2150 initium

165 2182 491 2222 dissertationum
533 2195 707 2222 mearum
751 2183 882 2222 facere
923 2182 1099 2238 placuit:
1146 2194 1342 2234 aususque
1383 2194 1469 2221 sum
1506 2181 1545 2221 in
1582 2180 1762 2221 omnibus
1798 2180 1960 2234 reliquis

163 2253 465 2306 quaestionibus
499 2254 667 2293 similem
698 2266 859 2305 sperare
892 2265 1142 2293 successum:
1177 2253 1249 2292 sed
1282 2252 1443 2302 frustra,
1476 2252 1629 2292 coelum
1661 2252 1777 2301 enim,
1809 2251 1960 2306 princi-

163 2324 270 2377 pium
295 2336 459 2376 operum
483 2324 573 2370 Dei,
606 2325 722 2377 longe
749 2324 1083 2377 praestantiorem
1115 2328 1297 2363 ornatum
1327 2322 1460 2372 habet,
1493 2335 1610 2375 qnam
1631 2322 1784 2375 reliqua
1803 2322 1982 2379 minuta

163 2399 204 2434 et
224 2394 331 2435 vilia.
378 2396 519 2448 Itaque
546 2397 827 2448 prodromus
853 2395 1011 2448 quidem
1031 2395 1214 2447 egregius
1236 2394 1335 2433 fuit:
1370 2394 1641 2446 epidromus
1666 2405 1774 2442 vere,
1806 2393 1961 2446 qualem

164 2478 237 2518 ego
271 2471 363 2506 tunc
395 2478 690 2519 proposueram,
723 2467 854 2507 nullus
887 2471 949 2505 est
974 2471 1156 2505 secutus:
1191 2465 1281 2518 quia
1312 2465 1351 2503 in
1378 2464 1540 2518 reliquis
1565 2463 1861 2516 quaestionibus
1887 2476 1960 2504 ne·-

163 2537 361 2589 quaquam
399 2536 493 2576 mihi
531 2549 656 2590 aeque
696 2535 1006 2577 satisfaciebam.
1070 2536 1215 2575 Lector
1254 2540 1384 2575 tamen
1425 2547 1546 2587 opera
1576 2547 1664 2575 mea
1693 2535 1982 2585 astronomica«

162 2612 202 2647 et
242 2607 419 2660 inprimis
459 2607 581 2648 libros
613 2608 960 2655 Harmonicorum,
1003 2619 1073 2659 pro
1106 2606 1274 2658 genuino
1312 2613 1355 2646 et
1390 2605 1547 2658 proprio
1579 2605 1782 2657 epidromo
1812 2606 1958 2647 habere

162 2679 310 2730 poterit
344 2672 460 2732 hujus
494 2680 639 2728 libelli;
674 2680 764 2732 qnia
796 2679 935 2719 eadem
968 2678 1147 2731 utrinque
1179 2678 1246 2718 via
1276 2677 1463 2718 curritur:
1497 2689 1674 2729 quaeque
1706 2681 1800 2717 tunc
1830 2676 1958 2730 impe-

163 2752 248 2792 dita
273 2743 375 2793 satis
408 2758 507 2801 erat,
542 2753 652 2791 facta
682 2763 783 2791 nunc
815 2756 880 2789 est
911 2750 1132 2799 tritissima,
1162 2754 1203 2789 et
1225 2761 1325 2802 quae
1351 2754 1443 2788 tunc
1462 2747 1594 2787 brevis
1620 2760 1693 2787 nec
1719 2748 1772 2788 ad
1797 2760 1958 2800 scopum

165 2823 410 2874 pertingens,
443 2823 514 2863 illa
546 2829 586 2862 et
618 2822 871 2862 continuatur
902 2821 940 2860 in
962 2805 1300 2869 Harmonicisset
1330 2831 1465 2859 currus
1495 2817 1602 2858 circa
1631 2822 1782 2858 metam
1811 2818 1957 2870 agitur.

163 2893 274 2933 Talis
295 2894 370 2933 fuit
391 2894 637 2946 prodromus,
671 2893 875 2944 navigatio
901 2892 1030 2945 prima
1050 2891 1225 2932 Americi
1247 2889 1450 2942 Vespucfi,
1482 2889 1586 2929 tales
1619 2888 1808 2942 epidromi
1838 2889 1958 2930 navi-
1979 2889 1982 2891 ’

164 2964 347 3016 gationes
379 2964 595 3004 hodiernae
629 2976 781 3003 annuae
813 2963 852 3002 in
885 2962 1154 3002 Americam.“

279 3035 340 3074 De
361 3035 476 3074 titulo
504 3033 768 3087 „Mysterium
790 3032 1194 3086 Cosmographicu1n“
1223 3033 1320 3073 haec
1340 3031 1477 3071 eodem
1497 3031 1584 3071 loco
1605 3029 1743 3071 addit:
1778 3030 1959 3080 „Extant
1976 3051 1982 3086 ς

1973 3091 1982 3119 ,²

164 3107 269 3159 apud
303 3097 525 3146 Germanos
558 3105 903 3156 cosmographiae,
948 3105 1145 3144 Munsteri
1183 3104 1445 3155 aliorumque,
1486 3102 1552 3142 ubi
1589 3102 1637 3142 de
1673 3106 1762 3142 toto
1800 3101 1982 3201 quidem}
