2028 3242
148 86 162 125 1
181 85 192 126 1
203 84 228 126 6
832 82 978 122 Mysterii
1005 81 1270 124 Cosmographici

143 192 262 239 Solis,
298 188 469 229 Veneris
491 193 532 228 et
551 186 737 227 Mercurii
764 187 940 227 habeant
966 187 1157 240 aequales
1187 185 1470 226 revolutiones.
1529 185 1812 239 Respondetur
1839 187 1957 234 enim,

142 250 243 301 quod
277 261 353 287 non
386 260 480 287 vere
512 247 770 287 revolvantur
801 247 890 298 ipsi,
927 247 998 286 sed
1029 258 1100 298 pro
1132 245 1231 298 ipsis
1264 244 1382 284 unica
1410 245 1546 285 Terra.
1597 243 1638 286 2.
1671 243 1808 292 Quare
1839 246 1956 300 quin-

142 321 215 361 que
247 308 435 359 planetae
468 307 567 346 fiant
597 306 835 357 retrogradi,
870 305 1078 345 luminaria
1111 305 1169 352 (h.
1193 317 1227 344 e.
1256 303 1326 344 Sol
1361 308 1402 343 et
1427 304 1563 352 Luna)
1595 316 1672 345 non
1703 305 1813 347 item.
1869 304 1956 360 Re·-

141 367 359 419 spondetur
389 365 516 418 primo
550 366 598 405 de
632 363 746 412 Sole,
787 365 880 416 quia
910 365 944 404 is
979 364 1166 417 quiescit,
1209 364 1311 403 unde
1342 363 1405 412 fit,
1450 368 1495 403 ut
1527 367 1658 404 motus
1689 364 1856 412 Terrae,
1891 364 1956 416 qni

141 438 298 478 semper
330 425 506 464 directus
538 429 613 472 est,
648 423 725 475 ipsi
759 423 843 463 Soli
878 437 984 463 mere
1018 429 1058 463 et
1088 422 1377 474 imperturbate
1408 422 1542 462 inesse
1571 422 1766 471 videatur,
1800 427 1957 464 tantum

139 498 210 537 per
246 490 401 536 partem
448 483 674 536 oppositam
715 483 828 523 coeli.
893 482 953 522 De
996 483 1112 522 Luna
1149 494 1268 529 vero,
1315 481 1407 533 quia
1449 486 1581 521 motus
1613 481 1762 522 Terrae
1802 494 1956 522 annuus

139 544 264 596 ipsius
297 544 407 583 coelo
440 555 532 582 vere
565 542 783 582 communis
817 548 880 581 est
905 554 994 581 cum
1014 542 1153 581 Terra.
1199 541 1288 580 Duo
1316 545 1448 580 autem
1478 553 1579 592 quae
1605 540 1757 580 habent
1787 541 1954 580 eundem

140 609 288 642 motum
321 615 391 654 per
430 602 586 650 omnia,
633 601 817 640 videntur
861 601 966 640 inter
1004 614 1047 640 se
1087 600 1304 652 quiescere.
1330 598 1358 645 ¹)
1420 599 1536 640 Unde
1568 604 1702 640 motus
1733 600 1884 640 Terrae
1915 600 1954 639 in

139 663 253 701 Luna
285 674 360 701 non
395 661 584 708 sentitur,
625 666 669 700 ut
706 660 743 699 in
778 660 924 699 ceteris
955 659 1143 711 planetis.
1208 658 1270 703 De
1303 658 1572 710 superioribus
1605 658 1804 708 Saturno,
1836 658 1952 708 Jove,

140 727 181 760 et
212 721 344 760 Marte
379 720 666 771 iespondetur:
711 718 803 770 quia
840 719 926 786 ipsi
957 724 1050 758 sunt
1081 717 1279 758 tardiores
1313 718 1463 757 Terra·
1509 723 1552 757 et
1588 717 1681 786 quia
1712 717 1882 759 circulus
1914 722 1956 766 et

141 785 272 819 motus
304 779 382 818 iste
409 780 557 818 Terrae
589 783 755 829 putatur
786 778 883 829 ipsis
915 778 1061 818 inesse.
1109 770 1244 822 Quare
1277 777 1382 816 sicut
1412 777 1506 823 illis,
1539 777 1604 829 qui
1637 789 1687 816 ex
1706 777 1754 825 L,
1790 775 1954 818 Saturni

140 838 273 890 globo,
305 838 594 890 prospicerent,
629 838 753 876 Terra
785 837 981 876 inteldum
1007 836 1193 888 progredi
1219 835 1433 883 videretur,
1466 836 1559 875 dum
1590 835 1668 876 iret
1697 848 1770 888 per
1800 835 1953 876 medie-

142 904 269 937 tatem
302 897 409 937 PBN
444 908 563 947 snpra
595 895 743 944 Solem,
776 896 973 936 interdum
1006 894 1184 947 regredi,
1219 895 1309 934 dnm
1342 895 1420 934 iret
1449 907 1522 946 per
1551 895 1685 943 NAP,
1718 900 1828 935 stare
1859 907 1953 936 vero

139 957 176 995 in
204 957 242 996 N
269 961 311 995 et
329 955 382 995 P:
417 956 475 995 sic
508 967 673 994 necesse
708 960 782 1004 est,
816 961 871 995 ut·
891 955 1005 994 nobis
1039 967 1087 994 ex
1106 955 1229 994 Terra
1260 954 1594 1006 prospicientibus
1616 952 1816 994 Saturnus
1846 953 1954 994 volvi

138 1016 319 1055 videatur
351 1015 389 1054 in
422 1019 561 1066 partes
595 1013 815 1066 oppositas.
879 1014 936 1054 Ut
969 1014 1059 1056 dum
1092 1019 1156 1053 est
1188 1014 1312 1052 Terra
1344 1013 1383 1052 in
1415 1013 1532 1053 BNA
1560 1013 1645 1064 (fig.
1684 1011 1769 1062 10),
1803 1012 1950 1053 Satur-

137 1087 210 1114 nus
243 1074 401 1113 videtur
434 1074 472 1112 in
512 1073 604 1112 bna
638 1074 722 1124 (fig.
761 1072 847 1120 11).
912 1073 1126 1112 Inferiores
1158 1072 1297 1111 Venus
1336 1077 1377 1111 et
1409 1072 1630 1112 Mercurius
1667 1072 1757 1112 ideo
1794 1071 1951 1124 regredi

134 1133 340 1179 videntur,
381 1133 472 1184 quia
505 1138 597 1171 sunt
634 1132 856 1171 velociores
889 1131 1039 1179 Terra3
1079 1131 1182 1171 unde
1213 1131 1378 1182 perinde
1411 1144 1458 1171 ac
1490 1131 1524 1170 si
1556 1130 1681 1171 Terra
1713 1136 1842 1172 staret
1871 1131 1949 1171 im-

134 1197 265 1237 mota,
301 1192 461 1240 Venus,
495 1203 657 1230 currens
690 1191 727 1230 in
761 1196 875 1242 parte
909 1190 1046 1230 circuli
1079 1190 1301 1257 remotiori,
1336 1190 1577 1230 contrariam
1609 1190 1729 1242 plane
1761 1189 1953 1231 describit

134 1251 239 1290 viam
271 1250 349 1299 illi,
385 1262 501 1302 quam
535 1250 694 1289 conficit
724 1250 762 1289 in
796 1254 911 1301 parte
944 1249 1079 1289 circuli
1112 1249 1172 1289 sui
1205 1248 1337 1288 vicina
1369 1249 1529 1290 Terrae.

252 1308 291 1350 3.
327 1310 390 1348 Ita
424 1309 559 1360 quaeri
593 1309 725 1375 potuit
757 1309 850 1355 (sed
875 1308 971 1348 nihil
991 1308 1259 1360 respondente
1279 1308 1534 1357 Ptolemaeo)
1567 1320 1689 1361 quare
1721 1309 1761 1348 in
1792 1307 1950 1367 magnis

98 1369 106 1373 ”
134 1369 295 1409 orbibus
329 1368 411 1407 sint
441 1373 524 1407 tam
560 1368 702 1420 exigui
714 1368 914 1421 epicycli,
949 1359 991 1407 et
1023 1380 1144 1420 quare
1178 1368 1215 1419 in
1246 1367 1385 1420 parvis
1417 1367 1578 1419 orbibus
1605 1372 1760 1436 mm,
1726 1367 1948 1426 immanes.

132 1429 206 1467 hoc
238 1433 313 1476 est,
350 1439 470 1479 quare
497 1430 847 1479 προσθαφαιρεσις
874 1418 1021 1466 Martis
1048 1427 1102 1466 sit
1134 1427 1263 1494 major
1287 1427 1420 1475 Jovia,
1455 1431 1498 1467 et
1527 1416 1643 1478 hujus
1675 1417 1819 1479 1113]ὃῖ-
1833 1438 1949 1479 qnam

134 1486 309 1526 Saturni.
374 1486 429 1525 Et
467 1498 536 1525 cur
567 1498 643 1525 non
677 1485 898 1525 Mercurius
932 1485 1055 1525 etiam
1087 1486 1292 1537 majorem,
1328 1498 1447 1537 quam
1478 1485 1634 1534 Venus,
1665 1485 1828 1535 habeat,
1861 1497 1948 1525 cum

133 1546 186 1585 sit
215 1545 379 1585 inferior
410 1545 594 1593 Venere;
640 1545 834 1596 siquidem
879 1549 1051 1596 quatuor
1087 1545 1328 1597 reliquorum
1365 1557 1521 1597 semper
1557 1543 1721 1586 inferior
1757 1544 1948 1597 maJorem

134 1604 267 1645 habet.
330 1604 407 1643 Hic
446 1604 576 1643 facilis
622 1609 686 1643 est
728 1603 949 1655 responsio.
1012 1604 1201 1644 Mercurii
1240 1603 1343 1643 enim
1385 1609 1428 1643 et
1458 1603 1630 1644 Veneris
1674 1615 1793 1644 veros
1830 1602 1949 1643 orbes

134 1668 290 1703 veteres
323 1663 523 1716 epicyclos
557 1675 647 1702 esse
681 1667 882 1715 putarunt.
947 1662 1138 1702 Mercurii
1170 1668 1326 1711 autem,
1376 1668 1417 1703 ut
1454 1662 1722 1712 velocissimi,
1763 1661 1947 1703 minimus

135 1723 255 1762 etiam
290 1722 396 1762 orbis
430 1727 505 1761 est.
570 1721 825 1773 Superiorum
866 1733 961 1760 vero
999 1727 1042 1761 nt
1074 1722 1213 1774 cuique
1246 1722 1417 1762 Telluris
1449 1722 1557 1762 orbis
1587 1722 1750 1775 propior
1781 1726 1857 1770 est,
1890 1720 1947 1761 sic

134 1782 325 1833 majoiem
357 1781 409 1821 ad
443 1794 531 1820 eum
562 1781 856 1833 p1op01tionem
890 1780 1026 1828 habet,
1059 1786 1100 1820 et
1131 1781 1261 1833 major
1286 1786 1468 1833 apparet.
1512 1781 1626 1822 Mars
1656 1781 1778 1838 igltur
1806 1779 1946 1834 proxi-

132 1854 217 1880 mus
249 1840 372 1880 habet
403 1841 615 1879 maximam
657 1840 955 1906 aequationem,
999 1838 1199 1880 Saturnus
1238 1834 1711 1897 alt¹S³¹¹nU§„QL¹EPJ³m
1772 1840 1881 1883 Nam
1911 1839 1946 1878 si

132 1899 267 1939 oculus
297 1899 334 1938 in
365 1897 402 1938 G
430 1897 614 1950 (fig.10)
648 1894 969 1946 constitueretur,
1004 1899 1039 1938 ei
1072 1892 1180 1938 orbis
1204 1894 1279 1939 ΡΝ
1306 1899 1509 1939 videretur
1540 1900 1613 1940 sub
1639 1900 1785 1953 angulo
1805 1897 1944 1946 TGV;

134 1963 177 1998 at
210 1958 244 1997 si
274 1958 313 1997 in
347 1958 381 1996 L
414 1963 541 2002 esset,
575 1957 681 1997 idem
714 1957 820 1997 orbis
852 1957 1056 1997 videretur
1087 1957 1160 1997 sub
1192 1958 1338 2009 angulo
1370 1957 1492 1998 RLS.

249 2013 290 2056 4,
338 2016 494 2056 Pariter
525 2029 603 2055 non
635 2016 779 2068 injuria
810 2016 944 2055 mirati
976 2022 1069 2056 sunt
1099 2020 1274 2064 veteres,
1315 2029 1383 2056 cur
1413 2021 1496 2057 tres
1530 2017 1755 2069 superiores
1788 2027 1944 2068 semper

132 2076 169 2115 in
192 2075 440 2128 oppositione
470 2088 555 2114 cum
577 2075 671 2115 Sole
699 2075 779 2114 sint
803 2075 1008 2115 humillimi
1040 2075 1079 2115 in
1111 2088 1182 2114 suo
1215 2075 1406 2128 epicyclo,
1440 2075 1478 2115 in
1513 2075 1792 2128 conjunctione
1823 2074 1943 2115 altis-

132 2135 247 2173 simi:
281 2139 325 2173 ut
356 2135 390 2173 si
423 2134 548 2173 Terra
580 2135 667 2185 (fig.
694 2133 780 2181 11),
815 2133 887 2174 Sol
919 2139 960 2172 et
991 2147 1016 2185 g
1049 2133 1131 2173 sint
1161 2134 1200 2173 in
1234 2135 1375 2174 eadem
1407 2134 1530 2184 linea,
1565 2147 1686 2187 quare
1717 2134 1830 2174 Mars
1861 2138 1943 2174 tum

131 2206 206 2233 non
241 2193 370 2244 possit
402 2193 438 2231 in
474 2193 552 2231 alio
588 2194 672 2232 loco
707 2193 875 2246 epicycli
907 2206 1010 2241 esse,
1045 2205 1162 2245 quam
1194 2193 1234 2232 in
1266 2208 1295 2244 y.
1346 2194 1392 2233 In
1416 2192 1639 2246 Copernico
1671 2206 1795 2234 causa
1826 2191 1943 2233 facile

133 2252 319 2291 redditur.
383 2252 474 2291 Non
510 2252 612 2291 enim
644 2252 756 2291 Mars
789 2252 829 2291 in
862 2252 1059 2306 epicyclo,
1102 2252 1171 2291 sed
1206 2252 1331 2292 Terra
1367 2252 1407 2292 in
1441 2253 1536 2293 orbe
1569 2265 1641 2292 suo
1673 2253 1776 2293 hanc
1807 2251 1942 2292 varie-

131 2316 258 2359 tatem
291 2316 505 2359 causatur3
538 2311 628 2350 hinc
661 2311 695 2350 si
716 2311 840 2350 Terra
872 2323 922 2351 ex
941 2312 988 2351 A
1013 2310 1052 2350 in
1071 2310 1106 2350 B
1140 2311 1375 2351 discesserit
1395 2312 1480 2364 (fig.
1507 2310 1595 2361 10),
1629 2311 1716 2352 Sol-
1733 2310 1810 2351 erit
1840 2310 1944 2350 inter

133 2369 167 2407 G
203 2370 376 2408 Martem
411 2375 450 2409 et
482 2370 515 2408 B
549 2371 731 2418 Terram,
776 2376 817 2410 et
848 2375 930 2410 tum
962 2369 1076 2409 Mars
1109 2370 1308 2410 videbitur
1339 2371 1378 2410 in
1411 2371 1589 2424 epicyclo
1622 2371 1707 2423 (fig.
1735 2367 1808 2418 11)
1840 2381 1891 2409 ex
1922 2371 1945 2409 ὃ
2006 2416 2010 2423 ,

132 2429 168 2466 in
203 2444 220 2478 y
252 2429 497 2468 ascendisse.
544 2430 603 2468 At
623 2430 747 2468 Terra
779 2429 817 2468 in
850 2430 889 2468 A
922 2429 1133 2477 existente,
1170 2430 1273 2481 quod
1307 2434 1370 2468 est
1399 2435 1590 2481 punctum
1620 2429 1699 2482 ipsi
1733 2427 1772 2469 G
1802 2427 1941 2480 proxi-

133 2500 247 2534 mum,
283 2486 320 2526 G
354 2488 462 2526 Mars
497 2494 538 2526 et
570 2487 639 2527 Sol
673 2488 912 2527 videbuntur
944 2501 993 2527 ex
1025 2488 1063 2527 A
1095 2488 1264 2528 invicem
1298 2489 1484 2540 oppositi.
1535 2489 1672 2541 Atque
1703 2488 1804 2527 haec
1835 2490 1940 2535 sunt,

133 2559 231 2596 quae
265 2559 313 2584 ex
346 2546 484 2585 tabula
518 2547 569 2585 ad
602 2547 755 2586 oculum
788 2547 1051 2587 demonstrari
1084 2553 1265 2598 possunt.

247 2605 338 2643 Jam
373 2605 560 2655 deinceps
594 2606 889 2645 consideremus
922 2606 1043 2645 etiam
1078 2606 1421 2646 eccentricitatem
1452 2605 1567 2656 hujus
1600 2605 1720 2645 orbis.
1785 2602 1941 2656 Ceper-

133 2664 241 2702 nicus
275 2664 372 2702 facit
405 2676 624 2715 apogaeum
659 2664 765 2704 Solis
800 2665 882 2711 (vel
916 2665 1083 2712 Terrae)
1116 2670 1161 2704 ut
1200 2671 1242 2704 et
1278 2670 1499 2704 ceterorum
1535 2663 1711 2712 moveri,
1756 2675 1833 2702 non
1868 2674 1942 2714 per
2000 2667 2001 2670 ’

132 2723 369 2769 deferentes,
406 2723 475 2761 sed
508 2735 579 2774 per
612 2724 845 2775 epicyclium
879 2724 996 2775 paulo
1030 2723 1182 2762 tardius
1215 2723 1310 2763 orbe
1337 2736 1408 2763 suo
1441 2722 1492 2761 ad
1523 2721 1679 2762 initium
1709 2721 1939 2768 redimam)
2003 2770 2006 2771 ⁷

131 2780 203 2818 llic
237 2787 365 2819 motus
399 2782 566 2833 apogaei
606 2783 726 2821 etiam
768 2782 917 2833 aliquid
962 2782 1082 2821 infert
1126 2782 1165 2821 in
1203 2782 1375 2821 motibus
1414 2786 1636 2820 ceterorum
1673 2781 1938 2832 planetarum.

130 2838 232 2876 Nam
252 2839 506 2878 Ptolemaeus
528 2847 748 2880 ceterorum
775 2840 1098 2880 eccentricitates
1130 2845 1337 2892 computat
1363 2854 1388 2879 a
1412 2843 1548 2879 centro
1570 2839 1743 2879 Terrae:
1764 2840 1802 2886 ⁸)
1835 2839 1939 2891 quod

130 2897 162 2933 si
207 2902 385 2935 centrum
429 2899 639 2938 eccentrici
684 2899 854 2939 Telluris
900 2905 940 2938 et
984 2909 1205 2951 apogaeum
1247 2911 1319 2950 per
1362 2897 1692 2950 consequentiam
1735 2897 1938 2949 signorum
2002 2910 2005 2918 “

131 2955 390 2994 discesserint
421 2956 459 2994 in
492 2958 611 2996 aliam
645 2963 801 3009 partem
832 2957 1008 3007 zodiaci,
1043 2957 1193 2997 relictis
1224 2962 1319 3008 post
1350 2969 1394 2996 se
1425 2955 1594 2996 aliorum
1625 2956 1816 3009 apogaeis
1849 2961 1937 2997 tar-
2002 2991 2006 3003 ,

130 3012 329 3059 dioribus‚
377 3014 533 3053 accidet
577 3017 709 3066 aliqua
750 3017 917 3059 mutatio
957 3015 1297 3057 eccentricitatum
1340 3016 1379 3055 in
1419 3015 1594 3067 planetis
1626 3015 1784 3055 ceteris.
1845 3015 1947 3056 Hoc
1988 3032 1993 3051 2

127 3071 245 3111 valde
278 3083 431 3111 rursum
461 3073 667 3114 mirabitur
696 3075 919 3115 Ptolemaei
951 3074 1215 3124 astronomia,
1259 3079 1380 3128 atque
1413 3074 1464 3115 ad
1495 3073 1778 3126 confingendos
1810 3085 1935 3115 novos
1973 3119 1979 3127 ξ
