2028 3242
184 95 200 136 1
214 93 265 136 14
862 88 1011 129 Mysterii
1039 87 1302 130 Cosmographici

180 209 223 243 ut
255 215 304 241 ea
334 197 533 239 mentione
567 200 775 235 constaret
808 193 947 234 lectori
980 194 1111 233 altera
1144 205 1278 240 causa,
1314 205 1415 245 quae
1446 205 1509 233 me
1540 193 1579 234 in
1612 193 1824 247 Copernici
1854 202 1994 250 partes

179 257 436 313 pertraxerit.

296 318 438 369 Neque
470 319 603 353 tamen
636 317 787 352 temere
821 317 863 351 et
895 310 978 350 sine
1012 309 1254 361 gravissima
1274 310 1550 362 praeceptoris
1569 312 1647 353 mei
1665 314 1875 355 Maestlini
1906 317 1993 357 cla-

178 376 326 418 rissimi
367 371 640 415 mathematici
681 370 898 411 autoritate
944 369 1047 409 hanc
1081 376 1234 410 sectam
1268 370 1476 420 amplexus
1509 384 1608 412 sum.
1669 373 1794 419 Nam‘
1814 374 1871 424 is,
1917 375 1995 416 etsi

179 436 328 489 primus
348 433 444 474 mihi
465 433 543 471 dux
565 436 606 470 et
635 433 982 481 praemonstrator
1017 427 1091 467 fuit
1122 441 1207 468 cum
1242 428 1292 467 ad
1325 428 1417 477 alia,
1453 435 1536 469 tum
1568 432 1780 485 praecipue
1813 434 1865 474 ad
1896 434 1995 475 haec

179 494 541 548 philosophemata,
574 495 694 540 atque
727 488 816 527 ideo
845 488 934 539 jure
966 486 1094 537 primo
1128 487 1215 527 loco
1242 499 1449 526 recensere
1483 489 1714 533 debuisset:
1747 497 1883 534 tamen
1915 493 1996 534 alia

180 555 350 607 quadam
382 548 573 603 peculiari
605 547 762 587 ratione
791 546 953 586 tertiam
973 545 1067 584 mihi
1092 558 1254 586 causam
1286 546 1472 597 praebuit
1502 547 1562 588 ita
1594 549 1870 601 sentienditss)
1903 553 1994 592 dum

180 617 375 653 cometam
409 608 500 649 anni
540 607 593 647 77
629 604 891 658 deprehendit
931 604 1256 644 constantissime
1295 605 1346 644 ad
1378 611 1535 650 *motum
1575 608 1748 650 Veneris
1781 625 1806 651 a
1837 610 1993 664 Coper-

179 672 265 711 nico
296 660 497 722 proditum
531 665 693 713 moveri,
728 669 770 703 et
801 669 922 715 capta
954 675 1004 702 ex
1036 663 1249 703 altitudine
1283 665 1531 715 superlunari
1563 668 1806 718 conjectura,
1838 670 1876 710 in
1909 671 1997 723 ipso

179 730 274 770 orbe
307 730 491 768 Venereo
526 723 804 776 Copernicano
837 722 1073 762 curriculum
1105 735 1218 762 suum
1250 723 1472 764 absolvere.
1529 724 1644 771 Quod
1679 727 1712 767 si
1745 728 1832 780 quis
1864 742 1997 770 secum

178 787 429 841 perpendat,
461 796 577 836 quam
611 782 729 822 facile
765 782 909 820 falsum
943 795 967 820 a
1000 793 1043 820 se
1071 780 1158 832 ipso
1192 780 1419 831 dissentiat,
1453 789 1495 823 et
1526 791 1716 835 econtra,
1750 799 1868 839 quam
1899 801 1996 828 con—

179 852 335 887 stanter
365 856 502 884 verum
522 854 615 881 vero
637 846 842 888 consonet,
879 852 956 879 non
989 839 1135 891 injuria
1167 839 1380 880 maximum
1413 849 1690 894 argumentum
1724 846 1998 900 dispositionis

179 905 333 946 orbium
367 901 666 954 Copernicanae
699 899 763 938 vel
795 906 844 938 ex
875 899 948 938 hoc
982 899 1074 942 solo,
1099 898 1263 949 ceperit.

298 963 354 1003 Ut
385 967 519 1001 autem
553 973 601 998 ea
632 958 778 1005 omnia,
813 970 916 1009 quae
949 958 996 996 de
1031 957 1320 1010 hypothesibus
1353 958 1530 1011 utrisque
1565 961 1666 1011 dixi,
1702 963 1909 1005 verissime
1940 965 1999 1005 ita

181 1036 223 1063 se
256 1021 404 1062 habere
438 1017 742 1069 deprehendas:
778 1016 913 1067 accipe
947 1017 1048 1055 hanc
1081 1016 1243 1055 brevem
1277 1017 1583 1068 explicationem
1615 1021 1893 1075 hypothesium
1914 1023 1997 1064 Co-

180 1080 330 1134 pernici
369 1080 545 1129 duasque
579 1076 740 1114 tabulas
773 1075 824 1114 ad
857 1075 930 1114 hoc
963 1074 1174 1115 facientes.

187 1186 191 1187 ⁷
299 1139 377 1179 Pro
410 1134 690 1187 cognoscendo
723 1133 859 1172 ordine
893 1134 1153 1185 sphaerarum
1185 1134 1317 1173 mundi
1352 1136 1568 1177 secundum
1589 1136 1800 1192 Copernici
1831 1147 1998 1183 senten-

178 1199 279 1238 tiam
316 1197 471 1236 intuere
512 1193 675 1233 schema
711 1190 774 1230 10.
838 1192 986 1231 Terrae
1019 1203 1090 1244 pro
1125 1191 1283 1232 diverso
1316 1200 1501 1245 respectu
1534 1197 1760 1240 tribuuntur
1790 1215 1816 1241 a
1843 1201 1999 1254 Coper..

180 1257 268 1297 nico
294 1261 427 1296 motus
449 1258 631 1305 quatuor,
666 1248 933 1301 (Copernicus
955 1250 1145 1290 brevitati
1178 1251 1354 1292 intentus
1381 1259 1464 1292 tres
1484 1253 1593 1304 dicit,
1627 1257 1692 1309 qui
1723 1271 1866 1302 revera
1897 1262 1999 1316 qua-

178 1321 268 1356 tuor
301 1317 440 1365 Sunt)¹
489 1310 553 1362 qui
599 1321 736 1347 omnes
768 1308 1007 1361 reliquorum
1040 1310 1291 1362 planetarum
1325 1311 1498 1352 motibus
1531 1314 1705 1367 aliquam
1739 1326 1999 1373 apparentem

180 1374 420 1415 varietatem
453 1367 684 1411 conciliant.
706 1367 743 1412 ἔ)

305 3015 457 3055 Primus
490 3025 554 3058 est
589 3019 714 3071 ipsius
756 3020 951 3071 sphaerae
993 3035 1063 3062 seu
1100 3011 1228 3070 orbisss
1267 3024 1332 3075 qui
1366 3028 1563 3072 Tellurem
1595 3042 1667 3071 ceu
1699 3031 1860 3072 stellam
1891 3029 1971 3070 cire

186 3069 323 3112 Solem
356 3077 560 3117 annuatim
597 3078 842 3131 circumagit.
904 3080 1041 3132 Atque
1074 3080 1109 3120 is
1141 3081 1261 3132 orbiS,
1295 3095 1383 3126 cum
1414 3087 1469 3128 sit
1501 3089 1764 3142 eccentricus,
1797 3077 2000 3132 eccentri‘
