2028 3242
611 91 652 123 «ιο
678 89 876 123 Calenum
897 89 934 122 ιιι
957 97 1081 121 mm
1103 85 1288 120 unxcxx.
1767 77 1850 123 4¹1

62 201 223 249 aliun:
254 198 464 252 eclipsim
507 209 585 238 non
622 208 714 236 esse
743 193 1037 243 diminuenda,
1078 193 1154 235 aed
1188 192 1396 246 augendas
1430 189 1566 244 potius
1597 188 1857 242 aequationes

61 258 387 310 Sub-uque
423 257 459 298 si
495 259 662 308 propter
690 260 842 295 certum
873 264 1077 294 numerum
1107 252 1261 293 dierum
1300 252 1352 291 ab
1384 248 1636 303 aequinoctio
1665 248 1776 288 veris
1803 247 1858 287 ad

60 310 288 364 male
323 320 504 358 centrum
546 319 680 355 motus
708 312 867 353 omnino
897 312 1004 352 idem
1032 310 1197 354 manere
1229 310 1351 351 debet
1381 308 1488 358 Soli,
1532 312 1576 348 et
1604 306 1858 355 nibilominus

60 373 153 432 eius
177 372 460 419 eccentricitas
489 378 655 426 propter
683 371 855 424 eclipses
885 371 1071 422 augenda
1098 373 1189 411 est:
1220 369 1302 418 fiet,
1334 374 1380 410 ut
1408 369 1515 409 inter
1539 372 1682 409 centra
1712 378 1857 409 eccen-

66 434 169 478 trice
185 439 232 476 et
260 434 410 476 Terrae
441 438 621 475 centrum
650 430 862 482 aequantis
890 430 1022 471 medio
1053 429 1143 469 loco
1173 428 1344 469 incidat:
1380 427 1488 467 sicut
1516 427 1557 467 in
1588 425 1859 479 superioribus

61 501 106 536 et
135 494 170 543 ῼ
201 493 330 545 (apud
359 491 655 538 Ptolemaeum)
687 495 754 530 eat
780 501 905 541 supra
933 494 1114 530 centrum
1142 486 1370 533 eccentrici,
1401 486 1442 527 in
1467 486 1583 526 Luna
1611 485 1716 525 infra
1746 484 1788 525 id
1819 483 1858 524 in

61 555 150 606 ipso
181 557 321 593 centro
351 550 520 597 Terrae,
562 548 602 588 in
634 549 662 598 ζέ
686 547 775 600 jam
804 560 946 600 supra,
982 547 1068 600 jam
1098 547 1222 596 infra,
1261 545 1392 589 medio
1424 545 1511 586 loco
1543 546 1647 585 inter
1677 549 1857 584 centrum

61 613 211 653 Terrae
239 615 283 653 et
308 606 534 656 ecccutrici,
558 607 646 660 jam
675 607 728 647 ad
759 607 867 647 latus
899 607 1149 647 alterutrum.
1208 605 1335 646 Porro
1366 604 1466 645 haec
1497 603 1645 656 positio
1678 615 1859 655 aequan-

61 671 125 714 εἰς,
151 670 200 717 i·
240 668 417 722 sphaera
457 664 512 717 Θ
550 665 670 719 plane
720 671 862 707 contra
902 677 1085 707 normam
1123 665 1370 717 superiorum
1412 668 1631 716 contraque
1680 661 1860 703 rationes

61 725 435 784 pepieasffsermit
454 738 534 773 me,
564 737 616 764 ne
646 725 822 766 fortasse
853 719 1018 766 ruinam‘
1038 723 1378 776 aequinoctiorum
1408 735 1547 764 secum
1574 722 1725 770 trahat,
1758 734 1862 774 quae

67 788 440 842 puempossuut
477 784 699 824 observari.
759 785 902 836 Itaque
939 783 1116 824 abstinui
1158 795 1300 823 manus
1341 796 1369 824 a
1406 782 1580 834 sphaera
1622 780 1746 823 Solis.
1806 779 1863 821 Et

60 854 197 888 tamen
239 857 365 887 causa
402 843 550 884 erroris
593 842 632 882 in
670 842 886 894 eclipsibus
925 855 1013 883 cum
1050 854 1154 882 anno
1185 841 1451 890 convertitur,
1494 846 1542 882 ut
1577 841 1750 882 vidimus
1786 841 1862 880 hoc

62 916 182 952 unq,
220 902 484 949 successario
517 902 653 954 itaque
682 902 734 942 ad
765 902 888 942 talem
920 914 1084 942 causam
1114 901 1274 952 confugi
1282 903 1295 948 ,'
1326 901 1457 953 qualis
1488 906 1555 940 est
1581 900 1624 940 in
1651 899 1734 945 mei
1763 912 1861 951 pro-

62 962 236 1017 gnostici
264 961 499 1014 appendice.
562 961 609 1002 [d
626 973 846 1002 consonum
866 960 1102 1008 rationibus,
1135 960 1212 1000 nisi
1232 960 1337 1012 quod
1354 959 1440 1012 jam
1464 958 1620 1012 pridem
1637 959 1732 1000 illas
1750 971 1863 999 meas

62 1021 390 1067 aunis-audaces
414 1019 594 1061 rationes
625 1019 778 1060 taxasti
809 1019 966 1060 leviter.
1028 1017 1259 1060 Consonum
1295 1025 1362 1059 est
1390 1019 1513 1071 igitur
1547 1017 1585 1058 si
1614 1031 1694 1059 non
1731 1017 1863 1058 ratio-

61 1082 333 1131 meeum
362 1077 656 1131 suspicionibus
685 1079 899 1119 rationum.
963 1078 1157 1118 Videmus
1188 1078 1345 1121 Lunam
1373 1084 1494 1130 prout
1523 1078 1615 1130 ipsa
1642 1090 1717 1130 per
1746 1089 1791 1117 se
1822 1082 1864 1117 et

62 1144 279 1184 san-motu
306 1137 417 1179 circa
440 1137 606 1178 Terram
635 1137 688 1177 ad
718 1136 856 1178 Solem
886 1137 952 1177 vel
981 1151 1008 1178 a
1032 1137 1128 1178 Sole
1160 1137 1260 1186 abit,
1290 1137 1464 1186 tardam,
1496 1138 1691 1186 velocem,
1724 1136 1864 1182 altam,

62 1198 269 1241 beatum?
285 1210 315 1238 a
342 1196 470 1238 Terra
497 1195 597 1237 fieri.
657 1197 704 1237 Id
736 1197 814 1237 etsi
851 1196 1071 1245 nescimus,
1108 1197 1359 1249 suspicamur
1395 1202 1530 1237 tamen
1571 1209 1597 1237 a
1625 1197 1666 1236 vi
1695 1194 1865 1237 metrice

63 1258 311 1301 &limosae-
370 1253 419 1296 Si
448 1255 524 1296 hoc
554 1255 691 1295 evenit
721 1256 860 1296 Lunae
899 1261 1067 1308 propter
1096 1261 1249 1296 motum
1285 1249 1398 1296 suum
1422 1256 1645 1308 proprium,
1687 1268 1758 1296 cur
1786 1266 1868 1309 non

2 1325 14 1332 “
63 1316 225 1363 eveniat
245 1314 392 1356 -eidem
429 1318 593 1366 propter
630 1319 783 1354 motum
812 1314 959 1355 Terrae
973 1346 985 1363 ,
1016 1327 1089 1367 per
1126 1328 1244 1367 quem
1273 1316 1365 1368 ipsa
1402 1327 1491 1363 cum
1523 1319 1610 1355 toto
1649 1326 1723 1355 suo
1754 1314 1865 1354 coelo

63 1376 207 1419 liieine³
223 1373 459 1417 admovetur
490 1372 590 1417 Soli,
636 1379 795 1414 aestate
827 1373 879 1413 ab
910 1385 958 1414 eo
990 1374 1244 1415 dimovetur?
1303 1373 1508 1426 objicias,
1540 1373 1743 1415 diversam
1775 1385 1866 1412 esse

67 1434 269 1479 rationem
305 1432 504 1484 utrinque.
564 1431 671 1472 Nam
712 1433 747 1473 si
786 1432 880 1484 quid
921 1433 1147 1484 hujusmodi
1177 1434 1316 1474 Lunae
1347 1433 1527 1481 eveniat,
1574 1433 1678 1485 quod
1709 1443 1867 1472 errores

64 1494 172 1535 circu
186 1491 373 1544 ‚eclipses
403 1490 673 1543 patefaciant,
718 1491 1046 1543 undecunquejd
1076 1492 1152 1540 sit,
1197 1492 1239 1532 id
1276 1505 1365 1532 cum
1395 1505 1476 1532 una
1512 1491 1760 1532 revolutione
1792 1502 1864 1530 ac-

65 1556 291 1594 cessus-et
317 1561 503 1592 recessus
532 1550 634 1590 coeli
665 1549 839 1590 Lunaris
881 1564 908 1590 a
937 1549 1033 1590 Sole
1070 1551 1194 1591 semel
1230 1551 1411 1591 converti
1448 1556 1492 1591 et
1522 1550 1743 1591 terminari.
1806 1549 1868 1589 At

67 1622 205 1662 supra«
228 1609 288 1651 in·
307 1621 389 1650 una
417 1608 666 1649 revolutione
709 1610 888 1661 corporis
919 1609 1059 1650 Lunae
1099 1622 1287 1650 accessus
1324 1614 1368 1650 et
1398 1622 1583 1650 recessus
1614 1623 1640 1649 a
1669 1608 1767 1650 Sole
1803 1607 1867 1647 bis

24 1715 28 1719 ,
69 1668 357 1711 terminabatur
396 1667 469 1708 illa
502 1667 782 1719 inaequalitas.
844 1668 1104 1720 Respondeo,
1142 1668 1343 1709 diversam
1381 1668 1503 1708 etiam
1541 1673 1585 1708 et
1618 1669 1739 1719 plane
1777 1667 1867 1707 huic

69 1728 126 1777 rei
153 1726 328 1769 similem
357 1726 554 1767 rationem
584 1726 623 1766 in
654 1739 703 1766 eo
735 1740 844 1775 esse,
884 1727 990 1779 quod
1020 1728 1146 1768 Terra
1175 1733 1219 1768 et
1247 1728 1400 1768 coelum
1420 1728 1559 1768 Lunae
1591 1728 1700 1767 circa
1730 1725 1867 1767 Solem

0 1800 1 1805 ¹
69 1795 228 1838 semper
255 1785 523 1837 progreditur,
555 1791 599 1825 at
630 1797 772 1837 corpus
794 1786 932 1826 Lunae
964 1785 1004 1826 in
1034 1786 1199 1827 dimidia
1229 1786 1478 1828 revolutione
1502 1782 1770 1839 progreditur,
1802 1784 1867 1824 di-

0 1855 2 1876 *
68 1844 193 1888 midia
221 1844 445 1896 ngreditur
474 1850 661 1896 respectu
681 1843 804 1884 Solis.
865 1845 979 1885 Haec
1010 1845 1161 1886 habent.
1189 1845 1293 1886 inter
1317 1858 1362 1886 se
1393 1846 1621 1898 analogiam
1653 1843 1867 1897 quandam.

70 1903 411 1956 Itaquesuspicio
441 1909 525 1952 est,
540 1916 679 1942 -unum
709 1915 802 1943 esse
833 1917 996 1943 causam
1026 1905 1207 1945 alterius.
1270 1904 1354 1947 Sed
1390 1905 1566 1946 sufficiat
1607 1909 1767 1944 tantum
1795 1914 1869 1954 pro

68 1961 326 2003 excusatione
345 1961 511 2002 dixisse.
573 1959 745 2007 Quinto:
779 1975 829 2002 au
854 1975 950 2003 vero
970 1975 1047 2003 non
1067 1963 1208 2016 ingens
1227 1963 1398 2003 audacia
1416 1968 1492 2012 est,
1524 1963 1684 2004 unicam
1703 1962 1868 2002 diurnae

70 2020 330 2065 revelationis
358 2026 403 2060 et
432 2020 590 2072 quidem
621 2021 945 2073 aequalissimam
977 2034 1203 2062 mensuram
1234 2022 1491 2062 adulterare?
1550 2023 1655 2062 Nam
1686 2021 1762 2061 hoc
1792 2032 1869 2060 uno

74 2078 281 2122 conamine
311 2083 403 2119 tota
431 2079 532 2119 coeli
563 2080 751 2120 machina
781 2080 994 2121 laxabitur.
1058 2079 1164 2127 Quid
1190 2082 1277 2133 jam
1308 2081 1409 2122 certi
1440 2081 1490 2121 de
1509 2080 1618 2122 Solis
1650 2084 1763 2120 motu
1791 2078 1869 2119 ha-

71 2137 275 2186 bebimus,
305 2138 422 2178 si-de
444 2146 639 2178 ‘mensura
670 2138 749 2178 diei
780 2139 879 2179 certi
911 2151 988 2178 non
1020 2153 1168 2189 sumus,
1201 2145 1274 2180 aut
1303 2153 1382 2192 qna
1411 2153 1598 2180 mensura
1629 2144 1804 2184 utemur,
1834 2137 1871 2177 si

75 2196 164 2236 dies
193 2195 310 2236 nobis
333 2196 534 2235 metienda
564 2197 653 2236 est?
713 2197 969 2248 Respondeo,
1001 2199 1147 2238 nullius
1178 2212 1241 2239 me
1261 2199 1387 2251 pudet
1410 2199 1616 2248 audaciae,
1647 2210 1722 2250 per
1751 2209 1870 2249 quam

72 2266 236 2306 sperare
267 2266 456 2305 possum,
494 2267 556 2293 me
582 2259 734 2294 certum
765 2256 816 2294 ab
848 2256 1067 2296 artificibus
1097 2269 1330 2308 responsum
1362 2257 1507 2298 elicere
1537 2269 1672 2310 posse.
1735 2254 1870 2301 Quare

74 2313 131 2355 ite
165 2312 365 2361 artifices,
410 2312 529 2352 facite
566 2313 784 2364 periculum
827 2313 906 2361 rei,
958 2315 1166 2365 explorate
1197 2315 1491 2356 certitudinem
1531 2320 1666 2356 motus
1709 2325 1869 2353 arenae.

75 2371 268 2423 Magnum
297 2371 470 2423 aliquem
502 2372 698 2411 cumulum
730 2384 877 2412 arenae
907 2384 979 2423 per
1010 2373 1186 2412 foramen
1219 2373 1321 2413 satis
1341 2374 1515 2425 amplum
1546 2373 1762 2419 demittite,
1794 2372 1872 2411 ad-

74 2436 160 2471 este
191 2429 268 2482 ipsi
298 2429 472 2481 negotio,
506 2442 668 2481 operam
699 2430 793 2469 date
824 2443 874 2469 ne
905 2430 1018 2469 initio
1050 2432 1224 2471 maximo
1243 2433 1419 2484 pondere
1450 2436 1657 2483 prematur
1676 2432 1868 2478 foramen,

74 2488 151 2529 line
180 2500 273 2528 vero
304 2488 403 2528 nihil
432 2493 590 2539 urgeat.
651 2488 814 2527 Modica
844 2501 1002 2539 semper
1032 2489 1093 2529 vis
1126 2502 1244 2529 manu
1270 2490 1503 2530 sufficiatur.
1565 2489 1767 2529 Metimini
1796 2488 1871 2528 hoc

73 2551 195 2598 pactu
230 2547 335 2587 diem
373 2547 595 2595 hibernum,
643 2547 748 2586 diem
778 2546 875 2586 item
907 2548 1123 2596 aestivum,
1169 2548 1203 2588 si
1236 2548 1500 2588 differentiam
1537 2547 1725 2588 invenitis
1756 2547 1872 2586 unius

33 2622 35 2626 ·
77 2610 150 2648 ant
182 2605 349 2646 duarum
378 2605 580 2653 horarum,
627 2605 884 2657 gratulamini
913 2606 1043 2645 vobis.
1103 2606 1244 2658 Neque
1277 2606 1364 2646 Soli
1400 2608 1580 2648 metuite.
1640 2606 1747 2647 Nam
1779 2605 1873 2658 quid
1932 2654 1935 2655 ⁷

41 2698 45 2699 γ
74 2662 252 2703 efficiunt
282 2662 323 2704 5¹
356 2664 507 2710 (motus
538 2662 566 2704 2
596 2664 817 2710 horarum)
835 2663 873 2702 in
905 2663 1191 2713 declinatione,
1224 2678 1344 2716 qnam
1377 2666 1507 2706 solam
1534 2665 1651 2705 vobis
1681 2664 1780 2704 licet
1806 2664 1871 2704 in-

70 2722 309 2774 sta—:mentis
339 2723 511 2774 capere?
572 2721 655 2762 Sed
687 2734 795 2761 eram
827 2721 977 2762 oblitus
1007 2735 1129 2774 supra
1160 2724 1329 2763 alteram
1360 2737 1527 2764 causam
1557 2725 1608 2764 de
1626 2723 1744 2763 Luna
1775 2723 1872 2770 (non

40 2787 42 2793 '
77 2778 263 2828 deSole)
294 2780 522 2832 suspicandi
553 2781 782 2832 adjungere.
842 2779 1003 2820 Etenim
1033 2781 1069 2819 si
1090 2780 1200 2822 Solis
1231 2783 1491 2834 aequationes
1521 2783 1559 2822 in
1581 2794 1707 2822 causa
1737 2786 1875 2821 essent

50 2866 55 2869 -
79 2839 224 2880 erroris
253 2839 364 2880 circa
392 2838 583 2891 eclipses,
617 2839 756 2879 Lunae
788 2837 911 2890 igitur
940 2843 1072 2878 motus
1105 2845 1242 2880 essent
1272 2841 1393 2886 certi,
1432 2846 1474 2880 et
1510 2840 1678 2881 inveniri
1708 2839 1876 2879 deberet

30 2898 46 2932 J
64 2895 195 2939 ,Ιωι
223 2910 271 2937 eo
302 2898 404 2947 loco,
435 2898 475 2938 in
507 2910 622 2949 quem
654 2911 680 2936 a
710 2897 865 2937 calculo
889 2897 1106 2948 reponitur.
1167 2898 1228 2938 At
1259 2898 1323 2938 die
1355 2900 1577 2950 paschati&
1610 2898 1668 2938 nti
1698 2910 1762 2938 me
1786 2897 1873 2949 pri-

0 2967 2 2971 *
82 2953 176 2996 den
200 2955 412 3006 scripsisse
442 2956 671 2995 meminisse
702 2960 831 3006 potes,
864 2954 981 2995 Luna
1011 2961 1126 2995 tanto
1159 2957 1241 2996 fere
1273 2957 1400 2997 serius
1432 2958 1485 2998 ad
1516 2958 1645 2998 locum
1676 2970 1702 2997 a
1718 2956 1885 3001 calculo⁷

2 3024 7 3028 ·
81 3011 323 3058 destinatum
354 3015 548 3064 pervenit,
581 3019 730 3064 quanto
763 3013 891 3052 serius
922 3014 1083 3065 eclipsis
1114 3015 1223 3065 prior
1254 3021 1507 3067 apparuerat.
1569 3015 1679 3067 Ergo
1698 3014 1872 3067 suspicio

0 3073 7 3076 ”
82 3076 160 3119 est,
190 3072 328 3111 Lunae
361 3078 509 3112 motum
542 3072 675 3124 potius
708 3085 826 3124 quam
858 3070 966 3111 Solis
996 3073 1036 3112 in
1068 3085 1191 3114 causa
1221 3087 1325 3114 esse.
