1982 3268
787 86 999 130 eme-nim.
1400 46 1403 49 K
1721 83 1772 126 15

91 193 209 236 (lunc.
249 193 442 227 Clarissimo
465 193 550 236 vim,
584 191 628 224 D.
652 191 700 224 M.
724 190 880 224 nich-eli
902 190 1091 227 unanimo,
1112 189 1367 224 Mathematicus
1390 191 1425 223 in
1449 189 1630 224 academ
1652 189 1772 222 'rubin-

0 242 93 287 [um
114 235 290 275 hancei
314 240 532 277 celeberrimo,
554 238 759 286 Ptaeeeptori
784 244 818 271 et
841 238 1012 280 promoton'
1035 247 1093 269 suo
1115 240 1275 279 perpetua
1290 237 1497 275 observantia
1511 236 1656 270 colendo.
1705 237 1772 270 'ru-

89 286 152 368 ng
173 326 309 377 Kopion
330 335 432 367 litoris
456 332 588 366 additae
611 333 742 365 suerum
762 337 935 374 sequentes
958 332 1117 375 paginae.
1148 340 1230 373 quas
1252 332 1366 373 paucis
1390 332 1470 364 dicit
1493 327 1592 373 supra
1613 339 1690 375 pag.
1718 331 1773 369 ss.

0 391 157 418 -nn
178 383 355 416 niuem·
378 382 478 415 totins
500 381 624 423 operia,
657 379 772 412 iisdem
796 389 836 412 ex
858 383 952 421 parte
973 379 1089 416 verbis.
1114 387 1199 421 quae
1222 379 1256 410 in
1278 379 1348 420 ipso
1372 378 1524 421 leguntur
1546 388 1654 420 opere.
1701 379 1768 412 Ad·

0 431 132 471 lecimus
155 439 305 463 numeros
329 430 490 472 capitam.
512 429 548 460 in
570 427 684 471 quibus
709 426 847 460 eandem
872 430 995 459 metat
1018 429 1132 458 metor
1154 427 1337 459 materiam.

112 523 327 575 Habemus,
357 522 493 576 inquit,
525 521 769 575 quantitates
800 520 949 560 orbium
980 520 1254 573 inscriptorum
1285 532 1432 569 omneS,
1468 526 1512 560 ut
1541 521 1574 560 si
1605 521 1773 561 circum-

0 583 170 636 scriptus
198 582 321 623 habet
350 582 477 622 sinum
505 585 633 622 totum
663 593 719 620 sc.
756 577 982 620 10000000
1659 577 1662 579 ’

412 640 627 693 inscriptus
658 639 756 679 cubo
789 639 865 679 erit
937 669 946 678 .
1008 668 1017 678 .
1081 668 1090 677 .
1153 634 1354 678 5773503

413 699 608 753 pyramidi
642 726 1090 739 .......
1152 693 1354 737 3333333

413 758 660 799 ᾱοᾶεοιιὲᾱῐο
719 785 1091 797 ......
1154 752 1355 796 7889445

412 817 618 857 icosaedro
644 844 1091 857 .......
1153 810 1353 855 7946545

413 876 591 916 octaedri
621 875 812 927 quadrato
862 905 871 913 .
935 907 942 914 .
1008 904 1017 913 .
1081 905 1090 914 .
1153 869 1355 914 7071066

413 935 599 975 oetaedto
630 934 706 986 ipsi
790 964 1091 973 .....
1154 929 1369 973 5773503.

112 992 227 1040 Quod
244 994 279 1035 si
310 1006 396 1035 cum
429 994 489 1034 his
520 992 876 1045 comparaverimus
906 991 1170 1032 dimensiones
1201 989 1473 1043 ἀποςηματων,
1503 995 1547 1030 ut
1569 1003 1594 1030 a
1618 989 1773 1044 Coper-

0 1052 84 1093 nico
111 1051 293 1106 proditae
322 1058 427 1102 sunt,
459 1053 640 1105 exiguam
671 1051 909 1104 reperiemus
940 1050 1212 1091 differentiam.
1234 1047 1235 1050 ’

304 1121 497 1163 Saturnus
782 1118 1012 1163 8⁰39¹23‘¹
1097 1120 1244 1160 habeat
1318 1119 1487 1172 ‘Jupiter
1528 1151 1537 1160 .
1571 1116 1771 1161 6189712

13 1209 118 1251 Nm
146 1210 183 1250 si
212 1211 253 1251 in
302 1180 459 1235 Jupiter
764 1125 810 1267 §4
841 1179 897 1222 58
927 1178 983 1221 49
1013 1130 1031 1272 Ι
1067 1176 1312 1269 10000000.
1330 1178 1442 1219 Mars
1483 1211 1492 1219 .
1527 1209 1538 1218 .
1570 1175 1774 1280 33331333

0 1268 271 1369 ᾚᾚίὧζ
303 1241 438 1348 *gli-sa,
459 1305 612 1340 remota
710 1281 734 1308 ⁰
765 1240 804 1437 ‘¹
841 1237 897 1280 22
928 1235 984 1280 26
1014 1244 1139 1442 §213³
1154 1237 1494 1336 ιὲοέἓ-’ξίἵέεἶ
1571 1236 1772 1338 3342029

13 1403 25 1414 „
456 1357 568 1398 Luna
782 1355 810 1397 0
841 1355 895 1398 57
929 1355 984 1398 30
1033 1356 1210 1396 tricitate
1235 1303 1550 1444 ha-‘Mercurius
1572 1354 1774 1397 7278770

302 1416 439 1457 Venus
782 1414 810 1456 0
839 1413 896 1456 40
927 1414 984 1457 40
1115 1415 1225 1455 bebit
1331 1427 1369 1454 1n
1390 1414 1523 1455 med1a
1570 1412 1770 1456 5831967

110 1485 175 1529 Ex
205 1498 282 1538 quo
311 1486 444 1539 aliqua
474 1486 587 1527 nobis
617 1486 904 1526 consideranda
937 1486 1110 1526 veniunt.
1158 1485 1331 1526 Primum
1362 1485 1465 1526 sicut
1496 1486 1675 1538 superius
1706 1499 1774 1526 ra-

0 1543 168 1598 sonibus
196 1544 406 1598 probatum
435 1552 510 1593 est,
542 1545 816 1586 dodecaedrou
845 1545 1141 1597 proponendum
1172 1544 1389 1589 icosaedro,
1423 1551 1465 1584 et
1492 1545 1626 1597 potius
1657 1557 1773 1598 quani

0 1602 71 1651 hoc
98 1604 203 1644 inter
230 1604 402 1645 Martem
433 1608 476 1644 et
504 1605 667 1645 Terram
697 1604 970 1646 collocandum
1000 1617 1111 1644 esse:
1143 1604 1203 1643 ita
1232 1603 1296 1644 hic
1325 1603 1469 1656 probat
1491 1604 1680 1653 calculus,
1713 1604 1774 1644 in—

0 1663 188 1716 scriptum
219 1663 543 1704 dodecaedricum
571 1663 731 1716 propius
762 1663 907 1703 Terrae
938 1663 1188 1715 respondere,
1220 1662 1505 1703 icosaedricum
1538 1663 1699 1704 Veneri.

0 1754 3 1770 ÷
110 1721 263 1762 Deinde
293 1722 398 1763 sicut
427 1722 598 1762 artifices
629 1723 669 1762 111
700 1727 808 1762 motu
841 1727 959 1774 atque
991 1721 1287 1762 eccentricitate
1319 1722 1506 1762 Mercurii
1534 1722 1773 1774 peculiarem

0 1780 170 1833 {liquam
196 1793 293 1833 prae
317 1781 460 1822 ceteris
491 1781 726 1834 varietatem
757 1781 1120 1832 deprehenderunt,
1161 1780 1221 1820 ita
1251 1781 1370 1821 etiam
1401 1781 1617 1822 octaedron
1647 1781 1774 1822 solum

0 1838 39 1883 bl
66 1835 200 1888 hibet,
233 1852 309 1892 quo
340 1840 387 1880 de
418 1839 543 1880 thesis
578 1839 657 1880 117
690 1839 798 1892 agit,
831 1853 879 1879 ex
911 1852 986 1891 quo
1017 1840 1078 1888 fit,
1111 1846 1155 1879 ut
1184 1839 1352 1893 circulus
1383 1840 1575 1881 maximus
1607 1846 1774 1893 quatuor

0 1896 126 1945 intera
154 1903 323 1951 tangens
353 1899 468 1951 longe
499 1899 625 1951 major
656 1898 710 1938 sit
738 1911 851 1951 quam
883 1898 989 1939 orbis
1020 1898 1232 1950 inscriptus
1263 1898 1467 1940 maximus.
1530 1898 1648 1946 Quod
1659 1900 1772 1940 111111-

0 1959 81 2001 tum
110 1956 211 1998 facit
237 1957 290 1997 ad
317 1957 375 1998 rei
404 1957 736 2010 probabilitatem.

7 2053 15 2066 -,
110 2015 216 2056 Nam
245 2016 281 2056 si
311 2017 627 2057 eccentricitates
670 2029 759 2057 cum
801 2016 1003 2056 distantiis
1041 2020 1182 2055 'essent
1224 2016 1539 2069 proportionales
1584 2016 1653 2065 (de
1695 2029 1771 2070 quo

0 2072 147 2124 dubito,
178 2087 267 2115 cum
295 2087 372 2115 non
403 2075 484 2116 sint
513 2076 667 2121 omnino
698 2076 871 2127 perfecte
903 2075 1106 2127 cognitae)
1138 2075 1347 2116 deberetur
1365 2076 1562 2117 Mercurio
1591 2088 1662 2127 pro
1682 2089 1771 2116 ma·-

0 2132 105 2173 xima
133 2133 326 2173 distantia
354 2135 472 2186 paulo
495 2134 584 2186 plus
614 2135 765 2174 media:
799 2147 855 2175 sc.
889 2134 989 2174 forte
1021 2130 1234 2175 5900000.

0 2193 2 2200 ’
109 2191 217 2231 Nam
241 2197 284 2232 et
293 2192 431 2232 Venus
460 2205 598 2245 parum
627 2194 835 2233 admodum
866 2193 1010 2233 sortita
1038 2198 1114 2240 est,
1147 2197 1189 2232 et
1217 2193 1412 2233 Mercurio
1443 2194 1571 2234 minus
1602 2194 1770 2234 debere-

64 2279 75 2289 .
134 2250 268 2302 Atque
310 2251 363 2290 ad
390 2251 492 2292 hanc
522 2265 762 2292 communem
791 2253 985 2293 rationem
1015 2251 1207 2291 maximae
1238 2251 1453 2292 distantiae
1484 2266 1510 2292 a
1539 2252 1634 2293 Sole
1666 2253 1770 2306 digi-

8 2326 30 2336 -=
52 2326 70 2343 u
104 2307 275 2348 intendit
293 2310 508 2350 communis
533 2311 643 2359 ratio,
678 2323 777 2363 quae
796 2311 911 2363 jubet.
936 2310 1184 2350 considerare
1205 2311 1339 2350 orbem
1358 2311 1511 2364 corpori
1527 2312 1770 2365 inscriptum,

84 2373 150 2407 est
179 2365 391 2408 5773503.

10 2427 42 2482 ,fg
112 2425 194 2467 Sed
225 2426 317 2478 quia
346 2426 454 2466 solus
484 2427 701 2467 Mercurius
737 2440 807 2468 suo
838 2427 1008 2466 maximo
1038 2426 1255 2476 ἀποςηματι
1284 2428 1444 2468 nimium
1474 2435 1637 2482 superat
1673 2439 1770 2469 con·-

23 2481 28 2489 '
55 2515 57 2517 .
93 2502 138 2520 »n
177 2484 218 2524 111
246 2486 391 2525 ceteris
422 2497 629 2525 numerum
648 2485 826 2537 inscripti
857 2485 962 2526 orbis
994 2487 1105 2531 (nam
1135 2486 1383 2527 intolerabile
1415 2493 1478 2527 est
1511 2489 1550 2528 in
1578 2489 1651 2528 hoc
1679 2489 1771 2540 pla-

119 2556 192 2596 pro
222 2542 278 2584 72
308 2557 461 2584 sumere
493 2543 567 2590 57)
598 2544 686 2583 ideo
718 2545 844 2584 solum
875 2544 995 2584 etiam
1024 2544 1240 2584 octaedron
1272 2545 1344 2585 hoc
1375 2546 1507 2596 habet,
1540 2554 1583 2587 ut
1614 2547 1770 2599 aequali
1813 2563 1817 2566 ·

10 2587 53 2660 {J
68 2601 222 2643 directa
249 2599 279 2642 4
308 2603 475 2643 laterum
507 2602 751 2655 ἀποχωρησει
780 2604 908 2642 locum
939 2603 1008 2642 det
1038 2603 1177 2654 majori
1209 2603 1325 2644 alicui
1355 2605 1517 2652 circulo,
1559 2606 1670 2657 cujus
1702 2619 1769 2645 ra-

113 2663 178 2700 est
206 2658 419 2708 7071066,
450 2674 600 2702 rursum
630 2662 748 2713 paulo
780 2661 904 2701 minor
932 2662 1104 2701 maxima
1134 2662 1217 2714 ejus
1237 2663 1444 2703 altitudine
1466 2662 1533 2711 72,
1567 2665 1672 2704 sicut
1696 2677 1769 2704 an-

24 2719 58 2722 ’
94 2717 149 2760 57
180 2719 298 2772 paulo
327 2721 454 2760 minus
484 2727 573 2761 erat
602 2718 669 2768 59,
702 2720 852 2760 usitata
881 2719 1102 2760 altitudine.

111 2777 263 2819 Verum
291 2785 479 2831 quantum
509 2779 727 2832 prospicio,
765 2778 828 2818 hic
858 2784 974 2819 erunt
1003 2779 1098 2818 mihi
1126 2785 1293 2831 paratae
1326 2779 1416 2819 lites
1447 2786 1567 2833 atque
1598 2780 1769 2821 subsan-

30 2834 192 2890 j-'onem
250 2837 356 2878 Nam
385 2839 477 2891 quia
505 2851 582 2878 non
613 2838 675 2878 ad'
694 2849 864 2889 unguem
893 2838 1092 2877 consentit
1122 2838 1295 2877 calculus
1327 2850 1532 2890 corporum
1561 2852 1647 2880 cum
1676 2840 1768 2893 pla-

118 2893 324 2947 Copernici
354 2910 515 2950 cumque
547 2897 632 2949 ejus
662 2896 858 2937 numeris:
891 2896 1173 2936 existimabunt
1190 2896 1451 2948 imperitiores
1479 2911 1608 2940 rerum
1633 2907 1767 2940 astro-

18 3002 20 3007 !
57 2953 251 3002 'carum‚
282 2967 434 2996 omnem
464 2969 623 3008 operam
652 2969 677 2995 a
706 2969 766 2996 me
798 2956 925 2994 lusam
956 2967 1058 2994 esse.
1757 3008 1761 3010 γ
1812 2996 1815 2997 ⁷

111 3012 177 3052 Illi
206 3012 325 3064 igitur
355 3015 505 3055 duabus
535 3015 584 3055 de
614 3014 729 3056 rebus
760 3014 825 3053 hic
855 3012 949 3053 mihi
979 3012 1162 3053 monendi
1190 3019 1295 3054 sunt.
1355 3015 1529 3056 Primum
1547 3017 1623 3057 etsi
1641 3016 1769 3057 ultimi

99 3071 147 3111 ·ri
176 3072 326 3112 sinuum
359 3073 583 3126 discrepent
612 3073 762 3126 aliquot
792 3072 1031 3126 myriadibus
1063 3072 1267 3121 unitatum,
1301 3074 1335 3113 si
1364 3079 1496 3115 tamen
1527 3076 1663 3128 capita
1691 3088 1766 3116 nu-
