2028 3242
714 78 755 110 ‹10
778 77 875 110 rebus
900 78 1115 122 astrologicis.
1738 75 1824 120 355

29 178 282 234 mommo
295 179 359 222 ‘ex
377 183 490 223 coelo
508 183 741 237 praedicere
759 190 915 234 ventos,
948 184 1027 224 nisi
1050 196 1215 234 annuos,
1248 196 1325 224 nou
1357 184 1467 236 prius
1486 183 1648 236 cognita
1669 183 1828 224 interna

28 237 233 293 qufflbte
265 242 529 293 quarumlibet
572 248 787 292 terrarum,
829 248 874 283 ut
905 243 1099 292 sciamus,
1144 255 1220 296 quo
1257 249 1437 296 tempore
1469 241 1636 295 quilibet
1671 247 1828 283 tractus

34 296 213 356 &undet
239 298 418 340 humore.
481 301 540 340 Tu
570 313 666 341 vero
698 301 856 354 quaeris
887 302 1104 342 etiamnum
1135 314 1223 342 cum
1250 301 1483 354 vulgaribus
1514 301 1742 354 astrologis,
1774 314 1827 341 an

31 354 132 398 certi
161 356 351 410 planetae
381 364 579 401 certorum
617 360 698 400 sint
728 365 935 401 ventorum
976 364 1171 409 motores‚
1211 359 1326 412 quasi
1366 360 1537 400 influxus
1574 361 1829 412 planetarum

30 420 118 456 tan
131 415 216 456 sint
232 417 499 469 particulares
531 424 574 459 et
597 430 734 460 curam
753 424 879 471 agant
904 419 1184 459 distinctarum
1211 419 1361 459 Terrae
1380 418 1571 472 partium.
1633 418 1830 471 Equidem

33 479 118 514 tam
156 480 221 515 est
254 486 383 528 parva
412 476 571 526 Tellus,
613 482 700 517 tam
735 482 893 518 remota
920 477 1022 518 haec
1053 483 1212 527 nostra,
1245 489 1346 530 quae
1377 477 1488 525 fiunt,
1522 490 1549 516 a
1577 477 1830 529 planetarum

33 533 238 583 sensibus,
281 533 317 575 si
349 532 447 588 quos
478 532 536 575 illi
567 535 737 583 habent,
779 540 827 576 ut
857 536 1014 576 omnino
1044 535 1155 576 Deos
1185 548 1276 576 esse
1308 548 1476 576 necesse
1508 535 1582 585 sit,
1625 535 1660 576 si
1690 535 1831 576 harum

34 599 167 632 rerum
205 592 358 633 habent
392 593 592 634 notitiam.
654 594 760 634 Nam
798 594 884 635 sine
921 595 1068 636 notitia
1099 595 1378 636 administrare
1418 594 1499 634 ista
1536 606 1615 634 non
1645 599 1829 646 possunt.

34 649 173 701 Dices,
199 660 280 704 'per
307 652 605 706 sympathiam?
665 653 766 694 Dico
798 666 894 706 ego,
928 655 1077 694 nuliam
1110 667 1199 694 esse
1232 653 1515 708 sympathiam,
1550 665 1652 705 quae
1683 665 1761 693 non
1792 652 1831 692 in

33 709 138 749 haee
164 707 244 750 duo
274 720 426 761 genera
456 712 595 760 cadat,
636 725 843 766 corporum
882 718 925 753 et
956 714 1187 753 animorum.
1250 712 1492 766 Sympathia
1529 712 1635 753 inter
1664 723 1833 765 corpora

36 772 102 807 est
130 769 377 821 magnetica,
422 775 468 810 ut
507 783 630 811 causa
668 772 744 812 loci
775 777 817 811 et
846 772 1037 825 temporis
1075 771 1182 812 idem
1219 772 1290 812 fiat
1321 772 1377 811 ‘de
1420 782 1519 819 uno,
1560 770 1664 823 quod
1701 770 1747 811 fit
1783 770 1833 810 de

36 825 188 874 altero,
225 831 272 868 ut
306 840 499 869 converso
541 836 729 882 magnete
770 831 915 872 serrum
948 843 1101 885 quoque
1138 833 1407 871 convertatur.
1469 830 1530 870 At
1560 828 1690 882 qualis
1721 841 1832 882 sym-

37 884 192 942 pathia,
224 891 403 934 ut,‘cum
435 887 600 939 planeta
631 889 829 941 quispiam
849 895 1040 942 perpetuo
1061 895 1280 938 moveatur,
1314 894 1458 928 ventus
1488 888 1613 941 ipsius
1637 887 1836 928 interdum

41 944 191 984 saltem
216 945 471 998 consurgat?
532 945 577 987 Si
597 948 727 999 quoad
747 948 889 989 directi
919 949 983 989 vel
1004 948 1230 1000 retrogradi
1261 953 1356 988 sunt
1385 947 1593 999 planetae,
1628 952 1838 986 ventorum

37 1001 286 1055 propriorum
306 1004 428 1044 flatus
449 1005 640 1046 durarent
659 1006 792 1055 iidem,
823 1012 918 1047 tunc
950 1007 1049 1047 haec
1069 1013 1179 1047 esset
1210 1005 1453 1060 sympathia.
1515 1005 1662 1046 Altera
1681 1005 1838 1045 animo-

46 1072 134 1102 rum
164 1062 394 1116 sympathia
424 1068 523 1120 tunq
549 1064 588 1104 in
619 1065 752 1105 ventis
781 1066 911 1106 locum
943 1065 1083 1112 habet,
1121 1078 1207 1106 cum
1240 1073 1310 1106 aut
1339 1063 1513 1118 planetis
1544 1063 1733 1117 relinquis
1764 1075 1840 1104 no-

37 1118 172 1160 titiam
199 1125 421 1171 ventorum,
454 1128 527 1162 aut
559 1123 710 1164 Terrae
740 1124 927 1165 notitiam
958 1131 1207 1177 aspectuum.
1268 1123 1386 1176 Elige
1419 1128 1549 1163 utrum
1573 1122 1689 1164 velis.
1750 1122 1840 1175 Ego

39 1177 79 1218 in
110 1179 315 1220 sententia
344 1191 507 1229 maneo,
540 1181 580 1221 in
612 1182 771 1224 Tellure
803 1197 892 1224 esse
926 1185 1163 1224 facultatem
1194 1189 1429 1236 aspectuum
1457 1181 1765 1234 perceptricem,
1798 1186 1841 1220 et

41 1236 201 1291 quoties
232 1237 412 1279 incidunt
443 1245 645 1292 aspectus,
676 1242 916 1282 naturaliter
945 1242 1135 1295 instigari
1164 1242 1267 1282 hauc
1293 1241 1345 1282 ad
1366 1240 1640 1281 exsudandum
1663 1240 1705 1280 id
1735 1238 1841 1294 quod

41 1295 180 1343 hahet,
207 1308 292 1349 qua
319 1302 439 1350 parte
468 1298 604 1339 habet.
667 1299 863 1341 Sudorem
891 1301 1028 1353 pluvia
1058 1301 1147 1353 ejus
1178 1301 1277 1350 loci,
1321 1299 1497 1353 pluviam
1526 1299 1636 1339 venti
1667 1298 1840 1339 circum-

44 1353 152 1410 circa
192 1361 432 1409 sequuntur,
476 1363 620 1398 ventos
663 1359 1028 1412 circumjacentium
1066 1359 1272 1412 regionum
1310 1363 1546 1411 tempestas.
1607 1356 1666 1398 Ut
1707 1362 1842 1397 autem

43 1412 174 1454 Terra
193 1413 303 1454 intus
326 1415 415 1467 jam
436 1414 611 1463 hument,
638 1418 725 1470 jam
758 1424 885 1467 areat,
917 1431 995 1458 non
1026 1418 1155 1470 magis
1186 1431 1236 1458 ex
1256 1418 1368 1458 coelo
1400 1422 1478 1465 est,
1510 1428 1629 1469 quam
1648 1421 1695 1456 ut
1723 1416 1840 1456 homo

0 1518 1 1528 ἶ
45 1471 132 1524 jam
162 1472 298 1523 sitiat,
338 1474 425 1526 jam
456 1474 587 1524 bibat,
625 1477 708 1529 jam
741 1477 935 1529 quiescat.
994 1477 1203 1529 Perpende
1242 1482 1376 1517 tamen
1407 1475 1502 1516 hoc:
1545 1474 1659 1515 venti
1689 1474 1843 1515 eminus

0 1538 1 1542 ’
48 1530 313 1577 advenientes
342 1545 529 1574 serenare
559 1534 766 1576 videntur:
805 1536 871 1589 qui
900 1548 995 1576 vero
1026 1535 1185 1587 pluvias
1216 1536 1398 1583 afferunt,
1432 1546 1454 1574 e
1482 1533 1704 1586 propinquo
1735 1533 1841 1574 orili.

48 1588 155 1629 Hinc
179 1590 408 1632 orientales
439 1593 589 1642 sereni,
635 1594 727 1646 quia
758 1591 923 1634 eminus.
985 1593 1169 1643 Eminns,
1213 1593 1305 1647 q'uia
1342 1607 1367 1633 a
1403 1592 1503 1634 locis
1541 1591 1754 1632 humilibus
1791 1591 1845 1632 ad

49 1649 223 1698 altiora,
269 1649 308 1689 in
350 1655 439 1690 tota
470 1652 629 1703 quidem
670 1665 771 1704 pene
802 1653 982 1705 Europa,
1025 1653 1222 1706 etiamque
1254 1653 1292 1693 in
1323 1652 1526 1693 America.
1590 1649 1845 1691 Contrarium

49 1708 90 1749 iu
122 1706 348 1757 Lusitania,
381 1708 437 1749 ibi
468 1710 570 1750 enim
602 1712 871 1752 occidentales
903 1725 1089 1752 serenare
1122 1724 1287 1752 necesse
1319 1716 1440 1759 esset,
1475 1722 1563 1750 cum
1581 1708 1844 1762 ma‘gnifluvii

49 1767 100 1809 in‘
117 1766 373 1807 ‘occidentem
406 1769 605 1816 ferantur,
637 1776 678 1809 et
709 1770 767 1810 sic
799 1770 986 1810 occiduae
1015 1776 1154 1824 partes
1185 1777 1279 1811 sunt
1310 1770 1459 1811 ordinis
1490 1768 1723 1808 humilioris.
1785 1769 1846 1808 At

49 1821 92 1867 in
121 1824 212 1866 tota
229 1825 386 1879 reliqua
401 1827 564 1880 Europa
596 1828 867 1869 occidentales
892 1835 986 1869 sunt
1015 1829 1160 1881 pluvii:
1198 1829 1292 1882 quia
1320 1827 1546 1881 ponderosi,
1580 1839 1669 1867 cum
1700 1827 1842 1867 devol-

51 1888 202 1926 vantur
228 1896 303 1937 per
331 1885 519 1934 declivia,
554 1887 771 1928 orientales
802 1888 934 1936 leves,
967 1888 1032 1941 qui
1064 1888 1352 1940 quodammodo
1385 1886 1619 1927 ascendunt.
1681 1886 1843 1926 Ponde-

49 1955 147 1984 rosa
181 1947 316 1984 antem
358 1949 400 1984 et
430 1945 620 1986 devoluta
662 1959 684 1986 e
723 1947 942 2000 propinquo
986 1947 1120 1986 venire
1157 1959 1323 1987 necesse
1364 1950 1441 1986 est.
1501 1945 1647 1985 Adhuc
1685 1944 1844 1997 quidem

45 2000 231 2051 ‘solimim
271 2003 424 2056 poterit
467 2004 541 2044 hoc
579 2005 707 2045 excoli
747 2006 827 2046 alio
866 2012 1058 2058 tempore.
1119 2005 1239 2046 Adde
1283 2011 1417 2046 tamen
1449 2009 1492 2044 et
1520 2003 1617 2052 hoc,
1660 2003 1844 2043 boreales

51 2072 258 2109 serenare,
299 2061 366 2114 qui
408 2062 460 2102 ad
496 2062 598 2103 baec
634 2064 927 2104 mediterranea
966 2065 1087 2104 etiam
1119 2062 1406 2116 quodammodo
1445 2062 1679 2103 ascendunt.
1741 2063 1846 2103 Item

50 2119 140 2168 hoc,
164 2132 199 2158 a
227 2116 378 2160 nivosis
408 2121 636 2173 regionibus
668 2123 778 2162 venti
808 2123 1023 2175 longinqui,
1056 2129 1101 2162 ut
1131 2123 1182 2163 ab
1209 2123 1422 2163 Americae
1453 2121 1668 2170 montibus,
1701 2134 1727 2160 a
1757 2121 1844 2161 Lu-

50 2190 128 2218 nae
158 2175 360 2231 montibus
390 2178 432 2218 in
462 2179 616 2228 Africa,
651 2195 676 2220 a
705 2181 900 2233 Rhodope
927 2181 1123 2221 Thraciae
1167 2182 1320 2221 etesiae
1347 2180 1605 2228 Graecorum,
1638 2192 1673 2226 a,
1693 2179 1846 2220 nivosis

52 2233 213 2290 Styx-iae
253 2236 454 2276 montibus
492 2238 602 2277 venti
644 2238 684 2278 in
715 2239 959 2290 planitiebus
991 2239 1213 2291 Ungariae,
1259 2240 1310 2279 ab
1341 2238 1555 2291 Apennino
1599 2243 1643 2277 et
1670 2238 1845 2290 Alpibus

52 2294 204 2334 nivosis
236 2294 359 2346 gelidi
388 2295 447 2335 illi
471 2296 596 2344 venti,
630 2302 789 2337 aestate
821 2297 914 2336 anni
942 2295 1065 2348 ¹603,
1099 2302 1145 2337 ut
1175 2303 1239 2337 est
1270 2298 1311 2337 in
1342 2310 1432 2337 mea
1461 2295 1727 2348 praefatione.

51 2344 60 2359 ¹
172 2351 261 2401 (Ad
291 2351 357 2400 5.)
418 2352 593 2393 Causam
637 2354 864 2395 lenissimae
901 2356 1043 2396 hiemis
1082 2369 1160 2395 non
1191 2355 1328 2403 miror,
1374 2355 1495 2395 miror
1533 2354 1669 2407 potius
1706 2354 1848 2394 eodem

51 2415 230 2465 tempore
260 2411 547 2464 rigidissimam
590 2412 714 2452 fuisse
762 2414 933 2454 hiemem
969 2414 1009 2455 in
1040 2414 1174 2454 Italia.
1237 2412 1343 2459 Quid
1383 2414 1577 2460 dicemus,
1620 2412 1699 2451 nisi
1742 2413 1848 2465 quod

0 2467 5 2474 ’
50 2460 283 2522 Apenninus
315 2475 357 2510 et
387 2470 515 2523 Alpes
547 2471 840 2523 exspiraverint
869 2473 943 2512 hos
974 2478 1135 2522 ventos,
1182 2472 1209 2511 ii
1241 2483 1336 2524 ergo
1376 2471 1489 2510 nobis
1522 2477 1616 2511 sunt
1646 2471 1846 2511 australes

0 2519 8 2573 l
39 2519 220 2583 *ideoque
250 2528 392 2577 calidi,
435 2530 550 2570 Italis
580 2541 676 2570 vero
706 2530 890 2571 boreales
920 2531 1087 2583 ideoque
1121 2529 1268 2582 frigidi,
1301 2529 1336 2570 si
1362 2528 1479 2569 modo
1517 2541 1673 2578 verum,
1706 2541 1844 2569 omnes

42 2574 250 2628 &reales
265 2587 445 2639 frigidos,
479 2589 679 2628 australes
710 2589 875 2629 calidos.
938 2588 1115 2629 Causam
1145 2601 1292 2641 quaero
1326 2587 1512 2628 similiter
1554 2587 1595 2627 111
1626 2587 1846 2627 visceribus

6 2688 10 2690 ,
50 2643 213 2697 Terrae.
273 2645 365 2686 Nisi
397 2647 500 2686 enim
531 2647 657 2687 Terra
687 2653 770 2687 tam
809 2647 954 2688 fuisset
983 2648 1144 2687 humida
1175 2652 1261 2687 toto
1295 2651 1482 2686 autumno
1515 2645 1612 2685 anni
1642 2642 1774 2695 1604,
1807 2650 1849 2686 et

48 2701 178 2755 hieme
217 2710 409 2758 sequente
447 2718 524 2745 non
563 2705 707 2746 fuisset
745 2711 828 2745 tam
867 2706 968 2746 lenis
999 2706 1138 2746 hiems.
1202 2705 1335 2757 Tepor
1373 2705 1436 2744 hic
1476 2703 1648 2757 obtinuit
1687 2716 1778 2744 cum
1808 2704 1850 2744 in

39 2759 211 2811 *Euevim
242 2767 327 2803 tum
356 2763 397 2803 in
430 2763 579 2818 Styria,
613 2764 653 2803 in
679 2764 862 2816 Ungaria
892 2776 986 2803 vero
1020 2763 1234 2816 aliquando
1266 2763 1437 2802 immane
1471 2763 1619 2814 frigus,
1661 2767 1708 2802 ut
1735 2763 1850 2803 multi

49 2819 199 2861 ‘milites
236 2821 317 2861 sint
347 2822 497 2863 amissi.
562 2822 714 2863 Contra
750 2823 1024 2862 humidissima
1062 2829 1103 2862 et
1143 2823 1226 2861 fere
1252 2833 1426 2872 ,semper
1463 2819 1599 2872 pluvia
1643 2818 1770 2861 hiems
1809 2821 1850 2863 in

0 2931 1 2934 Ἴ
50 2874 263 2929 Bobenia,
308 2879 531 2921 siccissima
567 2881 606 2921 in
638 2880 796 2933 Styria‚
840 2886 885 2921 ut
915 2881 1137 2922 diutissime
1177 2892 1255 2919 non
1285 2878 1456 2931 pluerit,
1501 2878 1637 2931 pulvis
1668 2880 1849 2922 aestivus

49 2928 184 2982 Mt.
244 2938 361 2978 Adeo
391 2939 550 2979 variant
579 2939 662 2979 ista
689 2951 762 2991 per
791 2940 991 2992 regiones,
1023 2941 1026 2943 ’
1055 2938 1261 2991 Superiori
1279 2938 1466 2990 Augusto
1497 2936 1636 2989 primis
1674 2936 1728 2979 10
1758 2938 1849 2980 die-

47 2983 126 3047 *4⁸¹⁸
155 2995 256 3036 adeo
286 2997 538 3038 valida-fuit
567 2998 798 3043 commotio,
841 2998 939 3038 adeo
983 2997 1222 3050 prodigiosa
1258 2995 1466 3036 inundatio
1499 2995 1671 3036 omnium
1702 2997 1849 3042 fluvio-

46 3050 150 3101 Ἀῶ,
184 3054 249 3106 qui
280 3068 306 3094 a
333 3055 534 3096 montibus
555 3055 752 3108 Styriacis
786 3056 977 3106 oriuntur,
1009 3061 1056 3096 ut
1083 3055 1285 3097 hominum
1312 3054 1543 3096 memoriam
1576 3060 1751 3108 superet.
1804 3057 1851 3097 In

1489 3124 1571 3159 23*
