2028 3242
669 67 680 83 Ι

203 78 287 121 332

762 79 895 111 Literae
922 77 1057 120 Kepleri
1088 78 1288 121 aliorumque
1312 84 1446 112 mutuae

202 186 301 226 lucis
335 185 388 225 sit
421 197 560 237 capax,
595 185 751 225 ruboris
784 197 937 237 quoque
971 183 1117 224 Martis
1151 184 1272 224 fuisse
1307 199 1507 238 capacem,
1543 187 1676 240 itaque
1710 199 1758 226 ex
1790 185 1865 225 hoc
1896 185 2004 224 fonte

203 245 238 284 in
273 244 442 284 hominis
475 257 638 296 corpore
672 244 846 284 existere
879 243 1077 284 terribiles
1111 245 1277 298 affectus
1301 245 1391 294 &c.,
1426 246 1624 298 etiamque
1644 245 1725 286 suis
1757 240 2004 296 temporibus

201 304 251 343 ad
284 304 394 356 leges
428 303 688 344 directionum
714 303 935 344 redundare
958 303 1140 343 humores
1162 308 1203 344 et
1229 304 1408 344 affectus.
1474 303 1579 350 Quid
1605 310 1650 345 tu
1673 304 1763 344 hic?
1826 302 2004 350 Talibus,

202 363 343 414 inquis,
377 363 620 415 argumentis
653 362 842 403 inauditis
876 362 988 401 nobis
1020 363 1138 414 plane
1161 376 1303 402 novam
1325 369 1365 403 et
1398 363 1702 415 imaginativam
1735 368 1776 403 et
1808 375 1857 402 ex
1889 367 2004 414 parte

202 422 484 473 geometricam
530 422 790 474 astrologiam
836 421 1070 462 constitues.
1136 422 1244 462 Tune
1289 435 1364 461 non
1406 423 1513 463 aliud
1551 423 1676 463 habes
1715 426 2003 474 argumentum,

204 481 306 533 quod
340 481 552 533 opponas?
615 482 647 521 F
650 481 839 532 igmenta‚
874 480 947 520 hoc
981 486 1044 520 est
1076 486 1300 521 commenta
1335 482 1432 522 haec
1466 495 1554 522 esse
1587 483 1709 528 falsa,
1756 480 2004 534 probandum

203 540 273 581 tibi
306 545 383 580 est.
448 541 561 580 Vera
595 540 770 580 inaudire
804 552 880 578 non
914 539 1141 579 reformido.
1204 541 1322 580 Nova
1354 555 1403 580 an
1437 542 1620 591 afferam,
1655 553 1731 581 non
1762 540 1881 592 plane
1902 539 2005 586 scio;

202 613 277 639 non
311 599 440 639 evolvi
474 600 645 639 omnium
680 599 816 639 libros.
881 598 1191 649 Imaginativam
1217 601 1412 639 contendo
1435 614 1587 640 omnem
1610 601 1828 640 coelestem
1859 611 2005 651 opera-

202 658 362 708 tionem,
398 664 438 698 et
461 659 615 710 quidem
637 658 963 711 imaginationem
984 657 1024 696 in
1046 658 1192 706 Terris,
1228 659 1300 699 hoc
1322 665 1382 699 est
1409 660 1445 699 in
1474 659 1735 700 facultatibus
1755 657 2006 706 animalibus,

202 718 257 757 rei
279 717 546 770 geometricae
569 716 908 769 imaginabilibus,
930 716 1046 756 simul
1068 723 1107 756 et
1132 718 1240 757 lucis.
1295 718 1406 758 Haec
1439 720 1556 770 plane
1583 724 1676 759 sunt
1693 731 1782 758 mea
1795 718 2007 769 dogmata.

201 778 289 818 Non
335 791 396 816 me
441 782 568 817 terres
607 776 904 829 explosionibus
946 776 1037 815 tuis.
1105 777 1164 815 Tu
1198 790 1293 818 vero
1338 791 1467 817 nonne
1513 779 1561 818 de
1595 778 1707 818 novis
1750 776 1924 817 inventis
1968 774 2006 814 iu

202 836 424 887 astrologia
457 842 497 876 et.
529 836 614 888 ipse
650 836 723 876 toti
764 836 939 875 minatus
974 848 1017 873 es
1054 836 1312 887 antiquitati?
1376 837 1508 888 Atque
1544 838 1644 877 adeo
1681 829 2010 888 perquam'nova

199 896 296 934 haec
319 908 470 934 mecum
500 896 741 935 communia:
777 899 992 934 astra‘non
1017 907 1109 933 esse
1138 908 1283 935 causas
1305 909 1435 936 rerum
1456 896 1736 944 sublunarium,
1772 894 1842 935 sed
1864 906 2003 934 exem-

200 954 279 1005 pla,
313 954 399 993 Deo
433 954 678 994 internuncio
714 960 753 994 et
787 957 1048 1001 exsecutore3
1090 955 1153 993 ubi
1189 967 1262 1006 ego
1298 955 1514 1006 cujuslibet
1545 955 1600 995 rei
1646 955 1883 995 facultatem
1917 952 2006 992 ani-

200 1012 342 1052 malem
381 1019 516 1053 statuo
550 1014 917 1064 exsecutricemque
952 1011 1290 1064 imaginationem.
1356 1013 1443 1054 Tibi
1465 1014 1574 1054 Dens
1603 1014 1640 1054 in
1679 1019 1863 1053 naturam
1883 1010 2008 1059 venit,

201 1071 293 1110 mihi
334 1078 478 1112 natura
518 1073 566 1112 ad
612 1073 863 1112 divinitatem
905 1071 1071 1122 aspirat.
1134 1074 1271 1125 Atque
1311 1074 1380 1112 en!
1431 1073 1486 1113 Et
1523 1072 1874 1125 imaginationibus
1906 1070 2028 1111 meis·

201 1131 435 1172 subscribis,
500 1131 716 1184 Approbas
750 1130 954 1181 exemplag
992 1132 1148 1182 profers
1181 1132 1218 1171 in
1246 1138 1373 1185 peste,
1415 1145 1490 1172 non
1530 1138 1685 1173 terrore
1718 1131 1846 1172 solum
1878 1134 2007 1178 nocet,

202 1190 273 1230 sed
306 1191 542 1230 formatione
574 1192 633 1231 rei
666 1192 807 1232 similis
842 1195 883 1229 et
914 1188 952 1227 in
986 1191 1160 1230 membro
1188 1191 1318 1231 simili.
1385 1190 1537 1231 Contra
1562 1204 1639 1231 nou
1660 1190 1786 1232 omnis
1807 1190 2008 1241 imagina-

203 1249 321 1288 tionis
356 1263 454 1301 opus
487 1250 634 1290 malum
666 1257 749 1299 est;
790 1250 879 1289 huic
911 1248 1163 1299 pulcherrimi
1205 1258 1245 1290 et
1278 1255 1487 1302 parentum
1520 1250 1670 1296 similes
1714 1250 1913 1302 prodeunt
1943 1248 2006 1288 in-

203 1311 346 1357 fantes,
369 1309 459 1348 huic
480 1310 575 1349 nulli
592 1310 809 1350 sanitatem
829 1314 1071 1358 recuperant
1091 1323 1140 1348 ex
1160 1310 1322 1349 morbis.
1374 1309 1574 1362 Denique,
1609 1308 1796 1362 quidquid
1816 1309 2008 1348 hactenus

202 1368 274 1408 fuit
307 1369 590 1420 exemplorum,
624 1383 701 1409 non
734 1369 873 1410 mirum
908 1365 994 1414 fuit,
1031 1373 1100 1408 aut
1132 1374 1238 1409 certe
1273 1381 1347 1408 non
1382 1382 1460 1420 qua
1490 1374 1605 1420 parte
1633 1367 1772 1408 mirum
1805 1382 1830 1407 a
1860 1371 1900 1407 te
1934 1365 2010 1406 fuit

202 1427 427 1467 adductum.
493 1428 630 1468 Tuum>
657 1434 720 1468 est
762 1429 836 1468 hoc
870 1426 1091 1467 clanculum
1125 1434 1162 1467 et
1198 1441 1318 1480 supra
1350 1434 1529 1468 nostrum
1561 1433 1741 1480 captum,
1776 1426 1880 1480 quod
1911 1437 2010 1465 uxor

202 1499 307 1534 mea,
366 1486 451 1526 viso
498 1487 638 1527 limace
685 1493 726 1528 et
772 1488 863 1527 forti
907 1484 1194 1537 imaginatione
1246 1486 1366 1526 filiolo
1411 1500 1498 1527 meo
1541 1486 1716 1527 Henrico
1759 1499 1798 1538 p.
1844 1498 1895 1526 m,
1937 1497 2008 1536 pro

202 1546 379 1585 mentula.
410 1545 667 1597 implantavit
697 1546 918 1588 limaceam,
957 1549 1086 1592 (Comp.
1119 1552 1230 1584 literas
1262 1551 1399 1593 Kepleri
1433 1552 1477 1584 ad
1510 1551 1724 1583 Maestlinum
1755 1551 1873 1587 datas,
1910 1557 2010 1591 supra

200 1620 229 1650 p.
259 1607 355 1649 298.)
418 1605 484 1644 Ad
514 1606 587 1645 hoc
621 1619 731 1657 opuS,
768 1607 947 1658 quamvis
979 1606 1189 1646 rationalis
1228 1612 1449 1653 creaturae,
1486 1605 1667 1645 discursu
1700 1617 1797 1644 sane
1824 1618 1900 1645 uon
1936 1603 2009 1643 fuit

201 1676 274 1702 usa
318 1668 480 1712 natura,
527 1665 682 1705 occulto
728 1665 920 1706 instinctu
966 1666 1128 1705 factum.
1205 1664 1270 1705 Sic
1323 1677 1449 1717 neque
1497 1662 1642 1704 Jacobi
1686 1675 1782 1704 oves
1827 1663 2007 1704 discursu

201 1722 367 1761 rationis
414 1723 640 1764 utebantur.
730 1723 836 1770 Quid
880 1725 1002 1776 igitur
1047 1730 1089 1764 tu
1134 1725 1196 1764 hic
1238 1726 1285 1763 de
1334 1723 1552 1764 structione
1604 1722 1677 1762 viri
1732 1728 1773 1763 et
1825 1721 2006 1769 feminae,

201 1780 367 1820 animosi
399 1787 441 1820 et
473 1782 701 1831 effeminati,
738 1783 903 1823 scientis
925 1783 1149 1835 philosophi
1184 1790 1225 1823 et
1247 1783 1470 1834 ignorantis
1503 1781 1643 1821 rustici
1669 1782 1884 1833 argutaris,
1919 1792 2011 1832 cum¹

200 1852 247 1878 ne
281 1840 439 1891 quidem
471 1841 574 1880 inter
607 1854 721 1881 ovem
753 1847 794 1881 et
826 1843 1024 1882 hominem
1061 1843 1178 1893 hujus
1199 1843 1255 1881 rei
1290 1855 1415 1881 causa
1435 1842 1557 1881 liceat
1578 1840 1849 1892 distinguere?
1902 1839 2008 1879 Vide

201 1911 329 1937 meam
361 1898 752 1940 dissertatiunculam
787 1906 827 1940 et
859 1902 1012 1940 refuta!
1076 1902 1288 1952 Nunquam
1332 1901 1434 1940 forte
1467 1901 1642 1939 Martem
1674 1899 1775 1939 vidit
1817 1898 2005 1951 agricola.

201 1958 302 1996 Puto
335 1958 458 1997 multo
490 1959 617 1998 minus
651 1960 736 2010 ejus
770 1972 901 2007 uxor}
925 1967 965 1999 et
997 1967 1144 2004 tamen,
1179 1972 1265 1999 cum
1299 1959 1488 2010 gignunt,
1523 1959 1644 1998 horas
1677 1957 1892 2009 genesibus
1926 1957 2008 1998 suis

201 2021 492 2056 consentaneas
526 2017 743 2067 inveniunt,
782 2018 953 2058 maxime
985 2019 1067 2058 illa.
1132 2017 1175 2057 Si
1198 2018 1267 2057 tibi
1302 2030 1378 2056 non
1413 2017 1591 2069 suppetit
1623 2017 1888 2068 experientia,
1933 2029 2007 2056 non

204 2087 247 2114 es
280 2074 450 2126 diligens
483 2078 724 2128 astrologus.
787 2077 880 2116 Dixi
916 2077 1021 2116 idem
1052 2077 1090 2116 in
1125 2076 1495 2124 dissertatiuncula3
1530 2075 1778 2126 respexisses
1815 2075 1866 2115 ad
1908 2088 2007 2115 eam.

320 2133 381 2172 De
414 2140 546 2174 cetero
590 2128 636 2175 iis
662 2135 914 2175 enarratione
948 2144 1040 2175 tuae
1075 2136 1301 2175 sententiae
1342 2135 1571 2187 theologum
1614 2134 1729 2184 agis3
1771 2146 1935 2186 possum
1969 2138 2010 2174 et

205 2204 278 2243 ego
300 2192 338 2231 in
360 2205 459 2232 mea.
521 2193 619 2234 Cum
646 2194 757 2234 Deus
779 2194 980 2242 irascitur,
1015 2201 1200 2235 naturam
1219 2194 1587 2246 imaginationibus,
1622 2206 1720 2245 quas
1740 2193 1877 2242 mittit,
1912 2193 2008 2233 hor-

204 2251 338 2291 rendis
371 2253 599 2304 eclipsibus,
634 2253 945 2293 circumstantiis
979 2255 1094 2302 acris,
1129 2254 1272 2305 agitat,
1308 2259 1350 2292 ut
1381 2247 1599 2305 profundae
1632 2253 1714 2292 sint
1746 2252 1934 2292 tenebrae
1968 2257 2011 2292 et

202 2315 385 2350 naturam
417 2312 512 2351 diris
545 2312 672 2351 modis
705 2318 895 2352 terreant.
1559 2348 1574 2356 χ
1661 2303 1684 2316 “’
1736 2362 1747 2366 -

318 2369 502 2411 Ridicule
536 2371 700 2411 desinis.
764 2371 874 2411 Deus
909 2378 950 2411 et
983 2371 1111 2411 Satan
1157 2375 1396 2411 concurrunt
1431 2390 1481 2395 —
1517 2369 1683 2410 stultum
1716 2381 1830 2422 ergo,
1877 2368 2008 2409 omnia

201 2428 252 2467 ad
285 2442 431 2468 causas
465 2431 670 2470 naturales
703 2431 864 2471 referre.
930 2431 1074 2477 Multa,
1099 2430 1271 2475 Fabrici,
1306 2429 1443 2476 multa,
1471 2428 1550 2467 imo
1582 2428 1793 2480 plerasque
1814 2427 2007 2468 scientias

204 2487 322 2538 hujus
356 2489 581 2528 sententiae
615 2490 826 2542 tyrannide
859 2490 1072 2542 opprimes.
1136 2488 1243 2535 Quid
1265 2488 1395 2528 enim?
1438 2486 1501 2542 ‚Si
1523 2486 1596 2526 hoc
1623 2499 1771 2535 verum,
1805 2499 1898 2526 num
1919 2486 2008 2527 ideo

201 2559 331 2586 meam
364 2548 606 2588 sententiam
641 2561 729 2588 cum
761 2554 831 2588 tua
862 2549 1127 2601 permutabos
1162 2553 1377 2600 propterea
1417 2546 1519 2597 quod
1564 2550 1635 2584 tua
1666 2545 1742 2585 Dei
1775 2551 1817 2585 et
1845 2545 2008 2586 Diaboli

202 2617 275 2656 ope
308 2607 397 2656 plus
430 2606 594 2660 indiget,
630 2620 718 2646 mea
750 2607 840 2647 illas
862 2607 1177 2661 hyperphysicas
1197 2607 1315 2658 plane
1349 2617 1426 2645 non
1457 2603 1660 2643 excludit?
1721 2604 1886 2644 Minime
1912 2604 2006 2644 hoc!

203 2664 340 2704 Potius
375 2678 530 2705 omnem
563 2667 826 2718 astrologiam
858 2667 1063 2706 mittamus
1097 2671 1135 2705 et
1157 2666 1342 2705 mundum
1375 2663 1627 2702 sublunarem
1654 2663 1740 2703 Deo
1774 2669 1816 2703 et
1833 2662 2006 2703 Diabolo

204 2724 418 2774 regendum
451 2725 670 2764 tradamus.
736 2726 837 2773 Aut,
883 2726 915 2765 si
949 2725 1053 2777 pium
1089 2731 1129 2764 et
1162 2730 1361 2771 sanctum,
1402 2721 1651 2760 naturalibus
1686 2728 1875 2774 quantum
1907 2735 2004 2774 pos-

203 2795 337 2822 sumus
370 2784 624 2832 contendere,
658 2784 881 2835 praestabit
913 2784 999 2835 ejus
1032 2783 1244 2831 sententia,
1284 2781 1348 2834 qui
1387 2779 1640 2832 paucioribus
1661 2780 1866 2832 principiis
1891 2781 2006 2833 plura

204 2840 337 2881 efficit.
1194 2846 1197 2848 ’

297 2899 576 2931 Fabricius:
603 2900 655 2932 An
680 2900 953 2932 inflammare
979 2900 1238 2932 essentialis
1264 2898 1514 2940 proprietas
1542 2895 1656 2928 Solis
1682 2898 1742 2933 sit,
1769 2895 1863 2928 valde
1881 2895 2002 2928 dubito.

204 2945 290 2976 Nam
314 2947 531 2978 inflammatio
557 2945 619 2986 (sc.
647 2957 732 2989 quae
758 2957 778 2979 a
805 2947 880 2980 Sole
906 2947 1020 2984 oritur)
1045 2957 1111 2979 non
1135 2948 1174 2979 fit.
1198 2947 1239 2978 ab
1267 2945 1396 2977 actione
1423 2943 1506 2976 Solis
1534 2944 1701 2976 essentiali
1725 2944 1921 2985 praecipue,
1947 2943 2005 2975 sed

205 3001 261 3031 per
287 2994 453 3030 accidens,
479 3002 500 3024 a
524 2994 689 3026 radiorum
713 2995 898 3027 reflexione.
949 2993 1063 3026 Multis
1089 2994 1219 3035 probari
1243 2995 1362 3034 potest,
1391 2990 1475 3022 Solis
1503 2991 1645 3022 calorem
1670 2993 1703 3023 in
1728 3000 1853 3022 summo
1871 2989 2007 3022 aethere

206 3038 362 3070 minorem
388 3050 472 3076 esse,
498 3049 596 3081 quam
620 3041 654 3072 in
679 3041 798 3081 Terris,
826 3043 902 3083 quia
927 3040 1017 3074 calor
1042 3041 1096 3073 ille
1122 3051 1187 3072 non
1213 3043 1263 3071 est
1288 3038 1495 3070 elementaris
1512 3039 1608 3080 ignis,
1636 3042 1694 3070 aut
1717 3037 1806 3070 calor
1823 3036 2005 3078 depascens

206 3089 264 3114 aut
289 3085 473 3123 destruens,
509 3087 758 3120 sed-vivificans
796 3093 830 3120 et
854 3097 1070 3123 conservans,
1105 3091 1142 3120 ut
1165 3091 1202 3119 tu
1226 3090 1316 3119 recte
1342 3085 1473 3122 scribis3
1513 3089 1547 3116 et
1570 3085 1704 3126 proinde
1730 3085 1830 3117 etiam
1862 3083 2005 3116 naturali
