2028 3242
1859 1 1861 3 ·
1888 0 1895 8 s
1924 0 1954 15 εὶ
1978 0 2025 20 <¹3⁴5

1934 8 1976 64 θ’

1927 56 1944 87 {t

159 60 246 105 234
449 30 466 62 ³
957 34 1172 107 messum.

160 160 263 210 tanti
307 169 405 208 fiant
437 167 634 219 epistolae
673 179 772 219 quas
805 167 926 207 fundo
970 168 1020 207 ab
1052 167 1119 217 iis,
1155 168 1296 220 quibus
1329 180 1393 208 me
1423 168 1584 208 honoris
1616 181 1740 210 causa
1770 173 1815 209 ut
1846 167 1971 209 disci-

158 229 273 282 pulus
306 227 521 267 submitto·
555 239 629 279 age
650 230 692 266 et
712 225 807 266 mihi
833 240 944 267 meae
966 227 1162 282 epistolae
1184 232 1301 268 erunt
1331 227 1372 268 in
1392 227 1535 280 pretio,
1568 227 1780 269 scribam
1809 232 1968 276 caute,
2007 254 2009 256 -

158 286 383 328 retinebo
428 285 738 352 exemplaria.
801 286 958 332 Morem
988 286 1203 326 Frischlini
1249 286 1445 339 sequitur,
1490 280 1979 339 mmmm

160 344 281 394 facit,
323 345 602 386 human'tate
621 339 798 386 officiose
830 345 959 397 magis
1003 358 1122 397 quam
1154 346 1259 386 serio
1299 345 1559 389 scribentium
1602 346 1655 386 ad
1696 346 1972 389 instruendam

156 418 269 445 suam
300 404 451 444 rabiem
484 403 674 444 abutitur.
738 404 868 444 Tanto
901 409 1045 456 peccat
1075 404 1258 456 gravius,
1295 405 1399 458 quod
1431 404 1559 444 virum
1590 417 1805 453 summum,
1851 402 1968 457 quem

157 478 219 504 me
252 463 439 504 admirari
470 463 598 511 videt,
641 462 740 503 meis
773 463 904 504 verbis
938 463 1162 503 deformare
1195 464 1344 504 studet.
1407 463 1714 504 Jurisconsultis
1748 463 1798 503 do
1831 463 1969 504 discu-

156 523 335 565 tiendum
367 523 441 563 hoc
473 522 634 567 crimen.
699 521 782 562 Sed
815 523 909 574 quid
941 535 1039 574 opus
1073 528 1136 562 est
1180 535 1241 562 me
1274 522 1351 574 ipsi
1391 522 1589 570 scribere,
1640 535 1730 569 cum
1766 522 1823 564 sit
1865 522 1971 563 male

158 582 326 622 furiatus
347 582 477 630 hom0‚
513 586 556 621 ut
588 581 715 630 video,
749 595 774 621 a
795 594 870 633 quo
890 582 1032 621 merito
1054 581 1275 621 cavendum
1301 586 1376 627 est,
1408 594 1459 621 ne
1487 593 1607 633 porro
1630 594 1784 634 quoque
1815 581 1970 622 laedat.

157 641 331 681 Videtur
361 641 437 680 hoc
469 640 595 692 ipsum
627 640 667 680 in
700 652 828 680 meam
861 653 937 679 non
967 640 1095 679 minus
1129 653 1247 692 quam
1269 640 1469 694 Tychonis
1501 640 1646 680 fecisse
1674 639 1968 680 contumeliam.

160 698 261 740 Cum
300 700 401 739 enim
434 712 495 739 me
527 699 638 751 prius
678 699 912 747 laudasset,
959 703 1103 753 postea
1135 704 1358 750 comperto,
1399 699 1603 751 suspicere
1634 712 1697 739 me
1731 699 1972 752 Tychonem,

157 758 281 799 iratus
313 759 388 798 hoc
419 771 480 797 me
513 762 733 798 scommate
766 762 808 798 et
839 757 1009 798 ludibrio
1035 757 1257 808 insignivit.
1321 758 1486 798 Utinam
1510 770 1604 798 vero
1624 762 1845 811 monstrum
1870 757 1970 797 illud

157 818 326 865 videam,
361 818 465 870 quod
497 829 627 856 meam
659 817 770 856 illam
791 817 1003 868 epistolam
1024 817 1209 857 cornibus
1236 816 1477 856 circumfert.
1542 815 1731 857 Ceterum
1758 816 1970 856 abstinebo

157 876 316 928 penitus
349 876 400 915 ab
432 876 588 916 homine
621 880 663 915 et
693 888 756 915 me
791 876 889 915 data
920 870 1345 928 occasicne'pnrgabo
1379 875 1572 928 Tychoni,
1622 875 1726 927 quod
1759 879 1800 914 et
1830 880 1875 915 te
1904 887 1973 915 oro

155 940 200 975 ut
232 934 372 975 facias.
435 935 627 974 Mittatur
658 934 753 974 mihi
787 934 993 986 exemplar
1024 947 1137 974 meae
1169 935 1392 987 impressae
1425 933 1636 986 epistolae,
1669 947 1762 974 nam
1782 933 1859 979 etsi
1878 945 1973 974 ver-

156 995 293 1034 borum
329 994 414 1046 jam
452 1000 547 1045 post
584 998 741 1033 tantum
779 994 970 1044 temporis
1010 1006 1087 1033 nou
1121 1007 1207 1034 sum
1245 994 1415 1044 amplius
1457 992 1626 1042 memor,
1674 993 1792 1033 facile
1836 997 1973 1034 tamen

157 1066 392 1105 agnoscam,
439 1053 472 1093 si
505 1052 596 1106 quid
629 1065 703 1105 ego
737 1053 880 1104 scripsi
913 1053 1025 1104 sique
1052 1053 1218 1093 ulterius
1251 1053 1319 1093 ille
1354 1057 1568 1105 grassatus
1601 1056 1681 1101 est,
1722 1052 1847 1093 verba
1877 1051 1975 1092 mihi

158 1113 260 1152 forte
293 1113 486 1160 tribuens,
521 1125 621 1164 quae
657 1125 745 1152 mea
777 1125 853 1151 non
887 1117 994 1152 sunt.
1057 1112 1149 1152 Non
1181 1125 1347 1164 possum
1379 1112 1556 1157 credere,
1590 1111 1692 1152 adeo
1713 1123 1776 1151 me
1807 1111 1974 1152 sudasse

157 1171 196 1211 in
228 1171 315 1223 ipso
348 1171 562 1219 laudando,
597 1176 640 1211 ut
662 1171 879 1225 superbire
914 1171 1059 1222 asinus
1083 1171 1226 1226 merito
1240 1176 1418 1229 posset

157 1322 228 1363 (12
251 1276 418 1357 Ἐγοῑιοξξ
423 1277 605 1363 >literarum
644 1277 687 1309 ad
715 1276 897 1321 Keplerum
933 1276 1086 1314 datarum
1123 1277 1233 1318 copias
1257 1276 1484 1308 transmittens
1509 1274 1767 1314 Maestlinus
1809 1275 1977 1326 rerndit

283 1334 327 1359 an

249 1395 383 1430 Librum
399 1396 459 1429 feri
476 1395 550 1432 Ursi
567 1396 687 1436 potius,
717 1404 816 1438 quam
832 1396 899 1428 veri
925 1374 1065 1427 hominis
1085 1393 1377 1438 (quemadmodum
1394 1394 1507 1435 Tycho
1539 1403 1616 1426 eum
1632 1390 1794 1436 appellat)
1815 1403 1877 1437 ego
1895 1404 1973 1437 quo-

156 1452 218 1483 que
247 1452 313 1474 non
339 1443 413 1475 vidi.
465 1442 590 1475 Verum
618 1453 657 1475 ex
683 1443 747 1474 hac
778 1443 919 1484 epistola
937 1442 1102 1484 Tychonis
1132 1443 1241 1475 videre
1273 1443 1331 1474 tibi
1359 1442 1448 1478 licet,
1479 1451 1567 1474 anne
1583 1441 1685 1473 verba
1712 1444 1774 1473 tua
1799 1451 1975 1487 agnoscas·

157 1490 281 1529 Quodsi
306 1490 401 1531 plura
425 1491 485 1522 tibi
503 1490 631 1522 affinxit
651 1488 753 1532 (quod
770 1499 831 1532 ego
849 1490 995 1531 profecto
1024 1490 1104 1522 mihi
1134 1491 1264 1522 omnino
1292 1487 1491 1530 persuadeo)
1509 1489 1632 1530 poteris
1655 1498 1722 1520 non
1738 1491 1870 1521 tantum
1888 1488 1976 1530 apud

156 1537 345 1578 Tychonem
371 1545 404 1568 te
424 1547 581 1570 excusare
600 1535 714 1579 (quam
741 1538 848 1578 ipsam
866 1538 905 1569 ob
923 1546 1060 1570 causam
1088 1547 1149 1579 ego
1167 1547 1294 1579 quoque
1321 1537 1485 1569 hacteuus
1503 1545 1693 1576 responsum
1724 1535 1767 1567 ad
1784 1535 1974 1576 Tychonem

156 1584 275 1621 distuli,
295 1584 398 1616 donec
417 1595 456 1617 ex
473 1588 506 1618 te
525 1585 605 1617 certi
622 1585 700 1626 quid
717 1594 759 1617 ea
775 1585 816 1617 de
833 1594 867 1619 re
887 1583 1151 1626 cognoscerem),
1183 1585 1242 1616 sed
1268 1585 1368 1616 etiam
1393 1583 1603 1616 occasionem
1631 1582 1682 1615 vel
1710 1592 1770 1624 per
1784 1582 1896 1621 literas
1923 1582 1974 1616 vel

157 1631 220 1663 alio
237 1631 331 1665 modo
361 1632 394 1663 id
410 1631 494 1664 Urso
525 1632 739 1673 exprobrandi
770 1641 939 1673 quaerere.
991 1631 1058 1664 Sed
1074 1632 1118 1663 ibi
1137 1632 1270 1664 consilio
1297 1631 1349 1664 vel
1367 1631 1551 1663 consultore
1577 1634 1655 1672 puto
1674 1633 1709 1667 te
1726 1639 1794 1669 uon
1812 1629 1972 1673 indigere.

157 1678 246 1711 Male
262 1679 402 1710 furiatus
421 1683 509 1711 certe
527 1683 578 1711 est
593 1679 689 1710 homo
707 1680 769 1710 iste
787 1689 881 1711 verus
900 1683 934 1711 et
950 1679 1037 1711 ferus
1055 1689 1161 1711 ursus.

247 1773 455 1814 Keplerus
489 1773 682 1810 transmisit
698 1771 877 1804 Maestlino
911 1772 1023 1804 literas
1047 1782 1124 1804 suas
1150 1770 1462 1815 ‚,expurgatorias“‚
1499 1773 1554 1814 qui
1587 1780 1645 1804 eas
1677 1775 1871 1815 „gratanter
1893 1772 1976 1816 legit

154 1821 277 1862 sibique
307 1824 341 1851 et
366 1820 510 1861 Keplero
535 1820 575 1852 de
604 1820 799 1862 purgatione
826 1828 887 1851 sua
909 1819 1120 1851 vehementer
1148 1820 1367 1862 gratulatur“.
1422 1818 1544 1861 Spero,
1575 1820 1692 1862 pergit,
1723 1820 1829 1861 ipsum
1846 1820 1973 1861 Tycho-

154 1878 231 1899 nem
270 1867 371 1899 etiam
401 1868 530 1898 omnino
567 1870 758 1901 contentum
775 1866 853 1899 fore.
914 1866 984 1908 Ego
1003 1867 1109 1898 eidem
1140 1867 1285 1898 nondum
1316 1867 1467 1908 respondi
1492 1867 1543 1898 his
1573 1866 1701 1900 duabus
1737 1867 1844 1899 causis
1871 1868 1974 1908 impe·

155 1914 255 1946 ditus:
281 1914 383 1954 primo
401 1915 478 1954 quia
494 1914 571 1955 quid
587 1924 643 1955 pro
661 1918 694 1945 te
721 1914 983 1954 respondendum
1002 1917 1099 1952 esset,
1132 1914 1346 1955 ignorabam;
1375 1914 1635 1954 exspectandum
1652 1923 1729 1956 ergo
1768 1914 1846 1946 mihi
1873 1915 1974 1952 fuisse

156 1961 279 2000 censui,
310 1964 348 1992 ut
363 1961 592 2002 intelligerem,
620 1971 663 1992 an
688 1961 762 1992 illas
779 1961 891 1993 literas
922 1961 965 1992 ad
983 1961 1099 1992 Ferum
1130 1970 1338 2003 agnosceres.
1390 1961 1521 1992 Etenim
1550 1961 1680 1992 omnino
1711 1961 1820 1999 credo,
1854 1961 1974 1993 Forum

155 2008 244 2039 illum
261 2007 421 2039 nonnulla
438 2008 478 2039 de
496 2018 553 2039 suo
572 2009 619 2040 eis
636 2007 814 2040 affluxisse.
863 2008 960 2040 Nunc
979 2011 1091 2039 autem
1107 2017 1212 2048 spero,
1245 2007 1434 2048 Tychonem
1459 2007 1523 2039 hac
1540 2010 1600 2040 tua
1625 2011 1662 2039 ut
1679 2007 1745 2039 dixi
1771 2009 1969 2051 purgatione

156 2055 275 2095 optime
294 2058 483 2086 contentum
502 2055 579 2087 fore.
614 2054 728 2086 Altera
747 2064 849 2088 causa
867 2059 928 2092 est,
947 2054 1031 2096 quod
1048 2055 1181 2086 ubinam
1199 2058 1360 2086 terrarum
1377 2055 1419 2086 sit
1436 2054 1548 2095 Tycho
1565 2055 1709 2087 incertus
1726 2065 1809 2097 sum.
1861 2055 1966 2092 Ham-

155 2102 249 2143 burgi
266 2102 353 2133 enim
371 2111 444 2133 eum
474 2112 540 2134 non
559 2102 695 2142 amplius
714 2112 796 2138 esse,
828 2103 871 2134 ad
888 2113 940 2135 me
958 2111 1144 2144 quanquam
1172 2102 1297 2134 incerto
1321 2102 1441 2134 nuncio
1471 2101 1618 2134 delatum
1635 2102 1706 2134 fuit.
1759 2101 1848 2142 Quin
1871 2103 1973 2135 etiam

155 2149 330 2184 ferebatur,
358 2149 464 2190 ipsum
483 2149 656 2190 aliquando
683 2149 846 2190 superiore
871 2159 957 2182 anno
985 2159 1051 2180 non
1068 2149 1177 2189 procul
1195 2148 1270 2180 hinc
1289 2146 1363 2189 (sed
1379 2149 1435 2180 ubi
1464 2153 1498 2180 et
1514 2159 1614 2190 quam
1639 2148 1764 2190 procul,
1796 2153 1856 2181 aut
1884 2159 1928 2182 au
1946 2159 1967 2181 a

157 2195 278 2228 dextris
295 2196 346 2227 vel
362 2195 500 2227 sinistris
517 2196 694 2228 resciscere
711 2206 776 2227 non
793 2195 900 2238 potui)
919 2196 1099 2233 transiisse,
1130 2205 1229 2238 quare
1247 2206 1308 2238 quo
1334 2197 1499 2228 mitterem
1515 2196 1628 2229 literas
1652 2197 1890 2229 incertissimus
1909 2196 1970 2228 fui.

157 2241 223 2282 (Ex
248 2242 386 2284 epistola
411 2242 442 2274 d.
470 2243 500 2274 d.
529 2242 585 2274 22.
612 2245 690 2285 Apr.
718 2241 803 2283 990.

249 2335 292 2368 D.
324 2333 379 2367 29.
409 2337 496 2378 Aug.
529 2334 584 2368 99.
611 2337 776 2378 Keplerus
801 2337 886 2370 haec
911 2337 952 2370 de
978 2337 1060 2370 Urso
1092 2336 1181 2369 dedit
1210 2336 1407 2369 Maestlino:

275 2406 410 2460 Tycho
442 2407 703 2460 Witebergae
736 2413 821 2456 est3
854 2408 986 2460 agitur
1023 2413 1068 2447 ut
1098 2407 1272 2459 Pragam
1305 2412 1499 2462 transeat.
1563 2406 1708 2447 Libelli
1746 2406 1853 2447 illius
1885 2407 1987 2461 'I'y-v
2025 2455 2028 2459 ι

156 2465 469 2518 chonomastigis
502 2468 708 2519 exemplar
739 2468 790 2507 ad
822 2480 884 2507 me
916 2466 1025 2507 misit
1055 2467 1106 2506 D.
1139 2466 1392 2515 Herwartus,
1432 2466 1494 2505 vir
1525 2465 1689 2515 nobilis,
1729 2467 1844 2506 aulae
1877 2466 1964 2506 Ba-

157 2524 316 2564 varicae
361 2525 643 2575 cancellarius,
680 2526 728 2566 in
768 2526 874 2566 omni
907 2524 1177 2565 doctrinarum
1216 2537 1361 2576 genere
1404 2524 1778 2565 exercitatissimus.
1841 2525 1888 2565 In
1921 2537 1967 2565 eo
2025 2550 2028 2570 :

158 2583 320 2623 tandem
357 2583 437 2623 vidi
482 2585 695 2636 epistolam
733 2598 881 2633 meam,
928 2597 1047 2637 quam
1089 2585 1163 2624 hoc
1193 2583 1368 2623 »consilio
1408 2584 1594 2624 inseruit:
1640 2583 1849 2636 proposuit
1891 2583 1968 2623 sibi

158 2642 384 2694 Tychonem
418 2648 460 2682 et
495 2643 731 2684 Roeslinum
775 2644 1042 2696 exagitandos
1088 2656 1177 2682 cum
1207 2642 1381 2682 inventis
1422 2647 1463 2682 et
1495 2642 1834 2693 speculationibus
1867 2642 1964 2683 suis.
2021 2642 2028 2683 :ff

159 2700 350 2741 Roeslino
398 2701 535 2754 objicit
573 2702 876 2754 amplitudinem
915 2702 1022 2742 orbis
1053 2701 1192 2742 Martii
1233 2700 1476 2741 contrariam
1516 2700 1879 2749 observationibus,
1927 2706 1968 2741 et
2023 2710 2028 2716 ”

159 2759 409 2799 demonstrat
440 2761 636 2801 rationem
666 2761 890 2814 inquirendi
923 2761 1140 2801 distantias
1173 2773 1223 2800 ex
1254 2759 1468 2799 anomalia.
1533 2759 1628 2798 Inde
1664 2758 1800 2799 addit:
1837 2759 1967 2808 „Hinc
2012 2794 2016 2796 e

160 2817 283 2857 etiam
315 2819 542 2859 examinare
575 2820 689 2869 licet,
725 2833 827 2860 anne
859 2832 929 2871 per
961 2819 1094 2860 omnia
1123 2831 1221 2859 vera
1253 2818 1306 2858 sit
1339 2817 1553 2865 (veriorem
1586 2817 1689 2856 enim
1721 2817 1803 2857 scio
1835 2817 1965 2871 hypo-
2011 2838 2017 2870 T

160 2875 339 2916 thesibus
370 2877 570 2926 Roeslini)
603 2879 804 2919 sententia
834 2879 886 2918 D.
919 2878 1102 2930 Kepleri‚
1136 2890 1254 2929 quam
1287 2876 1339 2915 ad
1370 2888 1430 2915 me
1463 2875 1696 2926 perscripsit
1733 2875 1844 2916 hisce
1876 2876 1965 2916 luce
2012 2879 2015 2881 ’

160 2933 291 2983 dignis
313 2935 483 2976 literis.“
518 2936 620 2978 Cum
638 2938 880 2978 mentionem
901 2937 1026 2977 faciat
1047 2935 1226 2988 opusculi
1246 2934 1322 2975 mei
1342 2933 1963 2974 nundinisxFrancofordensibus

160 2991 364 3041 publicati,
392 2994 526 3033 nescio
559 3008 627 3035 cur
659 2996 745 3035 luce
778 2996 920 3047 dignas
952 2995 1027 3035 has
1047 2998 1209 3035 censeat
1232 2994 1383 3040 literas,
1418 2991 1494 3031 nisi
1515 2992 1607 3043 quia-
1626 2992 1755 3043 ipsum
1778 2992 1962 3032 laudant.

162 3048 200 3088 A
232 3049 371 3101 quibus
405 3064 455 3091 an
487 3053 637 3105 aliquid
669 3054 920 3102 desumserit,
955 3053 1111 3094 nescio:
1146 3065 1246 3106 quae
1266 3051 1393 3104 ponit,
1426 3050 1559 3090 omnia
1578 3063 1670 3091 mea
1701 3054 1805 3091 sunt.
1861 3048 1963 3091 Cum
2004 3057 2008 3060 ’
