1982 3268
757 106 972 140 emmim.
1706 105 1762 150 53

0 213 52 256 rit
77 215 168 254 cum
195 212 393 264 utilitate,
425 213 543 254 rebus
566 213 654 266 jam
682 212 916 266 prostratis,
957 212 1068 254 nulla
1096 212 1193 254 mihi
1228 213 1304 254 nisi
1341 214 1460 254 valde
1490 213 1690 262 laboriosa
1718 220 1762 256 et

0 271 143 327 §filesta
170 271 375 327 provincia
405 271 634 313 demandari
663 272 825 324 poterit,
857 271 1013 325 qualem
1043 271 1179 312 forsan
1211 277 1253 313 et
1276 274 1504 325 provisores
1528 273 1654 315 vestri
1685 274 1760 315 de-

0 333 173 373 rectant:
203 331 267 372 cui
298 343 455 386 operae,
487 331 523 371 si
551 330 679 371 minus
711 343 785 383 ego
813 336 977 384 propter
1005 331 1249 384 superbiam,
1282 337 1390 373 certe
1419 337 1582 386 propter
1610 333 1761 387 ingenii

0 390 262 437 olnbilitatem
291 396 336 432 et
358 391 537 433 laborum
560 389 850 443 impatientiam
874 390 1031 443 ineptus
1056 403 1157 439 sum,
1189 390 1257 432 alii
1281 391 1428 432 rectius
1454 391 1757 435 adhibebuntur.

0 448 60 493 {on
90 449 192 491 latet
220 449 467 503 inspectores
497 461 606 490 meos
638 462 703 490 res
733 450 841 490 ista:
873 462 997 504 eoque
1022 450 1079 499 fit,
1112 455 1156 490 ut
1185 463 1235 490 ne
1263 450 1420 504 quidem
1450 451 1760 503 cogitationibus

0 509 54 553 nis
82 519 145 550 me
175 509 375 550 destinent
405 507 604 550 laboribus
637 508 902 550 scholasticis.
953 507 1128 561 Cupiunt
1157 522 1218 550 me
1250 509 1308 550 uti
1338 509 1415 550 hoc
1440 510 1521 551 otio
1547 523 1634 551 meo
1665 511 1759 564 phi-

0 568 171 622 ›sophico
190 567 243 608 ad
266 567 524 610 illustrandas
543 567 773 620 disciplinas
792 568 1119 609 mathematicas:
1152 574 1194 608 et
1224 568 1258 609 si
1289 582 1411 622 penes
1444 570 1554 623 ipsos
1584 571 1755 620 steterit,

0 637 166 681 unquam
195 626 292 668 mibi
327 626 517 668 salarium
553 639 681 668 meum
718 627 988 680 abrogabitur.
1050 626 1133 667 Sed
1169 627 1215 668 fit
1250 628 1394 680 injuria
1429 635 1669 682 temporum,
1713 635 1759 671 ut

0 682 46 727 *ui
73 686 150 727 hac
179 686 353 740 ipsorum
382 685 533 740 optima
563 686 766 727 voluntate
797 686 862 726 diu
893 699 970 727 non
1000 687 1163 738 possim.
1208 686 1253 728 Si
1279 700 1357 740 qua
1387 689 1448 729 vis
1480 701 1533 729 ex
1554 688 1648 729 aula
1677 689 1756 730 mi-

0 744 106 787 {stris
133 757 337 798 procerum
366 746 532 797 ingruit,
571 745 608 785 ei
644 746 719 799 ipsi
752 758 904 799 quoque
935 751 1027 787 sunt
1057 746 1233 795 obnoxii,
1272 751 1430 788 tantum
1466 747 1583 789 abest
1619 752 1664 789 ut
1693 761 1756 789 me

0 805 196 846 efendmt.
255 804 320 844 Ex
350 805 478 846 altera
506 809 621 858 parte
659 810 750 846 sunt
781 805 884 846 inter
913 817 1121 858 proceres,
1166 805 1233 858 qui
1275 807 1378 860 quod
1415 807 1640 849 academias
1678 808 1755 848 ad-

0 863 111 904 *erint
140 863 363 917 opinionem
391 863 541 905 babent
571 864 814 912 eruditionis,
849 864 989 918 quibus
1014 865 1088 906 hoc
1114 870 1296 917 praestat
1327 865 1548 916 literatura,
1580 872 1626 908 nt
1656 879 1755 908 con-

0 922 129 964 nentia
153 922 324 977 quadam
342 927 505 964 utantur
534 922 574 963 in
605 924 902 964 contemnendis
933 924 1042 964 hisce
1073 924 1367 966 mathematicis
1398 926 1751 979 speculationibus.

0 988 95 1023 eries
125 994 224 1036 quos
253 994 342 1023 cum
372 982 428 1023 sit
456 981 514 1022 rei
544 995 709 1033 summa,
742 983 889 1032 nescio,
920 996 1038 1036 quam
1069 983 1137 1024 diu
1161 997 1224 1024 me
1249 989 1431 1026 tutatuta
1460 985 1515 1026 sit
1545 985 1752 1039 inspecto-

0 1052 55 1082 ιω
81 1041 276 1082 autoritas
306 1046 445 1082 contra
473 1041 629 1082 illorum
658 1042 857 1092 invidiam,
890 1043 968 1096 qui,
1001 1048 1044 1083 ut
1074 1042 1408 1085 olim'Florentini
1438 1049 1578 1085 contra
1596 1045 1752 1086 Philel-

0 1099 100 1151 lmm,
130 1100 190 1142 sic
218 1100 336 1141 hodie
366 1106 506 1142 contra
534 1114 597 1141 me
628 1101 847 1150 clamitant,
880 1103 943 1143 vel
973 1107 1083 1143 certe
1114 1103 1345 1152 mussitant,
1378 1116 1456 1145 non
1480 1105 1565 1156 jam
1596 1109 1752 1157 tempus

0 1169 59 1200 ise
93 1154 289 1209 discendi,
329 1160 401 1200 sed
436 1159 722 1212 belligerandi3
758 1161 857 1202 irem
892 1161 1024 1214 potius
1063 1161 1103 1202 in
1136 1160 1411 1212 Germaniam,
1451 1176 1552 1217 qnae
1584 1176 1661 1204 non
1691 1163 1752 1204 ita

0 1222 167 1260 rematur
194 1218 479 1274 incursionibus
510 1219 701 1260 Tutcicis.
763 1219 915 1266 Quibus
947 1221 1126 1261 omnibus
1157 1221 1323 1273 aliisque
1354 1222 1404 1262 de
1434 1222 1566 1263 causis
1597 1223 1749 1275 opinor,

0 1283 196 1319 :casatam
225 1290 315 1319 esse
345 1278 450 1332 apud
480 1284 520 1319 te
550 1278 651 1319 hanc
681 1279 990 1332 inquietudinem
1021 1285 1062 1320 et
1091 1279 1384 1333 impatientiam
1409 1294 1549 1322 meam.
1601 1280 1748 1331 Quare,

0 1341 11 1377 t
37 1337 287 1386 concludam,
324 1350 505 1381 reversus
542 1338 594 1378 ad
628 1338 875 1391 principium,
914 1351 1001 1379 cum
1038 1350 1116 1378 non
1151 1339 1283 1391 possit
1314 1352 1404 1380 esse
1435 1340 1621 1382 diuturna
1650 1341 1749 1381 haec

0 1407 55 1437 nea
83 1395 268 1445 conditio,
300 1396 478 1437 omnibus
509 1396 636 1437 modis
667 1411 691 1438 a
721 1403 762 1438 te
791 1403 905 1449 peto,
938 1402 984 1437 ut
1013 1410 1132 1450 snper
1161 1398 1236 1438 hac
1266 1411 1355 1439 mea
1384 1411 1575 1453 perquam
1604 1412 1748 1440 neces-

0 1454 72 1496 iria
100 1455 388 1496 consultatione
420 1455 514 1496 mibi
545 1456 664 1496 animi
694 1456 751 1497 tui
782 1469 901 1496 sensa
931 1457 1112 1508 aperias:
1144 1462 1263 1511 teque
1287 1457 1416 1511 ipsum
1444 1459 1627 1511 fingendo
1658 1472 1747 1500 meo

0 1512 108 1555 noco
126 1514 360 1564 constituas,
391 1520 445 1564 et,
480 1515 572 1568 quid
592 1522 634 1556 tu
655 1516 831 1556 facturus
853 1516 901 1555 de
921 1516 1157 1568 migratione
1179 1529 1304 1565 essee,
1337 1517 1499 1558 indices.
1551 1518 1747 1560 Totumne

0 1567 20 1615 ί
45 1577 90 1613 et
117 1573 343 1627 expeditum
372 1579 415 1614 et
444 1587 532 1615 cum
562 1587 632 1626 spe
662 1573 918 1626 promotionis
950 1575 1146 1624 futurum,
1194 1576 1229 1616 si
1273 1576 1494 1630 Tubingam
1536 1590 1597 1618 me
1646 1590 1746 1619 con-

0 1641 112 1680 πως
153 1646 204 1673 an
245 1638 426 1686 praestet
464 1633 503 1674 in
546 1633 666 1674 aliam
708 1633 877 1674 transire
921 1634 1197 1676 academiam?
1257 1634 1303 1676 Si
1338 1636 1467 1677 minus
1505 1642 1640 1678 cetera
1669 1637 1744 1678 huc

0 1688 153 1733 scientia
172 1688 246 1732 'ad‘
262 1704 325 1732 me
353 1692 415 1732 vis
444 1693 697 1745 perscribere,
729 1704 898 1744 parcens
918 1693 1090 1734 fortasse
1116 1694 1285 1746 privatis
1317 1695 1512 1748 aliquibus
1545 1701 1615 1737 aut
1645 1709 1744 1737 aca-

0 1736 115 1798 hiae
144 1750 246 1800 toti,
277 1756 348 1791 aut
377 1752 585 1792 consulens
617 1764 848 1792 arcanorum
880 1752 1170 1794 conscientiae:
1213 1759 1256 1794 at
1287 1754 1356 1794 illa
1387 1755 1570 1808 vulgaria
1599 1755 1742 1804 scribe,

0 1808 263 1864 hed-pretium
290 1810 385 1859 vini,
419 1810 618 1859 frumenti,
652 1810 717 1863 qui
747 1816 990 1852 commeatus
1022 1813 1269 1864 cupediarius
1302 1814 1399 1861 (non
1431 1814 1535 1854 enim
1565 1814 1746 1855 assuevit

0 1873 59 1909 hor
86 1880 175 1909 mea
204 1868 307 1910 fabis
336 1869 538 1917 victitare)
569 1869 635 1922 qui
663 1870 802 1910 modus
839 1871 1178 1912 conducendamm
1214 1873 1388 1922 aedium,
1427 1878 1469 1913 et
1503 1873 1544 1913 in
1581 1886 1741 1927 genere,

0 1932 106 1970 nanto
136 1933 267 1968 sumtu
296 1928 379 1969 vita
409 1934 575 1982 quatuor
604 1929 667 1969 vel
703 1929 871 1982 quinque
907 1930 1106 1972 hominum
1143 1932 1360 1984 vulgariter
1388 1932 1428 1973 in
1460 1946 1604 1974 annum
1633 1934 1741 1974 tole-

0 1986 98 2029 ω’.)
144 1987 221 2027 Hic
251 1993 338 2042 esto
369 1988 614 2028 necessarius
645 1989 914 2041 responsionis
946 1995 1038 2031 tuae
1070 2003 1227 2042 scopuS.
1290 1991 1356 2032 Ad
1387 1996 1523 2032 cetera
1555 2005 1633 2033 non
1665 1992 1741 2032 nisi

0 2056 33 2090 π
61 2045 198 2087 otium.
239 2045 408 2101 Jamque
439 2047 599 2087 tandem
623 2047 724 2096 vale,
757 2053 798 2088 et
826 2047 888 2089 Cl.
917 2049 970 2089 V.
991 2050 1042 2090 D.
1067 2046 1236 2090 Gellium
1266 2051 1425 2091 affinem
1454 2064 1583 2093 meum
1613 2052 1741 2093 hono-

0 2102 67 2144 fice
97 2104 241 2146 saluta.
298 2106 342 2146 In
373 2118 516 2158 genere
547 2119 640 2147 vero
672 2119 733 2146 me
766 2108 945 2148 omuibus
978 2109 1142 2161 collegis
1175 2110 1419 2150 commenda.

82 2161 148 2205 19.
179 2161 250 2205 29.
280 2165 383 2218 Aug.
416 2162 484 2206 99.
766 2167 817 2207 Η.
851 2167 896 2206 Τ.
960 2166 1074 2208 Grat.
1108 2168 1322 2221 discipulus

49 2278 224 2321 Nuncius
251 2281 293 2321 in
321 2282 518 2323 mandatis
548 2287 590 2323 et
619 2288 711 2323 ante
735 2283 874 2324 habuit
898 2286 952 2332 (si
970 2285 1195 2338 postulatus
1221 2227 1404 2336 fuisse&
1428 2227 1480 2328 e}
1493 2227 1738 2340 jzeplliea'bet,

0 2351 16 2380 s
43 2344 137 2395 typo
167 2340 452 2390 satisfaciendi,
484 2354 572 2381 cum
601 2342 818 2394 gratiarum
848 2344 1017 2384 actione.
1068 2345 1116 2385 Id
1146 2346 1346 2398 negotium
1375 2346 1493 2387 unica
1522 2347 1739 2389 monitiun-

0 2396 56 2448 ἡ
80 2410 310 2452 promovere
339 2404 466 2452 potes.

55 2501 112 2537 Ad
132 2505 215 2538 haec
240 2504 489 2538 Ma'estlinus
513 2505 678 2546 respondit
701 2506 830 2538 demum
854 2507 885 2538 d.
914 2505 968 2539 15.
995 2507 1049 2539 25.
1073 2508 1151 2541 Jan.
1176 2508 1286 2542 1600:
1324 2510 1485 2554 Magnum
1508 2511 1660 2554 mihique,
1687 2512 1743 2554 qui

0 2591 5 2595 ‚
133 2552 221 2585 nullo
244 2553 340 2585 modo
364 2563 445 2589 sum,
470 2553 663 2594 impossibile
686 2553 902 2594 respondendi
926 2555 1125 2595 postulatum
1147 2558 1334 2599 imposuisti.
1378 2559 1420 2591 D.
1446 2559 1490 2591 D.
1517 2558 1680 2591 Gerlachii
1705 2563 1740 2591 et

72 2617 75 2626 =
97 2599 179 2632 fferi
202 2600 369 2633 consilium
392 2604 453 2637 est,
478 2605 514 2631 ut
538 2610 595 2641 per
617 2599 758 2632 libellum
781 2601 957 2643 supplicem
974 2602 1227 2637 Illustrissimum
1243 2610 1388 2638 nostrum
1413 2606 1453 2638 de
1477 2615 1628 2648 regressu
1650 2605 1738 2638 solli—

116 2646 226 2680 forran
239 2649 269 2680 is
287 2647 414 2680 deloco
439 2648 614 2680 clementer
636 2648 817 2688 prospiciet.
856 2648 999 2681 Censent
1015 2651 1038 2682 ii
1061 2651 1268 2685 instrumenti
1291 2663 1350 2685 seu
1374 2654 1478 2694 operis
1502 2652 1739 2690 mathematici,

18 2693 127 2740 >quod
149 2694 228 2735 Ejus
252 2694 361 2728 Celsit.
385 2695 553 2727 innotuisti
577 2692 665 2734 (vide
689 2693 789 2733 infra)
821 2695 891 2727 fieri
913 2705 1007 2737 posse
1030 2700 1238 2731 mentionem.
1289 2700 1426 2732 Utinam
1456 2699 1679 2740 prudentiores
1704 2704 1739 2733 et

5 2773 6 2776 ,
35 2775 38 2776 ⁷
126 2741 265 2783 politicis
279 2742 544 2785 intelligentiores
569 2752 667 2784 quam
689 2752 741 2773 me
765 2742 991 2781 consuluisses,
1016 2746 1093 2787 quia
1110 2756 1183 2778 vere
1199 2747 1374 2778 infantiam
1388 2746 1443 2778 hic
1458 2756 1567 2778 meam
1584 2755 1737 2790 agnosco.

5 2785 220 2826 {srmone
249 2791 387 2831 pretinm
416 2789 503 2831 apud
533 2799 592 2821 nos
622 2792 691 2821 est:
727 2789 908 2822 medimnus
942 2791 1014 2832 plus
1045 2794 1214 2834 minusque
1248 2794 1268 2824 5
1300 2794 1331 2824 fl.
1367 2797 1516 2830 constat3
1553 2803 1638 2826 urna
1672 2795 1738 2828 vini

12 2830 25 2878 J
48 2871 50 2873 ,
80 2832 103 2866 3
125 2837 252 2868 circiter
272 2837 411 2869 florenis.
447 2836 499 2868 De
523 2837 638 2869 ceteris
662 2836 748 2868 malo
765 2837 870 2874 silere,
895 2847 993 2879 quam
1016 2839 1126 2880 inepte
1149 2840 1356 2881 respondere,
1379 2841 1456 2881 quia
1480 2841 1520 2872 de
1543 2842 1737 2875 victualibus

68 2898 73 2909 ι
94 2902 96 2908 ι
158 2886 193 2915 et
206 2883 436 2927 vulgarioribus
451 2884 503 2916 vix
519 2884 691 2926 quidquam
709 2885 793 2921 novi,
817 2884 938 2917 nedum
954 2885 994 2917 de
1010 2886 1218 2923 lautioribus;
1244 2889 1290 2919 sic
1308 2887 1591 2920 conducendarum
1607 2890 1738 2922 aedium

145 2930 242 2971 plane
265 2932 386 2974 ignoro.
440 2930 511 2963 Hoc
535 2933 603 2963 scio
617 2954 626 2968 ,
652 2931 736 2972 quod
759 2936 888 2972 propter
912 2929 932 2962 5
956 2934 1118 2974 principes
1142 2934 1311 2976 pluresque
1335 2935 1472 2967 barones
1498 2939 1532 2967 et
1555 2935 1654 2974 alios,
1680 2937 1735 2979 qui

24 2978 36 3011 ζ
91 2991 139 3013 βι».
196 2987 319 3021 mag-na
340 2979 382 3010 sit
405 2979 624 3021 plerorumque
640 2979 828 3011 victualium
850 2980 997 3020 penuria.
1037 2979 1146 3018 Quare
1169 2991 1235 3013 non
1259 2985 1319 3018 est,
1344 2986 1381 3014 ut
1404 2982 1566 3014 nonnullis
1589 2985 1734 3025 privatis,

122 3023 263 3063 scholae,
288 3026 354 3057 sive
370 3026 566 3058 arcanorum‘
578 3026 808 3063 conscientiae,
832 3031 871 3058 ut
894 3027 1015 3065 scribis,
1042 3027 1219 3065 consulam,
1243 3029 1302 3061 sed
1324 3039 1400 3061 mea
1423 3029 1564 3063 infantia
1585 3031 1621 3063 in
1644 3031 1734 3063 hisce

7 3068 17 3072 ”’
43 3091 64 3117 .‘
95 3092 99 3095 -
125 3081 192 3113 non
214 3073 300 3109 sinit,
324 3082 408 3114 quae
430 3072 584 3114 postulas.
635 3072 776 3106 Obsecro
800 3083 888 3116 ergo,
912 3078 950 3106 ut
974 3083 1016 3106 ea
1037 3084 1102 3117 non
1126 3074 1309 3115 offendaris,
1334 3077 1392 3109 sed
1415 3078 1482 3109 ista
1504 3078 1547 3110 ab
1571 3078 1654 3116 aliis,
1679 3079 1734 3121 qui

59 3151 62 3155 ,
109 3120 216 3163 magis
238 3122 330 3156 sunt,
355 3124 487 3162 expetas
510 3120 591 3152 scire
616 3118 674 3152 ac.
