2028 3242
158 113 240 156 162
838 111 986 151 Mysterii
1014 110 1281 153 Cosmographiei

876 240 1045 317 *Caput
1081 250 1244 300 XVII.

710 356 848 399 Aliud
880 358 933 398 de
962 357 1179 399 Mercurio
1211 357 1425 398 monitum.

276 453 382 494 lllud
415 451 543 503 magis
576 451 795 500 mirabere,
834 465 921 492 cum
960 451 1237 505 promiserim,
1281 451 1384 491 velle
1417 464 1480 491 me
1513 452 1748 506 corporibus
1779 453 1880 505 ipsis
1910 452 1974 492 in-

159 513 333 554 scribere
364 512 564 563 planetas‚
599 523 667 550 cur
698 510 939 566 Mercurium
971 524 1048 551 non
1081 511 1272 551 octaedro
1305 510 1593 562 inscripserim,
1627 512 1698 553 sed
1722 523 1868 564 passus
1901 510 1978 552 sim

158 585 246 612 eum
278 572 316 612 in
351 570 498 611 circulo
532 569 665 622 aliquo
699 570 805 610 ultra
837 570 971 610 orbem
1004 569 1265 621 inscriptilem
1298 570 1348 609 ad
1383 570 1567 622 quadrati
1589 570 1975 623 octaedricirampli-

160 631 335 672 tudinem
367 628 603 681 exspatiari.
666 629 774 669 Nam
806 642 928 681 supra
960 641 1049 680 cap.
1089 627 1139 669 13
1173 633 1215 668 et
1250 625 1303 669 14
1341 640 1413 679 pro
1446 627 1531 670 577
1572 642 1733 670 numero
1774 629 1882 671 orbis
1913 629 1978 670 in-

159 690 297 742 scripti
338 689 527 740 usurpavi
570 686 674 736 707,
716 701 921 728 numerum
961 688 1099 728 circuli
1130 687 1314 739 inscripti
1349 688 1559 740 quadrato.
1624 688 1799 730 Causam
1833 689 1976 728 dicam.

159 750 346 796 Primum,
383 748 476 799 quia
507 747 593 798 ejus
621 760 645 785 a
667 745 762 786 Sole
784 747 982 799 digressio
1009 747 1166 798 longior
1197 746 1356 786 minime
1388 747 1474 798 pati
1504 748 1637 798 potuit
1667 754 1750 788 tam
1768 753 1978 800 -angustos

160 820 382 854 carceres,·
409 807 550 846 deinde
592 806 684 857 quia
729 812 771 845 et
809 807 1026 847 octaedron
1065 805 1170 845 inter
1209 817 1378 857 corpora.
1415 811 1459 845 et
1487 811 1621 846 motus
1653 807 1843 848 Mercurii
1873 806 1979 847 inter

159 869 346 920 planetas
378 866 579 918 peculiare
614 865 707 916 quid
740 871 781 904 et
813 878 1018 906 commune
1045 865 1215 904 invicem
1239 864 1405 905 habent.
1455 864 1562 906 Nam
1593 865 1633 905 in
1665 866 1753 906 solo
1785 865 1978 907 octaedro

162 939 282 978 super
303 925 492 977 angulum
513 930 647 963 erecto
669 937 741 964 usu
761 926 883 970 venit,
917 931 962 964 ut
982 924 1219 976 quadratum
1246 923 1410 964 directis
1443 924 1637 964 lateribus
1669 925 1774 966 viam
1805 925 1978 977 aliquam

162 990 363 1026 monstret
395 983 577 1035 ampliori
610 983 771 1032 circulo,
805 997 922 1038 quam
947 989 1011 1023 est
1043 983 1155 1023 orbis
1185 983 1416 1035 inscriptus,
1449 995 1521 1035 per
1538 984 1710 1026 medium
1730 983 1975 1026 transeundi.

159 1045 204 1085 Id
237 1043 342 1096 quod
380 1042 419 1082 in
465 1043 571 1082 nullo
616 1042 694 1082 alio
740 1055 905 1096 corpore
951 1043 1299 1095 quomodocunque
1337 1043 1474 1083 voluto
1512 1056 1585 1083 usu
1623 1043 1746 1085 venit.
1809 1042 1978 1096 Semper

159 1102 262 1143 enim
295 1107 531 1142 transversa
562 1113 634 1153 per
666 1101 838 1143 medium
871 1107 913 1142 et
937 1101 1137 1154 impedita
1168 1101 1357 1142 incedent
1388 1102 1532 1142 latera.

382 1170 443 1201 1¹³·ss
463 1167 509 1196 ²⁵
828 1163 873 1202 In
907 1162 982 1201 hoc
1014 1161 1222 1201 schemate
1255 1166 1425 1213 quatuor
1467 1161 1597 1203 lineae
1642 1166 1847 1203 extremae
1885 1166 1979 1202 sunt

744 1226 915 1273 quatuor
954 1212 1309 1272 perpendiculares
1341 1219 1511 1260 totidem
1541 1221 1751 1273 planorum
1787 1219 1828 1260 in
1854 1224 1978 1260 octa-

744 1281 854 1320 edro.
905 1279 956 1328 R,
990 1280 1022 1327 I,
1052 1279 1097 1327 T,
1126 1279 1166 1319 V
1194 1283 1287 1319 sunt
1313 1291 1447 1319 eorum
1480 1279 1685 1331 planorum
1717 1283 1869 1328 centra,
1903 1278 1978 1319 de-

744 1338 1004 1379 terminantia
1030 1337 1334 1405 amplitudinem
1362 1338 1470 1379 orbis
1494 1338 1691 1391 inscripti,
1725 1339 1775 1379 de
1802 1339 1883 1392 'quo
1913 1337 1979 1378 hic

747 1399 859 1438 vides
891 1398 1082 1438 circulum
1113 1397 1341 1438 maximum.
1405 1395 1484 1443 Qui
1517 1398 1624 1439 orbis
1663 1397 1698 1438 si
1729 1397 1980 1451 intelligatur

695 1458 853 1517 ,Svolvi
886 1469 1004 1509 super
1036 1456 1192 1508 punctis
1226 1457 1277 1496 ad
1302 1456 1364 1506 X,
1398 1457 1450 1503 H,
1484 1457 1583 1497 duos
1616 1457 1783 1508 angulos
1814 1457 1978 1509 figurae,

746 1517 921 1569 reperiet
952 1517 990 1556 in
1022 1516 1056 1556 P
1089 1516 1311 1583 quadrante
1345 1529 1369 1555 a
1404 1516 1507 1567 polis
1547 1516 1803 1557 circumcirca
1833 1514 1979 1568 ampli-

746 1576 923 1616 tudinem
957 1575 1133 1628 aliquam
1177 1575 1394 1627 majorem,
1439 1588 1559 1628 quam
1602 1581 1667 1615 est
1704 1573 1763 1615 01
1805 1575 1869 1615 vel
1907 1571 1980 1614 ΟΡ

744 1635 1042 1675 semidiameter
1068 1634 1189 1682 orbis,
1221 1646 1363 1685 nempe
1386 1632 1477 1680 OQ.
1528 1634 1768 1675 Differentia
1799 1634 1884 1686 ejus
1917 1637 1981 1672 est

742 1693 829 1740 PQ.
881 1694 937 1733 Et
967 1698 1085 1733 tanta
1117 1699 1180 1733 est
1213 1693 1384 1733 latitudo
1416 1693 1573 1743 circuli,
1609 1694 1674 1747 qui
1705 1693 1812 1734 ultra
1843 1693 1978 1733 orbem

744 1765 978 1801 excurrens,
1021 1753 1150 1792 instar
1182 1751 1398 1792 horizontis
1432 1753 1601 1806 alicujus
1632 1753 1671 1792 in
1702 1753 1879 1805 sphaera
1908 1764 1978 1792 ar-

166 1813 335 1860 minari,
381 1824 452 1863 per
495 1811 669 1851 medium
713 1812 895 1852 octaedri
938 1811 1111 1851 transire
1155 1818 1304 1863 potest.
1370 1810 1408 1858 Q
1440 1812 1546 1852 enim
1577 1817 1619 1853 et
1649 1811 1679 1852 S
1717 1817 1812 1852 sunt
1846 1810 1980 1852 media

164 1877 313 1922 puncta
345 1872 510 1910 duorum
538 1870 733 1920 laterum,
767 1871 933 1923 proinde
966 1878 1008 1910 et-
1038 1870 1220 1922 proxima
1251 1870 1349 1911 orbi.

286 1928 494 1975 Quomodo
528 1930 562 1969 si
594 1930 792 1970 animatus
825 1930 985 1982 quidam
1026 1930 1190 1981 planeta
1226 1942 1299 1981 per
1335 1930 1508 1969 medium
1547 1930 1779 1970 octaedrum
1819 1940 1976 1969 currere

158 1989 393 2040 juberetur,
435 1994 476 2027 et
514 1989 680 2040 angulos
714 1989 814 2029 duos
850 2001 922 2041 pro
960 1989 1088 2040 polis,
1132 1988 1436 2040 amplitudinem
1468 1988 1650 2040 inscripti
1681 2001 1754 2040 pro
1785 1987 1978 2028 curriculo

164 2048 406 2088 observare:
452 2060 528 2087 non
562 2048 694 2088 hercle
726 2048 886 2095 mirum,
928 2048 963 2087 si
995 2047 1186 2087 invitatus
1219 2047 1289 2087 illa
1328 2047 1607 2100 amplitudine,
1652 2047 1718 2087 ubi
1756 2047 1888 2087 nullae
1920 2046 1980 2091 illi

164 2113 296 2147 metae
330 2094 542 2146 obstarent
573 2120 641 2158 pel
674 2113 801 2147 totum
828 2107 1032 2155 ambitum,
1067 2106 1316 2146 exorbitaret
1336 2106 1563 2159 aliquando,
1597 2111 1642 2146 ut
1660 2106 1870 2147 Phaethon
1898 2105 1980 2154 ille,

167 2166 383 2224 tantisper,
429 2166 518 2204 dum
552 2166 813 2218 1··epelle1etur
846 2167 896 2206 ab
929 2166 1154 2206 occumenti
1187 2166 1326 2206 latere.
1391 2164 1510 2211 Quod
1539 2177 1612 2217 per
1637 2165 1774 2232 jocum
1805 2164 1906 2214 dixi,
1939 2165 1980 2205 id

167 2225 270 2263 se1i0
304 2225 419 2276 ajunt
451 2225 624 2264 artifices
659 2227 817 2266 evenire
849 2225 1062 2265 Mercurio.
1127 2223 1228 2265 Cum
1269 2225 1372 2265 enim
1411 2225 1535 2265 ceteri
1573 2238 1710 2265 omnes
1740 2224 1781 2264 in
1813 2223 1980 2276 singulis

169 2283 482 2323 revolutionibus
521 2284 753 2324 describant
792 2285 969 2337 ejusdem
1010 2284 1283 2336 amplitudinis
1327 2284 1497 2324 circulos
1542 2285 1753 2337 (quantum
1792 2283 1899 2324 enim
1929 2282 1980 2322 ab
2008 2278 2023 2337 ,J

169 2355 243 2381 una
277 2350 392 2394 parte
428 2343 650 2391 discedunt,
684 2350 840 2384 tantum
873 2357 921 2383 ex
953 2344 1084 2384 altera
1115 2343 1204 2383 viae
1231 2349 1348 2396 parte
1373 2344 1570 2383 accedunt
1594 2344 1645 2384 ad
1666 2341 1836 2392 Solem),
1870 2343 1979 2382 solus

166 2401 388 2441 Mercurius
423 2403 472 2441 ab
506 2403 724 2443 artificibus
758 2403 939 2451 obtinuit,
975 2409 1018 2442 ut
1051 2403 1262 2454 aliquando
1294 2403 1509 2454 majorem,
1545 2402 1757 2455 aliquando
1789 2381 2028 2453 minorem-i

169 2460 357 2500 circulum
392 2461 618 2502 describere
655 2463 878 2508 diceretur,
919 2463 1035 2515 idque
1069 2462 1320 2514 privilegium
1351 2475 1500 2502 merum
1532 2461 1713 2502 haberet.
1735 2463 1771 2508 ⁸)
1831 2460 1982 2500 Dicunt
2012 2457 2028 2476 ‘'

384 2530 441 2561 Pie·
463 2529 507 2556 ²6-
772 2523 873 2561 enim
896 2522 1004 2561 illum
1025 2522 1216 2561 accedere
1239 2529 1280 2562 et
1307 2521 1494 2561 recedere
1522 2535 1547 2560 a
1572 2526 1709 2560 centro
1730 2519 1792 2560 sui
1812 2518 1919 2559 orbis
1939 2517 1976 2559 O

553 2613 559 2631 χ
625 2618 629 2620 ,
708 2579 723 2648 ’κΝ
776 2595 847 2634 per
880 2582 1022 2620 lineam
1045 2588 1198 2621 rectam
1217 2581 1303 2629 YZ,
1338 2580 1402 2620 ubi
1435 2579 1731 2620 semidiameter
1758 2577 1837 2618 OY
1860 2579 1978 2630 longe

560 2637 570 2688 ‘l
725 2671 727 2683 ι
776 2641 966 2680 minorem
993 2641 1180 2680 circulum
1208 2639 1410 2687 describit,
1432 2651 1550 2691 quam
1571 2637 1656 2678 OZ.
1695 2636 1800 2679 Nam
1820 2643 1978 2679 ceteras

194 2731 209 2756 υ
361 2696 731 2767 —v-—ssreul
777 2701 1086 2751 inaequalitates
1105 2712 1242 2739 omnes
1263 2711 1348 2738 cum
1370 2697 1460 2737 aliis
1482 2697 1703 2749 aequaliter
1717 2696 1884 2737 sortitus
1896 2700 1975 2744 est,

547 2771 567 2851 f
685 2745 728 2926 y
777 2760 1002 2811 nullamque
1023 2759 1200 2798 cumbae
1215 2757 1506 2797 exorbitatione
1524 2756 1795 2796 commutavit.
1821 2755 1978 2796 Etcum

776 2824 996 2858 ceterorum
1020 2822 1312 2857 eccentrotetes
1333 2828 1483 2864 omnes,
1517 2816 1552 2854 si
1584 2827 1660 2854 non
1693 2814 1978 2866 proportiona-

775 2878 880 2925 liter,
897 2877 954 2916 sic
968 2882 1101 2916 tamen
1118 2877 1362 2923 decrescant,
1380 2880 1424 2914 ut
1436 2874 1598 2914 minoris
1613 2885 1771 2926 semper
1784 2873 1911 2913 minor
1923 2873 1978 2913 sit

166 2939 470 2978 eccentricitas:
513 2939 620 2978 solus
653 2937 875 2978 Mercurius
908 2936 1121 2976 immanem
1153 2935 1288 2982 habet,
1307 2933 1345 2982 b)
1378 2946 1518 2985 nempe
1551 2932 1759 2985 decuplum
1789 2931 1974 2981 Veneris,

166 3009 253 3036 cum
292 2997 367 3048 ipsi
405 3003 448 3035 ut
491 2998 668 3037 inferiori
707 2997 834 3037 minus
880 2995 1002 3034 etiam
1041 2995 1264 3034 deberetur.
1335 2992 1470 3039 Quare
1503 2992 1578 3031 etsi
1611 2991 1720 3031 illam
1751 2990 1975 3044 inaequali-

166 3060 293 3094 tatem
323 3055 522 3106 privatam
555 3057 729 3096 nondum
767 3067 854 3094 cum
899 3054 974 3093 hac
1013 3053 1148 3094 circuli
1187 3053 1236 3092 ab
1276 3053 1370 3092 orbe
1409 3051 1635 3092 differentia
1666 3049 1974 3098 conciliaverim‚

166 3126 238 3154 nec
273 3126 320 3153 ea
352 3114 525 3154 fortasse
560 3114 763 3155 conciliari
796 3113 939 3166 possit,
972 3118 1016 3153 ut
1046 3112 1207 3166 prodita
1238 3116 1302 3152 est
1333 3111 1384 3152 ab
1411 3110 1642 3160 artificibus,
1676 3110 1728 3150 ad
1759 3108 1972 3151 amussim:
