1982 3268
186 79 245 126 44
976 70 1193 113 Prooemium.

181 190 312 233 prodita
337 193 398 225 est.
421 188 500 222 licet
525 187 709 241 discrimine
734 197 800 219 non
825 188 938 231 magni
962 188 1137 225 momenti,
1164 196 1312 231 apogaeo
1337 189 1407 229 ejus
1432 183 1474 219 5⁰
1498 186 1669 231 Coperniei
1692 188 1848 220 terminos
1872 163 1982 220 antici·

182 243 295 280 pante.
345 236 432 276 Quin
458 240 493 269 et
518 237 602 268 orbis
629 245 758 268 annuus
776 236 877 276 juxta
902 235 1140 291 Copernicum,
1179 241 1238 268 aut
1262 235 1426 276 epicyclus
1451 235 1630 268 secundum
1653 235 1899 271 Ptolemaeum,
1924 244 1982 267 non

182 285 309 318 videtur
334 285 480 326 ejusdem
505 294 633 326 semper
656 282 909 324 magnitudinis,
937 283 1044 325 quoad
1069 284 1174 324 ipsum
1199 283 1420 316 eccentricum
1446 283 1621 316 collatione
1645 283 1759 320 facta·
1785 282 1844 315 sed
1868 282 1982 314 altera-

180 334 303 365 tionem
327 332 506 365 introducit
530 332 564 363 in
589 331 736 363 omnibus
760 331 862 362 tribus
896 331 1112 372 superioribus
1146 330 1354 368 sensibilem
1393 330 1498 368 aden,
1535 334 1572 363 ut
1606 331 1746 374 angulus
1783 329 1982 363 differentiae

180 381 215 413 ιιι
239 378 347 412 Marte
374 381 416 413 ad
445 379 483 410 1υ
507 377 564 411 40’
592 382 770 412 excrescat.
822 377 991 418 Quomodo
1016 379 1100 424 haec
1127 388 1201 411 cum
1225 383 1286 411 tua
1309 379 1532 420 speculatione
1557 378 1766 411 concilianda
1789 378 1878 415 sint,
1917 380 1982 409 tute

179 429 299 461 videris
325 425 382 468 (f).
431 427 571 461 Veneris
597 426 826 459 ecceutricitas
851 426 952 458 multo
977 427 1081 458 minor
1104 431 1175 462 est.
1200 436 1299 469 quam
1323 427 1440 458 statuit
1464 426 1515 459 vel
1539 425 1766 463 Ptolemaeus,
1791 425 1843 458 vel
1869 423 1982 467 coper-

179 477 273 509 nicus
299 474 370 519 (gb
409 480 443 508 et
468 485 650 517 apogaeum
675 475 744 514 ejus
769 484 833 505 non
860 478 910 506 est
934 474 968 506 in
993 475 1068 506 orbe
1093 474 1219 506 sidereo
1244 474 1363 514 fixum,
1401 475 1449 506 uti
1481 474 1535 507 hic
1572 473 1696 511 voluit,
1734 473 1792 507 sed
1824 473 1921 505 initia
1944 476 1982 511 Q

169 534 266 556 ›nunc
291 524 421 566 attigit;
458 533 521 555 nec
545 528 658 555 tamen
683 521 788 569 Solari
815 520 915 564 (quod
938 522 972 553 in
996 521 1103 554 medio
1128 522 1212 554 sexti
1237 522 1357 565 gradus
1382 520 1532 562 haeret),
1569 522 1618 554 uti
1642 522 1755 554 volunt
1777 520 1982 563 Alphonsini,

178 571 276 613 plane
302 573 439 603 unitum.

272 619 365 651 Haec
391 622 425 651 et
448 617 586 653 similia,
622 627 756 658 quorum
780 617 876 658 plura
900 626 957 649 suo
981 620 1126 659 tempore
1151 617 1306 657 habebis,
1333 620 1411 650 tuae
1437 617 1518 650 alias
1546 617 1727 650 industriae
1755 615 1982 658 excogitatiom‘

177 666 354 708 applicata,
380 676 463 705 eam,
491 675 534 698 an
559 665 775 706 undequaque
801 665 861 697 rite
888 668 1025 702 constet,
1049 665 1243 706 probabunt.
1295 665 1365 708 Ego
1393 675 1522 698 omnem
1541 665 1665 698 orbium
1683 664 1881 700 realitatem,
1907 673 1982 705 quo-

175 714 399 757 modocunque
423 714 557 746 tandem
583 716 811 748 assumantur,
849 712 939 744 coelo
965 713 1200 746 eliminandam
1223 722 1343 746 censeo
1370 711 1442 752 (h),
1479 713 1566 756 quod
1598 722 1651 745 me
1689 722 1801 745 omnes
1838 714 1982 744 cometae

174 773 209 794 re
235 772 312 795 vera
336 762 493 798 aetherei,
519 760 595 792 inde
622 770 643 792 a
667 769 753 791 nova
777 759 874 792 stella
899 769 931 792 a.
960 759 1050 791 1572
1076 761 1254 802 conspecti,
1280 761 1332 802 qui
1358 761 1476 793 nullius
1503 761 1587 793 orbis
1603 761 1694 803 leges
1712 759 1862 792 totaliter
1879 759 1982 792 secuti

175 814 262 846 sunt,
288 810 420 851 quidam
445 818 519 841 vero
545 808 744 841 contrarium
768 808 844 850 quid
868 817 948 849 prae
973 818 1008 840 se
1033 809 1195 845 ferebant,
1221 808 1447 841 indubitanter
1472 808 1694 846 edocuerunt;
1733 811 1771 840 nt
1795 807 1836 840 de
1861 807 1982 839 refrac-

175 858 315 889 tionibus
339 858 460 889 frustra
483 855 706 897 multiplicatis
733 865 772 887 ex
797 856 921 887 orbium
945 856 1119 888 solidorum
1145 857 1240 898 copia
1263 856 1344 887 nihil
1370 856 1599 898 superaddam.
1649 856 1722 889 Nec
1746 855 1867 897 poterit
1883 855 1982 888 Terra

175 914 284 937 annuo
310 906 387 937 cieri
411 908 513 940 motu,
538 908 576 935 ut
601 903 640 935 de
665 903 889 934 librationibus
916 904 1026 935 otiosis
1057 901 1178 945 (neque
1204 905 1291 936 enim
1315 904 1391 936 talis
1417 908 1467 936 est
1492 905 1769 946 aequinoctiorum
1787 902 1982 945 praecessio,

173 956 211 984 ut
237 953 432 994 opinabatur
458 948 683 993 Copernicus),
710 954 841 983 taceam
868 949 933 991 (i):
959 955 1034 983 utut
1059 951 1190 983 diurnus
1216 951 1432 993 plausibiliter
1457 952 1497 984 ob
1523 952 1680 984 minorem
1697 961 1812 994 gyrum
1828 950 1873 982 illi
1892 951 1982 983 attri-

173 998 228 1032 bui
253 1003 371 1042 queat,
406 1000 500 1032 modo
531 1003 602 1031 tam
626 998 716 1041 gravi
742 1002 776 1031 et
801 1007 903 1040 opaco
931 1000 1053 1041 corpori
1080 1000 1108 1031 is
1135 1003 1358 1041 competeret,
1398 1000 1499 1042 quieti
1523 1000 1652 1041 potius,
1679 1008 1778 1042 quam
1801 999 1904 1031 motui
1929 1007 1982 1031 ac-

174 1048 342 1080 commodo
370 1045 433 1088 (k).
1693 1079 1698 1083 ,

268 1094 397 1135 Quare
434 1099 472 1128 ut
494 1094 652 1128 tollantur
677 1093 837 1135 epicycli‚
875 1094 927 1126 vix
963 1094 1031 1127 alia
1066 1095 1286 1127 commodiore
1311 1096 1439 1127 ratione
1462 1094 1659 1137 hypotheses
1685 1094 1827 1128 ordinari
1851 1097 1982 1135 queunt,

172 1152 271 1198 quam
295 1147 332 1175 ut
357 1144 444 1176 circa
469 1142 578 1176 Solem
602 1141 754 1174 mobilem
778 1142 844 1174 sint
869 1145 985 1174 centra
1011 1143 1206 1175 circuituum
1232 1143 1373 1185 quinque
1397 1143 1618 1185 planetarum,
1644 1143 1834 1197 quiescente
1858 1142 1982 1180 Terra,

173 1195 207 1223 et
231 1191 319 1223 circa
342 1191 430 1224 hanc
455 1191 607 1223 revolutis
631 1190 844 1222 luminaribus
871 1194 906 1221 et
929 1193 1002 1222 tota
1027 1195 1146 1223 octava
1172 1188 1235 1246 (uti
1260 1187 1395 1230 vocant)
1422 1190 1573 1233 sphaera,
1599 1199 1674 1223 eam
1698 1190 1799 1223 etiam
1822 1190 1856 1222 in
1880 1189 1982 1222 medi

172 1238 264 1271 tullio
289 1240 494 1280 respiciente,
520 1239 615 1282 eujus
641 1238 812 1270 abscessus
834 1238 930 1278 J‘uxta
955 1237 1168 1280 Gopernicum
1193 1239 1227 1270 in
1252 1238 1446 1279 immensum
1469 1247 1555 1282 pene
1580 1239 1684 1276 abit,
1694 1239 1826 1280 eiusque
1850 1231 1982 1279 positio-

171 1296 247 1318 nem
271 1286 322 1318 vel
346 1286 408 1319 hoc
435 1287 503 1318 solo
529 1285 668 1318 absurdo
695 1281 737 1325 (l)
763 1284 937 1328 infringit.
973 1283 1044 1318 Nec
1071 1287 1173 1319 etiam
1199 1290 1260 1318 tua
1285 1286 1434 1327 cogitata
1457 1285 1510 1319 hic
1533 1285 1634 1318 ullam
1659 1295 1732 1318 cum
1760 1286 1878 1317 ceteris
1894 1295 1982 1326 sym-

170 1335 321 1366 metriam
347 1333 457 1376 (prout
482 1333 577 1365 simul
602 1333 673 1365 fieri
698 1331 826 1372 debuit)
853 1332 1041 1365 admittunt.
1092 1333 1229 1375 Oportet
1263 1337 1374 1366 autem
1408 1334 1442 1366 in
1466 1343 1502 1366 re
1526 1334 1610 1366 bene
1633 1333 1879 1375 proportionata
1901 1331 1982 1373 nihil

170 1381 240 1413 dari
258 1382 592 1424 improportionatum
619 1381 703 1413 alias
729 1384 802 1412 tota
826 1381 1018 1428 symmetria
1043 1381 1250 1414 confunditur
1275 1386 1308 1413 et
1332 1385 1488 1423 suspecta
1512 1381 1633 1419 evadit,
1657 1381 1851 1423 praesertim
1866 1381 1902 1413 in
1917 1379 1982 1415 ιιοοι

169 1428 264 1467 loco,
289 1431 344 1461 ubi
370 1435 440 1462 tam
464 1439 621 1471 maguum
646 1432 746 1470 atque
772 1428 903 1461 evidens
928 1429 1090 1471 ingeritur
1115 1429 1329 1462 obstaculum.
1976 1457 1982 1470 ,

263 1476 358 1510 Haec
384 1481 418 1509 et
443 1477 522 1514 alia,
548 1485 632 1518 quae
658 1475 790 1518 singula
815 1486 1068 1509 commemorare
1093 1487 1180 1509 nunc
1209 1486 1276 1508 non
1301 1480 1420 1514 vacat,
1444 1485 1497 1509 me
1522 1476 1611 1509 circa
1632 1479 1727 1508 tuam
1749 1475 1959 1508 inventione
1980 1476 1982 1479 ⁴

170 1524 252 1558 alias
278 1525 534 1560 solertissimam,
562 1525 681 1566 optime
707 1523 864 1565 Keplere‚
891 1523 1024 1556 dubium
1049 1524 1200 1557 reddunt.
1250 1523 1386 1556 Interim
1410 1534 1476 1556 non
1499 1517 1631 1566 possum
1655 1533 1721 1556 non
1747 1527 1884 1555 conatus
1908 1526 1958 1556 tu·

171 1668 339 1709 applicare
364 1669 467 1710 possis
483 1691 492 1704 ,
518 1677 593 1699 cum
616 1676 700 1707 pene
726 1667 836 1698 omnia
860 1667 899 1697 iis
923 1667 1049 1707 pariter
1075 1668 1282 1699 conveniant.
1331 1666 1447 1707 Neque
1472 1667 1513 1698 ob
1537 1667 1569 1698 id
1595 1676 1673 1708 opus
1698 1669 1770 1702 est,
1797 1669 1834 1698 ut
1857 1666 1939 1697 orbi·

171 1719 338 1747 statuatur
363 1724 538 1757 compages
564 1714 690 1751 solida;
723 1713 845 1746 sufficit
860 1738 869 1753 ‚
895 1714 1048 1746 circuitus
1074 1718 1107 1746 et
1131 1715 1327 1747 remotiones
1353 1714 1493 1746 siderum
1517 1714 1603 1746 inter
1627 1723 1662 1746 se
1685 1713 1788 1746 talem
1812 1714 1950 1746 concinn

172 1766 277 1795 tatem
303 1768 401 1804 atque
426 1762 631 1794 harmoniam
656 1762 836 1794 observare.
886 1760 956 1794 Nec
985 1762 1226 1802 praetereunda
1251 1766 1302 1794 est
1326 1760 1379 1801 (n)
1405 1766 1524 1794 octava.
1547 1761 1708 1803 sphaera,
1746 1761 1823 1803 quin
1858 1761 1893 1792 in
1915 1760 1958 1793 ho

174 1810 270 1842 choro
295 1809 611 1852 proportionabiliter
635 1809 742 1841 locum
767 1809 909 1851 aliquem
935 1810 1091 1842 obtineat.
1142 1809 1274 1842 Nullum
1301 1810 1387 1841 enim
1412 1813 1462 1841 est
1486 1809 1629 1850 dubium,
1652 1810 1686 1841 iu
1702 1809 1851 1840 universo
1868 1808 1952 1840 omn·

174 1862 266 1890 certa
289 1858 461 1890 harmonia
486 1861 520 1889 et
545 1858 749 1899 proportione
775 1856 818 1888 ad
842 1857 983 1889 invicem
1009 1857 1160 1889 divinitus
1186 1857 1293 1889 relata
1318 1861 1352 1889 et
1376 1857 1528 1890 ordinata
1552 1866 1647 1896 esse,
1683 1857 1732 1889 ita
1761 1859 1799 1888 ut
1821 1859 1892 1888 tam
1915 1865 1962 1888 nu

171 1906 268 1937 meris
300 1915 398 1947 quam
422 1905 535 1948 figuris
560 1905 727 1942 succincte
756 1904 1092 1955 comprehendantur
1132 1905 1241 1949 veluti
1255 1914 1279 1950 a
1282 1904 1551 1953 Pythagoraeis
1565 1909 1599 1947 et
1621 1898 1843 1951 Platonicis
1812 1902 1958 1958 Ja'riijd
1923 1912 1960 1936 ·u

173 1953 250 1985 dum
276 1953 484 1999 aliquatenus
507 1953 713 1997 praevisum
719 1955 781 1996 est.
831 1951 892 1983 His
917 1952 1028 1993 itaque
1046 1946 1186 1984 ulterlus
1211 1946 1335 1994 ingenii
1358 1962 1473 1984 nervos
1496 1943 1637 1994 applica,
1646 1943 1761 1983 ‘ossi‘
1757 1937 1958 1983 o—mnimod

174 1997 444 2037 consonantiam,
470 2009 555 2042 quae
579 2000 671 2031 nulla
695 2009 735 2032 ex
758 2003 852 2041 parte
878 1999 1060 2035 claudicet,
1088 2003 1122 2031 et
1145 2000 1179 2031 in
1204 2009 1269 2054 qua
1294 1999 1373 2031 nihil
1399 2000 1499 2032 etiam
1522 1999 1735 2036 desideretur,
1761 1997 1965 2030 adinveneri

174 2049 237 2080 eris
261 2048 339 2080 mihi
362 2058 502 2090 magnus
528 2047 654 2088 Apollo.
705 2046 873 2085 Quantum
910 2057 970 2089 ego
1008 2048 1073 2078 tuis
1108 2046 1173 2078 hac
1210 2048 1243 2078 in
1268 2056 1303 2078 re
1329 2047 1438 2079 arduis
1463 2047 1634 2079 conatibus
1659 2046 1829 2078 subvenire
1853 2049 1928 2087 pote
1952 2059 1957 2072 ι

171 2106 223 2127 me
249 2096 438 2137 neutiquam
461 2095 597 2127 habebis
622 2093 808 2130 difficilem3
841 2094 1033 2135 praesertim
1058 2095 1085 2126 si
1109 2104 1160 2126 me
1186 2104 1273 2126 nunc
1299 2095 1332 2126 in
1359 2094 1536 2126 Germania
1564 2094 1740 2136 degentem
1766 2097 1800 2125 et
1825 2103 1843 2124 e
1867 2092 1963 2135 patri

112 2143 114 2145 ’
171 2143 234 2175 huc
261 2153 334 2175 cum
358 2144 511 2174 universa
534 2142 680 2177 familia,
716 2151 757 2173 ne
782 2146 870 2173 totus
894 2142 949 2173 ille
974 2142 1094 2183 periret
1117 2141 1290 2173 thesaurus
1316 2143 1573 2179 astronomicus,
1598 2145 1648 2173 tot
1672 2141 1788 2178 annis,
1812 2140 1949 2173 laborib

173 2195 206 2223 et
230 2191 387 2222 sumtibus
413 2193 639 2231 comparatus,
676 2189 857 2231 profectum
893 2189 1067 2231 aliquando
1094 2190 1241 2222 inviseris
1267 2193 1301 2222 et
1324 2199 1453 2222 mecum
1477 2199 1587 2222 coram
1612 2188 1653 2221 de
1678 2188 1875 2230 ejuscemodi
1898 2187 1957 2221 sub
1979 2211 1982 2216 ¹

171 2238 298 2270 limibus
325 2239 419 2270 rebus
441 2237 586 2279 jucunde
612 2241 645 2269 et
670 2241 764 2279 grate
790 2236 975 2269 contuleris.
1947 2262 1958 2271 .

120 2312 133 2327 μ’
266 2285 361 2318 Vale.
412 2285 588 2317 Dabantur
612 2284 851 2326 Wandesburgi
876 2285 910 2316 in
938 2294 1013 2317 arce
1040 2284 1268 2322 Ranzoviana,
1293 2284 1428 2316 semisse
1452 2283 1677 2316 tantummodo
1701 2282 1845 2315 milliaris
1868 2281 1913 2315 Β
1933 2298 1948 2309 ιι

170 2334 272 2376 burgo
304 2338 454 2368 remota,
491 2342 589 2373 quam
619 2341 706 2363 nunc
737 2332 883 2364 inhabito
898 2355 906 2368 ,
933 2335 966 2363 et
998 2332 1167 2364 translatis
1191 2332 1256 2363 huc
1281 2342 1299 2364 e
1324 2331 1437 2364 Dania
1460 2331 1619 2364 machinis
1643 2331 1724 2364 meis
1749 2330 1924 2363 astronomi

171 2384 306 2423 totaque
331 2380 533 2422 supellectile
557 2379 690 2411 libraria
714 2380 808 2411 rebus
834 2379 1027 2412 coelestibus
1052 2390 1118 2411 non
1142 2380 1249 2411 minus
1275 2389 1373 2422 quam
1398 2383 1500 2412 antea
1523 2379 1667 2421 invigilo,
1693 2381 1728 2410 et
1743 2377 1865 2411 Divina
1893 2387 1932 2421 gr

171 2429 221 2460 tia
245 2429 310 2460 otio
334 2429 422 2460 fruor
445 2427 664 2469 philosophico
685 2424 742 2465 ¹³).

265 2475 308 2507 D.
337 2475 368 2507 1.
395 2477 473 2517 Apr.
501 2479 542 2506 st.
567 2479 634 2506 vet.
660 2472 762 2506 1598.

264 2523 487 2565 Postscripta‚
526 2531 610 2564 quae
636 2522 675 2553 de
701 2522 804 2554 Urso
840 2525 964 2564 agunt,
1002 2521 1055 2554 hic
1081 2522 1266 2559 omisimus,
1304 2520 1490 2555 differentes
1515 2520 1558 2553 ad
1581 2518 1717 2562 Kepleri
1739 2519 1950 2552 refutation

172 2570 256 2611 Ursi,
284 2581 382 2613 quam
408 2570 590 2603 addidimus
613 2569 787 2602 Prodromo
814 2579 831 2601 e
856 2569 1085 2611 manuscriptis
1109 2568 1361 2611 Petropolitanis
1387 2569 1578 2601 desumtam.

264 2619 303 2651 In
329 2619 466 2660 epistola
490 2617 522 2650 d.
551 2616 606 2648 21.
632 2617 709 2658 Apr.
738 2614 828 2647 1598
854 2617 896 2649 ad
919 2616 1131 2649 Maestlinum
1156 2617 1237 2649 data
1260 2616 1370 2657 Tycho
1395 2616 1436 2648 de
1465 2625 1560 2657 opere
1577 2614 1712 2658 Kepleri
1729 2618 1763 2648 et
1786 2615 1826 2648 de
1842 2613 1947 2647 Mae·

171 2666 227 2698 lini
248 2667 381 2707 Judicio,
408 2666 493 2708 quod
516 2665 555 2697 de
583 2665 683 2706 ipsius
708 2664 820 2696 muudi
846 2665 973 2696 ratione
1000 2662 1048 2705 (in
1074 2665 1277 2706 praefatione
1295 2664 1338 2696 ad
1357 2662 1531 2702 „Rhaetici
1546 2662 1786 2696 narrationem“
1811 2671 1889 2705 pag.
1908 2660 1949 2708 23

171 2713 267 2751 fecit,
294 2723 455 2757 quamque
482 2713 665 2755 inscripsit:

662 2758 895 2800 Clarissimo
927 2765 967 2799 et
997 2758 1350 2799 Praestantissimo
1382 2758 1481 2797 Viro

820 2817 988 2858 Domino
1019 2818 1076 2858 M.
1109 2817 1325 2858 Maestlino

174 2876 480 2911 Mathematicarum
506 2878 623 2910 artium
647 2878 818 2921 insigniter
847 2878 966 2919 perito,
1002 2877 1241 2918 earundemque
1269 2876 1303 2907 in
1327 2875 1452 2916 inclyta
1476 2875 1647 2909 academia
1670 2875 1869 2920 Tubingensi
1892 2886 1913 2919 p

57 2951 164 2973 df„-
664 2926 776 2958 sessori
802 2925 1026 2961 celeberrime,
1051 2925 1128 2956 mihi
1152 2924 1323 2966 plurimum
1347 2923 1475 2955 dilecto.

0 2971 55 2984 κ’
172 2971 255 3003 haec
279 2971 399 3011 profert
417 2983 425 3002 :

265 3052 379 3083 Annus
400 3054 469 3092 jam
495 3053 603 3094 agitur
627 3053 791 3092 decimus,
823 3055 1038 3087 eruditissime
1064 3057 1098 3086 et
1121 3052 1398 3095 praestantissime
1422 3050 1616 3089 Maestlino,
1641 3063 1682 3086 ex
1704 3061 1766 3096 quo
1790 3039 1938 3096 quidamf

173 3099 253 3132 meis
278 3098 475 3136 domesticis,
501 3100 555 3142 qui
573 3100 770 3143 aliquamdiu
788 3102 865 3134 mihi
881 3103 915 3134 in
939 3102 1034 3134 rebus
1060 3099 1282 3134 astronomicis
1306 3100 1506 3137 inservierat,
1533 3101 1713 3144 exemplum
1736 3104 1866 3135 tuarum
1887 3101 1925 3134 lifv

1630 3170 1654 3175 ,ι
1672 3150 1690 3170 1³
1932 3154 1936 3166 =

1127 3196 1132 3238 l
