2028 3242
140 109 226 152 212
747 107 786 139 In
811 106 1007 147 Mysten-ium
1034 104 1345 149 Gosmog‘raphicum

136 219 357 257 cerneretur,
388 217 563 261 quantum
593 213 823 261 proportioni
852 215 1009 255 deesset,
1040 224 1111 259 quo
1138 211 1255 247 minus
1283 212 1455 258 praecisa
1482 213 1531 249 sit
1557 213 1654 249 inter
1681 215 1770 250 duos
1806 214 1954 261 propin-

136 281 225 316 quos
254 279 435 304 numeros.
492 269 562 303 Est
591 272 716 303 autem
745 271 783 302 et
810 267 935 302 infima
963 266 1064 310 linea
1092 265 1181 301 vitio
1210 265 1484 313 typographico
1518 278 1713 313 perversus
1743 269 1839 304 ordo.
1896 267 1956 303 Sic

135 323 230 359 enim
251 322 469 369 jungendae
498 321 643 357 lineae:
691 321 751 357 Sic
781 320 853 356 741
886 321 931 355 ad
961 320 1038 355 429
1067 332 1105 367 g.

264 405 267 406 γ
774 374 846 409 741
878 374 904 408 h
932 373 1133 419 proximus.
1850 415 1853 419 ,

135 431 287 466 Inversa
314 427 410 463 enim
437 428 581 464 ratione
611 427 662 463 sic
690 423 1020 474 pronunciaveram
1047 426 1085 461 in
1111 427 1248 474 regula
1275 426 1392 462 detri:
1423 426 1453 462 si
1475 425 1550 462 577
1572 426 1714 462 faciunt
1735 426 1847 470 1000,
1876 430 1954 464 tum

135 483 211 518 429
241 482 379 518 facient
411 480 497 517 741.

232 546 327 585 Quae
342 545 480 586 Kepleri
505 545 693 587 explicatio,
721 553 819 585 quam
845 544 1060 577 desumsimus
1087 553 1105 576 e
1130 543 1234 576 literis
1260 543 1291 575 d.
1311 543 1342 576 d.
1363 540 1395 575 9.
1414 544 1494 586 Apr.
1514 541 1558 575 97
1585 541 1676 585 (vide
1699 543 1803 586 praef.
1828 553 1860 586 p.
1881 540 1954 584 31),

137 604 211 626 cum
235 603 305 625 rem
329 602 445 634 parum
470 593 695 625 dilucidiorem
718 590 839 631 faciat,
868 592 953 624 haec
980 591 1136 623 addenda
1161 598 1356 623 censemus:

227 640 365 673 Numeri
391 640 563 672 columnae
588 639 605 671 I
629 641 741 671 insunt
764 639 899 672 tabulae
923 649 955 681 p.
987 637 1052 671 156
1079 638 1147 671 ord.
1174 637 1207 670 11
1232 636 1353 680 (comp.
1381 643 1494 672 annot.
1522 637 1602 679 59),
1633 638 1783 681 'exceptis
1811 638 1955 671 numeris

135 685 189 732 ὅ,
217 698 295 730 quos
322 688 480 720 desumsit
506 697 546 719 ex
571 687 639 719 ord.
665 686 725 718 IV.

230 734 359 768 Ordinis
385 734 418 766 II
451 732 559 775 (9163
587 731 683 774 &c.),
715 733 863 775 inscripti
892 732 1098 771 „Motoriae“
1133 731 1196 774 (sc.
1223 730 1420 772 distantiae)
1453 732 1579 764 numeri
1613 731 1677 766 hac
1710 733 1840 765 ratione
1866 741 1953 765 com—

132 787 308 825 putantur:
346 782 490 814 medium
525 781 767 814 arithmeticum
800 782 886 812 inter
916 783 1024 812 motus
1056 780 1238 822 periodicos
1269 780 1418 812 binomm
1449 780 1631 812 vicinorum
1661 780 1871 822 planetarum
1904 783 1955 813 est

132 831 213 863 hoc:
250 826 396 869 7545‚9;
433 826 584 866 2509,8;
619 826 792 866 526,117;
827 825 1001 867 294,975;
1039 825 1191 866 156,333
1227 825 1349 870 (comp.
1377 831 1492 860 annot.
1521 824 1582 868 60)
1617 831 1726 860 motus
1750 827 1953 870 periodicas:

133 876 283 918 4332,6;
311 874 461 914 686,98;
489 874 638 914 365,25;
666 872 791 913 224,7;
818 872 958 915 87,966.

397 922 432 963 1)
484 922 663 961 294,975;
707 921 811 962 224,7
877 919 1051 954 :10002
1108 932 1130 955 x
1174 934 1183 961 ;
1208 933 1282 955 x=
1323 921 1412 958 762,
1438 921 1599 955 distantia.
1624 916 1669 965 Ω.

397 969 434 1011 2)
487 968 665 1008 156,333;
733 967 863 1007 87,966
881 981 917 985 -
959 967 1053 1000 762:
1111 979 1133 1001 x
1178 981 1185 1001 :
1210 981 1232 1003 x
1249 981 1285 996 =
1325 968 1413 1007 429,
1513 994 1530 1009 ,‚
1631 965 1670 1011 Q.

397 1016 434 1058 3)
484 1016 636 1056 526,117
656 1025 664 1050 :
707 1015 837 1055 365,25
963 1027 984 1049 x
1043 1028 1051 1048 :
1073 1015 1184 1055 100ος
1211 1029 1284 1050 x=
1304 1015 1413 1055 1440,
1512 1041 1529 1056 „
1614 1015 1670 1060 ,6.

396 1064 434 1105 4)
462 1063 591 1105 2509,8
658 1076 665 1097 :
709 1062 840 1102 686‚98
963 1075 999 1096 x·
1044 1062 1184 1103 :14403
1209 1076 1283 1097 x=
1301 1063 1411 1102 5261,
1512 1087 1528 1104 „
1627 1063 1669 1104 ᾋ.

396 1111 432 1152 5)
460 1110 590 1150 7545‚9
658 1123 666 1143 ε
686 1110 815 1150 4332,6
964 1122 985 1144 x
1044 1123 1051 1143 ι
1071 1110 1159 1146 5261
1177 1124 1194 1150 3-
1210 1123 1231 1145 x
1247 1124 1284 1138 =
1302 1110 1413 1153 9¹63,
1513 1135 1530 1150 „
1637 1111 1670 1152 lj.

230 1160 409 1192 Distantiis
437 1161 624 1198 „motoriis‘⁴
653 1161 701 1192 sic
729 1160 927 1201 computatis
952 1160 1055 1191 utitur
1071 1159 1236 1202 Keplerus
1257 1162 1291 1192 in
1307 1159 1567 1202 proportionibus
1585 1157 1769 1200 adscriptis,
1794 1157 1954 1191 adhibens

135 1208 256 1240 Terrae
280 1208 425 1240 mediam
449 1209 664 1240 remotionem
691 1218 725 1233 =
753 1205 845 1239 1000
871 1211 904 1240 et
930 1207 1192 1240 semidiametros
1217 1207 1433 1250 sphaerarum
1465 1206 1669 1250 regularibus
1694 1205 1879 1248 corporibus
1902 1206 1952 1238 in-

133 1257 327 1297 scriptamm
353 1253 441 1296 (cap.
474 1253 553 1295 13);
581 1265 744 1292 numeros,
772 1264 851 1297 quos
879 1255 1025 1287 calculus
1050 1255 1159 1296 prodit
1184 1253 1306 1295 (5290,
1335 1252 1438 1293 1666,
1467 1252 1571 1292 1107,
1599 1251 1666 1285 762
1692 1258 1727 1287 et
1751 1251 1838 1293 429)
1865 1263 1952 1286 com-

132 1307 230 1344 parat
256 1313 330 1335 cum
355 1302 520 1334 distantiis
546 1303 640 1344 primi
665 1303 717 1334 vel
743 1302 880 1334 secundi
906 1302 1027 1334 ordinis
1052 1302 1127 1340 illis,
1154 1312 1241 1345 quae
1266 1303 1410 1345 proxime
1437 1303 1479 1335 ad
1505 1303 1577 1334 illos
1604 1301 1779 1340 accedunt,
1804 1300 1835 1341 (ΣΙ.
1861 1298 1950 1334 5261

133 1351 188 1390 (ex
206 1351 318 1383 ordine
335 1347 395 1390 11),
426 1347 516 1381 1648
543 1348 594 1390 ((3ι
613 1359 741 1382 summa
759 1348 864 1390 dist.)‚
894 1348 992 1381 1102>
1011 1348 1145 1388 (eadem
1163 1347 1225 1394 ὃ),
1254 1348 1324 1382 762
1351 1348 1409 1391 (ex
1431 1350 1543 1383 ordine
1562 1349 1597 1382 ΙΙ
1623 1344 1686 1392 Ω).
1713 1347 1778 1382 741
1809 1347 1955 1391 (summa.

133 1398 206 1430 dist.
235 1392 279 1440 Ω.
326 1397 412 1429 Vide
436 1398 536 1439 ipsius
562 1398 699 1440 Kepleri
725 1399 962 1429 correctionem
987 1406 1086 1438 supra
1111 1398 1267 1436 allatam,
1303 1398 1356 1431 cui
1380 1398 1469 1431 hanc
1493 1407 1554 1430 nos
1579 1397 1747 1438 addimus,
1779 1405 1857 1440 pag.
1885 1393 1955 1428 180

132 1455 189 1487 pro
215 1446 308 1488 signo
335 1439 367 1487 Ω
394 1445 476 1477 falso
502 1447 644 1486 positum
669 1455 740 1478 esse
766 1446 896 1488 signum
922 1441 983 1488 ὃ).
1786 1455 1794 1460 ”

880 1123 916 1138 ΙΙ
879 1075 916 1090 ΙΙ
880 991 917 1043 ΙΙΙ

228 1548 289 1591 62)
315 1560 347 1593 p.
377 1549 454 1584 183.
492 1550 599 1587 ,Haec
625 1561 692 1583 non
716 1552 849 1594 integra
871 1551 1009 1593 Kepleri
1034 1551 1134 1584 verba
1158 1555 1254 1589 sunt,
1281 1551 1451 1589 omnibus,
1483 1559 1571 1593 quae
1594 1550 1780 1584 referuntur
1808 1545 1867 1588 „.‘.
1882 1570 1890 1580 .
1917 1553 1952 1582 et

133 1607 229 1640 super
266 1602 379 1630 centro
410 1598 442 1630 D
482 1597 659 1636 curreret“‚
690 1599 755 1638 huc
791 1608 894 1641 usque
932 1608 954 1631 a
977 1598 1155 1632 Maestlino
1181 1600 1330 1631 mutatiS.
1380 1599 1434 1631 De
1466 1597 1531 1631 hac
1566 1598 1798 1631 emendatione
1822 1595 1949 1629 Maest-

133 1646 217 1677 linus
253 1643 302 1686 (in
331 1646 433 1678 literis
466 1646 495 1678 d.
524 1646 554 1678 d.
584 1643 638 1677 19.
666 1645 767 1678 Mart.
803 1644 859 1677 97.
911 1646 1023 1688 Comp.
1063 1650 1175 1678 annot.
1217 1644 1290 1686 61.)
1324 1647 1409 1680 haec
1447 1645 1538 1678 dedit
1567 1645 1734 1688 Keplero:
1771 1644 1824 1678 De
1855 1643 1949 1678 sche-

132 1698 222 1724 mate
248 1691 325 1733 (27)
358 1694 498 1725 scribere
530 1696 667 1734 oportet.
717 1693 833 1725 Monui
868 1698 919 1731 te,
951 1704 1005 1726 me
1038 1694 1072 1725 in
1105 1704 1143 1726 eo
1177 1695 1311 1736 ejusque
1342 1698 1438 1726 textu
1472 1693 1632 1726 nonnulla
1667 1693 1862 1731 correxisse,
1898 1693 1949 1724 in-

133 1741 260 1782 primis.
295 1741 381 1783 quod
407 1741 495 1782 apud
521 1740 737 1782 Copernicum
761 1751 826 1772 non
854 1740 890 1778 C.
919 1741 976 1778 sed
1001 1740 1032 1772 D
1061 1745 1208 1776 centrum
1234 1742 1356 1774 referat
1381 1745 1530 1774 centrum
1557 1743 1730 1783 aequantis
1754 1739 1950 1777 Ptolemaei,

135 1789 187 1819 cui
212 1788 313 1820 etiam
338 1792 399 1819 tua
423 1788 591 1820 sententia
616 1788 656 1820 de
682 1784 817 1820 motrice
850 1789 962 1821 anima
989 1788 1243 1830 correspondeat
1267 1788 1326 1822 &a
1377 1788 1588 1830 Respondes,
1620 1792 1655 1822 te
1681 1797 1820 1821 errorem
1845 1796 1949 1830 agno-

134 1845 243 1872 scere,
281 1835 426 1867 nondum
459 1839 572 1867 tamen
596 1835 694 1876 plane
721 1845 939 1878 cognoscere,
973 1839 1007 1867 et
1032 1839 1167 1877 optare,
1201 1836 1301 1868 verba
1325 1841 1385 1868 tua
1409 1846 1475 1868 non
1499 1836 1550 1869 ita
1572 1844 1672 1878 parce
1697 1845 1719 1869 a
1741 1845 1796 1869 me
1819 1837 1952 1867 mutata

136 1891 218 1914 esse.
279 1881 365 1914 Item
401 1892 458 1923 pro
498 1883 757 1920 „conveniebat“
797 1887 831 1914 te
871 1883 1033 1915 dicturum
1066 1884 1166 1915 fuisse
1207 1882 1416 1918 „convenit“.
1484 1883 1555 1926 Ego
1593 1887 1710 1916 contra
1745 1882 1950 1925 respondeo:

134 1929 275 1961 fideliter
300 1933 334 1961 et
358 1929 486 1961 sincere
512 1930 583 1971 egi,
615 1935 653 1961 ut
677 1929 823 1962 mentem
847 1934 939 1962 tuam
966 1939 1040 1962 cum
1064 1931 1205 1963 veritate
1232 1931 1460 1970 conciliarem,
1491 1940 1553 1963 nec
1578 1930 1636 1963 ulli
1663 1931 1872 1963 occasionem
1895 1928 1950 1962 hio

134 1977 169 2008 in
193 1980 228 2008 te
251 1976 427 2008 invehendi
451 1977 677 2018 relinquerem.
727 1977 864 2009 Retinui
903 1981 1015 2009 autem
1047 1981 1108 2009 tua
1138 1978 1258 2015 verba,
1298 1978 1472 2020 stilumque
1503 1978 1651 2010 imitatus
1686 1988 1758 2010 sum
1791 1981 1951 2020 quantum

135 2024 236 2065 potui.
287 2023 417 2055 Vocula.
442 2028 554 2056 autern
582 2024 842 2063 ‚‚conveniebat“
869 2029 947 2062 tua,
983 2035 1050 2056 non
1074 2034 1151 2056 mea
1177 2029 1236 2056 est.
1287 2024 1376 2056 Nam
1401 2034 1439 2056 eo
1464 2025 1536 2058 loco
1559 2025 1594 2057 in
1618 2028 1676 2057 tuo
1701 2025 1822 2067 scripto
1846 2033 1950 2067 usque

137 2071 180 2102 ad
204 2071 338 2102 verbum
366 2071 552 2109 „curreret“
579 2072 658 2103 nihil
685 2073 816 2103 omnino
842 2073 986 2110 mutavi,
1021 2072 1078 2104 sed
1105 2073 1215 2104 omnia
1239 2075 1299 2104 tua
1323 2072 1424 2104 verba
1447 2073 1578 2104 retinui.
1628 2072 1675 2105 Ut
1700 2076 1812 2105 autem
1837 2072 1950 2105 videas

136 2118 213 2160 quid
231 2118 437 2155 mutaverim,
465 2119 605 2151 scribam
622 2123 681 2151 tua
700 2121 872 2160 sequentia
889 2121 988 2152 verba
1009 2129 1049 2152 ex
1067 2123 1122 2151 tuo
1141 2120 1319 2161 exemplari
1345 2117 1446 2162 (quod
1471 2119 1578 2152 adhuc
1603 2120 1647 2152 ad
1669 2129 1787 2152 manus
1811 2116 1948 2159 habeo),
1994 2126 1998 2132 ‘

135 2170 173 2196 ut
198 2175 271 2197 cum
302 2166 457 2206 impresso
491 2166 638 2198 conferre
670 2168 784 2208 possis.
837 2189 877 2205 „.
898 2191 906 2199 .
927 2192 934 2198 .
963 2171 1117 2200 curreret.
1169 2166 1276 2208 Supra
1306 2169 1393 2199 enim
1424 2176 1497 2208 cap.
1526 2165 1582 2199 20.
1607 2171 1756 2200 motuum
1779 2167 1825 2200 ad
1855 2167 1948 2199 orbes

139 2213 222 2247 „fuit
246 2213 419 2254 proportio.
471 2212 537 2245 Sed
563 2215 673 2256 cogita
697 2215 742 2246 ibi
766 2215 829 2246 loci
854 2215 936 2247 duas
970 2224 1088 2247 causas
1121 2215 1340 2252 concurrisse,
1376 2224 1513 2256 quarum
1545 2214 1599 2247 hic
1630 2224 1700 2247 una
1724 2215 1827 2248 deest.
1876 2213 1949 2247 Illic

140 2261 248 2295 „enim
273 2260 398 2292 orbium
424 2261 565 2294 ambitus
589 2263 730 2302 maj0res
754 2262 923 2303 periodum
942 2266 1114 2299 auxerunt,
1140 2262 1193 2294 hic
1212 2262 1324 2294 circuli
1341 2261 1463 2302 NOPQ
1481 2266 1516 2294 et
1532 2261 1653 2295 EFGH
1673 2262 1828 2305 aequales
1852 2265 1946 2295 sunt:

849 2315 904 2348 „et
927 2319 996 2342 una
1020 2314 1151 2342 tantum
1177 2319 1281 2342 causa
1314 2310 1562 2351 inaequalitatis
1593 2313 1716 2346 restat,
1741 2310 1873 2352 longior
1897 2309 1946 2342 di-

844 2359 1000 2400 „gressio.
1050 2357 1137 2399 Ergo
1164 2367 1219 2398 pro
1245 2366 1401 2389 mensura.
1424 2361 1533 2389 motus
1558 2367 1625 2389 non
1649 2358 1781 2400 integra
1803 2356 1866 2389 BD
1893 2366 1948 2389 as—

846 2405 1038 2444 ‚‚sumenda,
1066 2405 1124 2436 sed
1142 2405 1276 2436 dimidia
1297 2409 1429 2436 tantum
1446 2404 1515 2445 Bc,
1546 2405 1596 2437 ita
1620 2408 1658 2437 ut
1682 2404 1819 2446 planeta
1842 2404 1877 2436 in
1894 2403 1948 2436 EF

846 2457 937 2491 „tam
962 2453 1005 2484 sit
1029 2452 1153 2490 tardus,
1191 2461 1231 2484 ac
1257 2453 1285 2483 si
1309 2453 1344 2484 in
1367 2452 1425 2484 JK
1451 2462 1549 2494 super
1574 2455 1688 2485 centro
1715 2450 1740 2483 C
1764 2451 1945 2484 incederet.

850 2547 931 2585 „CA
957 2547 1239 2579 eccentricitatem
1264 2551 1298 2579 et
1324 2546 1379 2579 CB
1403 2547 1537 2579 tertiam
1568 2551 1714 2589 partem,
1749 2545 1774 2579 C
1800 2550 1948 2579 centrum

853 2642 975 2681 „habes
994 2665 1001 2672 .
1023 2665 1030 2672 .
1052 2664 1058 2671 .
1078 2663 1086 2671 .

847 2736 882 2767 in
908 2737 1055 2777 epistolio
1081 2737 1205 2773 scribis,
1243 2740 1277 2768 te
1307 2737 1341 2767 in
1367 2731 1673 2768 accommodatione
1697 2735 1879 2768 Ptolemaei
1905 2734 1947 2766 ad

847 2831 889 2862 sit
914 2831 1088 2864 dividenda
1111 2832 1145 2862 in
1169 2834 1276 2862 motus
1302 2831 1432 2863 diurnos
1466 2840 1506 2863 ex
1539 2834 1652 2863 centro
1686 2830 1877 2871 aequantis,
1913 2827 1948 2860 id

847 3077 924 3108 cap„
951 3065 1051 3107 4,‘p.
1082 3064 1147 3097 142
1183 3068 1277 3103 oriri,
1315 3067 1349 3099 id
1383 3076 1443 3109 ego
1475 3067 1509 3098 in
1534 3066 1725 3107 Appendice
1758 3068 1831 3107 post
1854 3063 1940 3097 Nar-

849 2500 946 2538 „Jam
971 2500 1043 2531 vide
1070 2499 1223 2539 artifices,
1251 2500 1304 2541 qui
1328 2501 1460 2541 penitus
1484 2499 1572 2532 idem
1596 2503 1804 2532 statuerunt:
1829 2508 1950 2540 nempe
2020 2511 2028 2528 4

848 2595 1043 2636 „aequantis
1086 2598 1120 2626 et
1156 2594 1184 2626 B
1222 2598 1370 2627 centrum
1410 2595 1483 2626 viae
1524 2594 1742 2636 planetariae.
1805 2593 1948 2626 Causam
2016 2609 2019 2612 s

939 2689 1035 2720 Haec
1048 2693 1107 2721 tua
1130 2689 1230 2721 verba
1246 2692 1332 2721 sunt.
1370 2688 1468 2730 Porro
1495 2688 1538 2720 ad
1561 2698 1631 2720 rem
1653 2689 1772 2730 ipsam,
1794 2687 1947 2730 quoniam
2014 2682 2015 2687 ¹

847 2782 1062 2825 Copernicum
1089 2784 1196 2815 adhuc
1229 2783 1384 2815 haerere:
1419 2792 1498 2815 nam
1528 2783 1606 2825 quia
1634 2784 1688 2815 via
1711 2783 1867 2824 planetae
1892 2781 1947 2813 EF
2007 2807 2010 2808 γ

850 2877 1031 2919 Copernico
1066 2879 1109 2909 sit
1135 2877 1160 2910 C
1196 2882 1230 2910 et
1261 2878 1451 2911 Ptolemaeo
1477 2877 1509 2909 D
1542 2876 1602 2910 &e
1654 2875 1783 2918 (Comp.
1810 2875 1947 2917 Kepleri
2004 2899 2009 2920 3

847 2929 1029 2958 tractatum
1056 2925 1097 2957 de
1122 2935 1219 2967 opere
1241 2935 1298 2957 suo
1323 2935 1401 2967 pag.
1428 2923 1468 2957 15
1492 2922 1721 2966 propositum.)
1762 2924 1836 2956 Vidi
1859 2933 1945 2959 mox,
2003 2952 2007 2954 ,

848 2971 921 3005 cum
945 2973 1125 3014 relegerem
1155 2976 1248 3004 tuum
1282 2973 1438 3013 scriptum
1471 2970 1615 3012 (utinam
1648 2975 1682 3004 te
1714 2974 1890 3013 praesente
1913 2969 1947 3001 id
2002 2973 2006 2978 ⁴

847 3021 972 3052 factum
998 3017 1100 3059 esset)
1119 3021 1234 3052 erroris
1259 3028 1396 3053 causam
1414 3029 1454 3051 ex
1470 3019 1639 3052 schemate
1658 3018 1826 3060 Copernici
1843 3016 1944 3050 lib-V.
2002 3055 2004 3058 ι

846 3115 1007 3146 rationem
1027 3113 1160 3146 Rhetici
1185 3114 1308 3146 addidi.
1347 3114 1478 3146 Etenim
1500 3117 1571 3146 tam
1594 3114 1629 3146 in
1648 3113 1818 3155 Copernici
1841 3111 1944 3154 hypo·
2005 3127 2009 3151 ;
