2028 3242
129 67 214 110 324
692 69 824 100 Literae
850 68 985 109 Kepleri
1011 68 1211 110 aliorumque
1236 75 1371 100 mutuae

123 175 245 216 quisivi.
296 174 345 205 Tu
382 175 462 206 meis
500 174 675 215 quaesitis,
709 174 828 215 pergit,
865 174 1008 205 maxima
1044 184 1083 206 ex
1121 178 1214 215 parte
1254 175 1464 210 satisfecisti:
1507 173 1540 205 in
1576 171 1742 207 nonnullis
1767 172 1931 216 quaedam

125 221 283 253 desidero.

221 267 322 308 Cupio
348 269 442 303 scire,
471 277 558 299 anne
585 267 724 299 molieris
750 268 989 299 restitutionem
1018 267 1155 300 Veneris
1182 272 1215 299 et
1239 267 1413 306 Mercurii,
1440 271 1492 311 qui
1518 270 1651 302 maximi
1672 273 1752 307 sunt
1776 268 1933 300 momenti

124 317 155 346 in
183 314 383 356 astrologia?
410 325 467 346 cur
492 316 525 346 in
551 315 631 346 locis
658 314 903 346 australioribus
928 317 1035 355 majus
1061 316 1162 357 frigus
1187 315 1305 347 hieme·
1320 319 1357 347 ut
1381 316 1553 358 plurimum
1578 317 1629 356 sit,
1655 326 1754 358 quam
1779 316 1813 348 in
1837 315 1929 347 hisce

121 362 370 399 motionibus(
393 372 450 393 cur
474 362 546 403 plus
571 362 636 393 illic
661 363 790 404 ningat,
826 371 924 404 quam
948 362 1020 398 hic,
1060 372 1118 394 cur
1141 361 1285 394 Nordost
1309 365 1456 405 gravius·
1477 365 1578 406 frigus
1611 365 1646 396 in
1670 363 1720 395 his
1744 362 1932 405 regionibus

125 410 282 446 adducat,
309 419 406 451 quam
433 409 556 441 Boreas
583 414 617 442 et
635 408 762 441 Eurus?
813 409 968 441 Genesins
980 411 1118 450 junioris
1137 409 1372 442 Dietrichstein
1398 409 1477 450 (vid.
1502 422 1536 453 p.
1555 408 1639 448 313)
1663 411 1790 443 noviter
1813 409 1932 443 mortui

121 456 198 487 mihi
223 458 430 488 transmittas
455 467 589 498 quaeso.
642 456 728 495 Quid
756 456 796 488 de
823 457 931 489 cauda
958 461 1158 489 cometarum
1192 458 1316 490 sentias
1342 460 1426 490 scire
1451 459 1558 493 velim.
1586 467 1630 491 an
1647 458 1704 491 lux
1719 467 1740 490 a
1757 457 1842 490 Solis
1857 457 1931 489 luce

121 504 303 536 exuberans
328 504 377 536 vel
404 504 493 536 aliud
519 503 617 546 quid?
1704 502 1707 503 ⁷

218 551 271 582 Ad
295 551 378 583 haec
405 556 438 583 et
455 552 618 593 permulta
636 551 712 588 alia,
739 560 823 592 quae
841 551 1011 583 Fabricius
1028 556 1146 587 movet,
1179 552 1346 593 respondit
1361 553 1575 594 Keplerus
1601 553 1653 585 die
1677 550 1711 584 4.
1729 551 1809 585 sulii
1829 548 1930 588 1603,

100 608 182 630 -uec
208 609 272 630 non
301 599 343 630 ad
368 599 451 631 alias
471 599 609 631 Fabricii
633 598 757 634 literas,
785 608 869 640 quae
895 598 1038 641 Pragam
1063 603 1224 631 venerant
1247 600 1324 631 inde
1352 600 1393 632 ab
1415 599 1467 631 18.
1488 600 1569 632 Nov.
1594 597 1683 631 1602
1712 599 1755 632 ad
1778 597 1831 630 17.
1848 597 1932 639 Maji

123 643 210 677 1603
240 644 390 686 (numero
415 657 473 678 sex
500 645 622 685 erant).

213 694 442 725 Fabricius
467 694 569 725 literis
596 693 625 724 d.
655 693 684 724 d.
717 691 768 724 18.
795 692 877 724 Nov.
908 690 1017 729 1602,
1056 702 1139 734 quas
1164 702 1264 734 supra
1289 691 1335 735 (p.
1363 691 1448 734 312)
1475 695 1632 734 diximus,
1669 693 1798 726 addidit
1821 693 1930 725 obser-

119 740 266 772 vationes
291 740 448 772 Mercurii
476 739 597 782 (comp.
626 738 813 781 Opticam),
855 744 888 771 et
912 740 946 770 in
971 740 1168 781 postscripto
1193 741 1257 772 vim
1290 740 1386 782 hujus
1411 742 1567 783 planetae
1603 741 1834 784 astrologicam
1858 739 1931 772 lau-

120 788 213 819 dibus
250 788 469 828 praedicavit,
507 788 623 820 deinde
661 788 693 818 in
731 787 855 819 ultimis
890 785 938 826 (d.
966 787 995 818 d.
1032 785 1086 818 17.
1114 785 1332 828 Maji1603)
1370 789 1520 831 querelas
1559 787 1698 822 effundit
1729 788 1770 820 ob
1794 787 1931 829 Kepleri

120 835 295 878 silentium.
347 835 399 866 Ad
423 835 507 867 haec
533 835 711 876 respiciens
739 835 787 867 sic
817 834 980 866 exorditur
1003 834 1187 876 Keplerus:

923 881 966 921 S..
1000 882 1047 921 P.
1079 883 1129 922 D.

241 941 333 981 Jam
362 941 461 980 haec
494 946 612 979 sexta
644 940 738 980 mihi
760 941 833 980 abs
856 948 908 984 te,
936 940 1228 1008 jucundissime
1248 941 1421 991 Fabrici,
1458 942 1567 982 venit
1592 942 1779 994 epistola,
1813 954 1932 994 quam

116 1001 233 1052 jussu
274 999 503 1040 cancellarii
536 999 794 1039 Abrahamus
827 1006 962 1040 vester
1007 1001 1055 1039 ad
1090 1012 1151 1039 me
1183 1001 1221 1040 in
1255 1001 1376 1040 aedes
1411 1014 1522 1042 meas
1553 1001 1700 1042 detulit
1736 1013 1808 1054 per
1837 1001 1930 1053 pia-

122 1068 163 1098 te
170 1073 279 1099 uum
315 1058 636 1110 longissimarum
668 1059 906 1110 profundum
939 1050 1078 1100 lutum.

240 1119 374 1159 Instas
409 1118 445 1157 in
478 1118 553 1156 fine
587 1119 635 1158 de
670 1118 767 1157 meis
790 1117 958 1173 Opticis.
1023 1117 1111 1164 Quo
1145 1118 1272 1158 serius
1307 1119 1379 1160 tibi
1412 1118 1676 1167 satisfaciam,
1711 1124 1783 1159 tua
1806 1117 1934 1160 efficit

122 1179 403 1230 importunitas
449 1184 489 1217 et
530 1177 737 1217 machinae
784 1177 820 1216 in
866 1178 1131 1229 efflagitando
1177 1191 1382 1230 responso.
1447 1179 1576 1231 Igitur
1618 1179 1668 1220 ad
1716 1191 1784 1228 ea,
1831 1189 1933 1231 quae

122 1237 320 1291 scripsisti
353 1235 392 1278 8.
428 1235 539 1284 (18.)
574 1237 676 1276 Nov.
711 1237 850 1288 primo.
1694 1241 1696 1244 ’

240 1297 400 1347 Agrium
434 1296 495 1335 hic
529 1296 630 1347 agis,
666 1296 722 1335 ita
754 1309 798 1334 es
831 1295 1033 1335 innocens.
1097 1295 1242 1335 Placet
1261 1295 1333 1337 tibi
1354 1295 1648 1336 demonstratio
1680 1289 1931 1349 aspectuum,

123 1356 392 1395 reductionem
427 1356 475 1394 ad
513 1354 739 1406 eclipticam
772 1355 994 1407 approbaS,
1021 1355 1258 1395 divisionem
1290 1355 1607 1396 eccentricitatis
1639 1354 1749 1396 Solis
1779 1354 1931 1395 admit-

123 1416 192 1462 tis,
229 1415 447 1454 sanitatem
482 1427 695 1466 recuperas
729 1414 779 1454 ab
814 1414 1058 1465 astrologica
1086 1414 1206 1463 febri,
1242 1427 1312 1453 uec
1334 1415 1545 1468 quicquam
1562 1414 1616 1454 ibi
1638 1415 1794 1464 scribis,
1829 1413 1934 1467 quod

122 1474 158 1513 in
194 1474 268 1512 hac
300 1487 342 1513 re
375 1487 450 1513 non
486 1474 628 1513 eximie
649 1474 825 1525 probem.
891 1473 934 1512 In
961 1474 1050 1513 sola
1071 1473 1281 1513 latitudine
1307 1474 1453 1514 Martis
1474 1475 1629 1514 haeres.
1693 1475 1753 1515 At
1778 1474 1934 1514 interea

123 1539 163 1572 et
195 1533 337 1585 scripsi
371 1534 419 1573 de
453 1546 501 1572 ea
533 1533 777 1572 sufficienter
809 1545 859 1572 ex
890 1532 965 1572 fide
985 1533 1322 1573 „observationum
1357 1533 1569 1587 Tychouis.

239 1592 370 1631 Mittis
404 1592 725 1631 observationem
760 1591 959 1632 Mercurii.
1027 1591 1194 1631 Gratias
1228 1605 1317 1644 age.
1383 1593 1494 1633 Petis
1533 1592 1810 1644 elongationes
1841 1591 1931 1631 Ve-

125 1652 251 1699 neris,
299 1652 501 1692 Mercurii.
565 1651 654 1692 Non
702 1657 765 1690 est
807 1651 902 1690 mihi
948 1651 1294 1702 expeditumboc
1333 1652 1559 1704 negotium3
1605 1651 1719 1693 dabis
1759 1650 1931 1691 veniam.

127 1710 260 1749 Multa
279 1711 479 1750 Mercurio
512 1710 682 1758 t-ribuis3
717 1723 813 1749 sane
841 1715 882 1749 et
903 1722 991 1762 ego.
1055 1711 1276 1764 Utrumque
1298 1712 1434 1752 docuit
1453 1711 1714 1764 experientia,
1746 1715 1790 1751 tu
1809 1709 1934 1750 etiam

127 1783 150 1808 a
182 1770 387 1821 theologia
419 1770 524 1822 petis
557 1770 773 1817 rationem;
812 1769 895 1820 pie!
959 1771 1017 1809 At
1049 1770 1171 1810 nolim
1210 1771 1284 1810 hoc
1309 1771 1476 1811 ‘axioma
1517 1770 1660 1811 leviter
1689 1769 1932 1822 prostituere

124 1829 161 1867 iu
195 1835 351 1877 natura,
387 1829 496 1881 cujus
530 1834 623 1868 sunt
655 1828 832 1868 rationes
866 1828 989 1877 aliae,
1035 1830 1163 1868 solere
1196 1829 1323 1869 Deum
1356 1843 1427 1882 per
1459 1830 1622 1870 minima
1653 1830 1810 1869 efficere
1841 1840 1931 1868 ma·-

125 1888 243 1926 xima.
309 1887 480 1933 Quando
521 1887 623 1926 enim
667 1887 706 1927 in
738 1893 881 1926 natura
927 1888 1008 1927 tale
1042 1888 1133 1940 quid
1180 1889 1370 1938 occurrit,
1417 1889 1522 1929 ratio
1555 1889 1695 1929 subest
1740 1893 1783 1928 et
1813 1883 1933 1940 captu

125 1959 200 1985 non
247 1947 422 1986 difficilis
461 1947 687 1986 admodum.
751 1947 813 1985 De
846 1947 1101 1998 generalibus
1134 1947 1268 1987 causis
1312 1948 1576 1988 mutationum
1607 1947 1714 1988 aeris
1745 1947 1828 1989 dixi
1859 1958 1932 1986 co-

124 2005 234 2056 piose
268 2006 306 2044 in
340 2007 439 2044 meis
472 2006 653 2045 thesibus
686 2005 861 2051 (Astrol.
898 2007 929 2045 F
933 2006 1133 2054 undam),
1181 2019 1257 2046 non
1291 2019 1454 2059 possum
1499 2007 1667 2056 clarius,
1712 2018 1786 2046 nec
1817 2005 1932 2057 quic-

127 2077 244 2115 quam
278 2065 437 2104 invenio
470 2065 637 2112 melius;
672 2065 737 2104 ubi
772 2070 812 2103 et
844 2065 892 2104 de
915 2065 1131 2117 eclipsibus
1165 2070 1206 2104 et
1239 2067 1554 2107 revolutionibus
1574 2065 1818 2106 sententiam
1837 2062 1931 2104 dixi.

244 2123 523 2174 Sigismuudus
551 2124 726 2163 Polonus
759 2130 879 2163 natus
913 2130 977 2163 est
1006 2124 1108 2164 Jove
1142 2125 1382 2166 culmiuante
1413 2125 1453 2165 in
1495 2123 1649 2173 10ss,
1682 2124 1800 2166 Luna.
1829 2123 1935 2167 inter

123 2179 148 2229 ii
183 2189 224 2222 et
256 2188 288 2227 ὁ
320 2182 358 2221 iu
393 2183 544 2231 Leone,
580 2187 715 2222 stante
747 2183 785 2222 in
809 2183 923 2223 VIII.
958 2189 1027 2223 aut
1051 2184 1147 2232 IX.;
1186 2183 1282 2224 Sole
1313 2185 1353 2225 in
1375 2194 1436 2227 Θ.

244 2243 310 2281 Ad
345 2255 427 2288 eas,
462 2255 560 2293 quas
593 2242 790 2294 scripsisti
828 2240 892 2283 18.
927 2243 1174 2283 Decembris

216 2313 276 2344 His
304 2313 373 2344 adit
397 2313 560 2354 Keplerus
589 2312 771 2345 Comment.
798 2312 917 2344 Martis
945 2311 1065 2355 (comp
1092 2315 1154 2346 vol.
1182 2314 1280 2354 ΙΙΙ.),
1316 2315 1458 2357 indeque
1481 2314 1602 2347 transit
1635 2314 1679 2346 ad
1702 2313 1764 2346 has
1788 2312 1932 2346 Fabri-

125 2361 175 2391 cii
202 2361 430 2402 quaestiones.

215 2407 299 2438 Puto
333 2409 390 2439 tibi
426 2418 491 2439 non
516 2408 663 2449 ignotum
690 2417 762 2440 esse
801 2408 975 2440 artificium
1001 2408 1080 2448 Byr
1090 2418 1279 2451 glanum
1318 2410 1478 2450 condendi
1513 2407 1659 2441 tabulam
1684 2408 1813 2439 sinuum
1834 2407 1933 2446 juxta

123 2456 282 2486 rationem
300 2456 334 2486 in
352 2452 587 2486 Fundamentis
607 2456 834 2487 Astronomiae
851 2455 1000 2487 Raimari
1019 2454 1125 2496 (Ursi)
1144 2457 1278 2489 obscure
1296 2458 1497 2494 indicatam3
1523 2465 1646 2498 quaeso
1670 2455 1767 2487 unico
1785 2452 1932 2494 exemplo

122 2508 264 2534 mentem
291 2503 500 2543 problematis
527 2502 606 2533 mihi
631 2502 825 2544 patefacias.

241 2564 517 2614 Keplerus:
551 2563 689 2616 Byrgii
725 2564 932 2603 artificium
966 2570 1062 2616 puto
1095 2578 1156 2604 me
1189 2564 1367 2616 proxime
1388 2563 1588 2614 attigisse.
1655 2559 1796 2601 Scribe
1821 2560 1932 2599 sinus

124 2623 364 2673 integrorum
399 2623 605 2674 graduum,
640 2623 702 2662 vel
737 2622 914 2662 binorum
949 2624 1010 2662 vel
1045 2625 1251 2671 trinorum,
1285 2624 1493 2674 interpone
1526 2621 1576 2660 ad
1603 2621 1709 2661 latus
1742 2619 1932 2660 differen-

124 2681 214 2727 tias,
250 2681 309 2720 his
343 2695 495 2721 rursum
530 2683 578 2721 ad
614 2683 719 2721 latus
753 2682 949 2721 secundas
985 2683 1243 2730 differentias,
1279 2682 1336 2721 sic
1370 2681 1526 2730 tertias,
1561 2684 1745 2732 quartas,
1779 2689 1930 2730 quous-

125 2752 209 2790 que,
244 2745 288 2779 ut
318 2742 362 2779 fit
394 2741 431 2779 in
465 2740 733 2791 Lansbergio,
771 2746 954 2780 occurrat
987 2741 1265 2793 inaequalitas.
1330 2740 1427 2780 Inde
1459 2739 1691 2786 considera,
1738 2735 1832 2790 quid
1861 2735 1932 2776 fiat

124 2811 211 2836 cum
243 2799 382 2849 primis
417 2805 457 2838 et
491 2799 675 2839 secundis
711 2799 971 2848 differentiis;
1019 2800 1122 2840 idem
1158 2801 1258 2840 enim
1305 2811 1393 2839 cum
1427 2798 1557 2838 tertiis
1590 2803 1631 2838 et
1663 2795 1815 2850 quartis
1845 2793 1931 2834 fieri

125 2856 254 2896 debet.
320 2858 405 2897 Hoc
453 2859 707 2898 considerato
754 2859 928 2898 fortasse
961 2859 1133 2912 Byrgius
1153 2874 1155 2876 ’
1175 2860 1333 2899 modum
1365 2858 1537 2910 aliquem
1570 2854 1835 2908 excogitavit,
1881 2865 1932 2892 ex

122 2914 415 2967 quibuscunque
450 2917 623 2956 numeris
655 2917 882 2968 incipiendi.

215 2984 460 3017 Fabricius:
502 2986 536 3018 Si
571 2987 647 3028 quid
681 2986 784 3018 habes
819 2991 934 3019 contra
977 2987 1176 3030 astrologiae
1211 2987 1445 3025 fundamenta,
1484 2987 1584 3019 libere
1610 2993 1732 3027 quaeso
1757 2990 1928 3025 proponas

120 3029 268 3069 Inprimis
296 3041 337 3062 au
363 3033 685 3065 inclinationes
719 3035 843 3075 ingenii
869 3035 934 3066 sint
973 3035 1013 3066 ab
1039 3036 1111 3076 ipsa
1136 3036 1306 3067 humorum
1329 3039 1450 3067 natura
1488 3038 1522 3066 et
1545 3032 1696 3076 ingenita
1718 3029 1928 3072 proprietate.

121 3076 169 3111 vei
196 3085 215 3108 a
241 3078 342 3109 stellis
369 3080 506 3121 desuper
531 3081 564 3111 in
589 3081 675 3122 ipsos
700 3080 850 3114 humores
878 3081 999 3114 effusis.
1051 3082 1120 3125 Ego
1138 3083 1276 3126 primum
1296 3081 1404 3115 eredo.
1449 3081 1535 3122 Quid
1561 3080 1601 3113 de
1626 3077 1928 3121 interrogatio·
