2028 3242
215 140 304 185 420
954 138 1007 172 De
1032 139 1270 172 Fundamentis

215 245 352 298 Vulgo
384 257 479 285 vero
513 243 617 296 quod
647 242 748 284 haec
778 248 1065 296 proponuntur,
1101 243 1140 283 in
1173 256 1249 297 quo
1281 244 1408 284 minor
1439 256 1533 296 spes
1564 245 1742 286 fructus:
1773 243 1816 284 id
1846 243 1883 285 si
1913 244 2027 297 quis-

215 306 323 358 piam
353 302 634 356 reprehendit,
679 315 767 343 cum
813 303 933 343 velim
964 303 1230 355 perpendere,
1276 303 1380 355 quod
1422 302 1503 343 alia
1531 302 1602 343 via
1640 303 1694 344 ad
1722 302 1907 344 literatos
1937 302 2028 343 hinc

217 363 310 404 inde
334 363 555 403 latitantes
587 373 664 401 non
696 362 989 414 perveniamus,
1023 361 1102 402 nisi
1131 362 1200 402 via
1229 361 1403 413 publica.
1466 361 1600 411 Adde,
1633 362 1740 414 quod
1764 361 1828 403 hic
1858 361 1966 403 idem
1989 361 2028 402 in

217 422 395 463 curanda
425 420 537 473 vulgi
568 420 801 461 curiositate
833 420 1039 461 observari
1070 425 1226 474 potest,
1272 420 1377 473 quod
1407 420 1449 460 in
1481 432 1603 472 aegro
1634 433 1661 460 a
1689 420 1854 461 medicis
1886 420 2028 460 obser-

216 486 347 530 vatur,
379 485 425 520 ut
455 479 694 520 inordinatis
727 485 768 520 et
798 479 1032 532 perniciosis
1057 479 1167 532 vulgi
1199 478 1410 520 desideriis
1441 479 1672 525 abutamur,
1705 479 1759 520 ad
1786 479 2027 531 ingerendas

217 541 310 588 (ceu
340 539 635 580 medicamenta
666 538 821 591 aliqua)
867 538 1197 579 commonitiones
1241 538 1460 590 ejusmodi,
1507 537 1640 590 specie
1681 538 2028 590 prognosticorum

215 600 398 644 velatas,
442 611 542 651 quae
582 598 634 637 ad
665 597 768 638 hunc
800 596 921 638 animi
952 598 1132 638 morbum
1163 597 1383 637 tollendum
1416 596 1590 644 faciunt,
1634 609 1813 649 quaeque
1851 596 1935 637 alia
1963 596 2028 636 via

217 658 400 710 ingerere
433 657 502 697 vix
532 668 755 708 possemus.
820 654 1168 702 Quemadmodum
1210 655 1334 707 igitur
1373 668 1451 696 non
1489 655 1581 696 ideo
1613 668 1702 696 cum
1733 666 1854 708 aegro
1885 655 2028 696 delirat

215 716 406 765 medicus,
437 714 547 768 quod
578 714 787 767 ingerendi
816 715 1100 766 medicamenti
1131 727 1257 755 causa
1289 714 1475 755 deliranti
1507 727 1630 767 aegro
1661 714 1795 755 verbis
1827 718 1870 755 et
1897 714 2028 766 specie

218 775 408 815 simulata
450 774 724 815 obsecundat.
769 773 829 814 ita
872 778 915 814 et
955 775 1004 814 de
1047 787 1111 814 me
1155 785 1272 826 spero
1316 778 1426 814 recte
1472 773 1693 814 sentientes
1736 773 1835 814 nihil
1876 772 2028 813 sinistri

216 833 512 886 suspicaturos,
557 833 661 885 quod
705 833 854 884 optimo
894 833 1025 873 animo
1066 845 1155 872 cum
1190 832 1311 885 vulgo
1348 844 1480 873 rerum
1512 832 1732 873 futurarum
1762 836 1807 872 et
1835 843 2028 873 novarum

219 892 361 945 cupido
404 891 562 944 publice
595 891 644 931 de
677 892 821 932 futuris
853 892 1007 943 loquor.
1062 891 1206 944 Iniqua
1231 891 1397 942 judicia,
1432 903 1533 943 quae
1563 891 1716 932 nullum
1746 891 1813 931 vel
1830 890 2027 932 maximae

217 951 433 1003 dignitatis
466 950 619 991 culmen
652 963 729 990 non
761 950 989 1002 pervadunt
1019 955 1063 990 et
1102 949 1366 999 cavillantur,
1405 949 1552 990 nedum
1595 954 1639 990 ut
1677 949 1778 990 haec
1820 949 2028 990 humiliora

213 1010 321 1051 vitae
356 1009 492 1050 munia
523 1013 566 1049 et
595 1009 777 1061 ludibriis
810 1009 930 1050 obvia
960 1009 1118 1050 intacta
1148 1009 1400 1062 relinquant,
1435 1008 1626 1061 occipite,
1659 1013 1705 1050 ut
1730 1008 1798 1049 ille
1816 1007 2027 1062 praecipit,

214 1081 334 1109 caeco
366 1068 575 1121 excipiam.
1181 1087 1184 1089 ·

333 1128 468 1168 Hasce
500 1139 594 1166 vero
626 1139 753 1172 meas,
785 1125 998 1167 Illustriss.
1032 1125 1214 1175 Domine,
1249 1125 1298 1165 de
1331 1137 1434 1165 anno
1467 1126 1599 1166 futuro
1602 1120 1907 1167 'meditationes
1939 1138 2027 1166 cum

214 1186 487 1240 disputatione
518 1185 785 1238 pulcherrima
826 1186 875 1225 de
918 1184 1094 1225 siderum
1135 1156 1370 1234 influxibus,
1415 1185 1526 1224 Tuae
1563 1185 1827 1237 potissimum
1847 1183 2027 1226 Celsitu-

216 1246 298 1285 dini
330 1245 476 1294 dicare,
513 1244 715 1285 strenulae
747 1245 849 1293 loco,
881 1243 1015 1284 volui.
1049 1244 1153 1296 quod
1183 1255 1419 1296 persuasum
1450 1243 1634 1292 habeam,
1667 1243 1714 1285 C.
1737 1245 1784 1284 T.
1818 1247 1861 1284 et
1883 1243 2027 1285 litera-

216 1305 270 1344 tis
304 1305 506 1352 omnibus,
556 1307 598 1343 et
635 1302 814 1355 inprimis
846 1303 987 1343 harum
1019 1302 1166 1342 artium
1198 1302 1416 1342 cultoribus
1447 1302 1628 1356 impense
1659 1303 1817 1344 favere:
1851 1302 1956 1356 quod
1986 1307 2028 1343 et

213 1363 348 1403 verbis
379 1363 603 1403 luculenter
635 1375 678 1402 es
711 1367 900 1410 testatus,
934 1361 1106 1413 primum
1136 1365 1298 1413 recepto
1318 1361 1357 1401 in
1379 1361 1596 1402 amicitiam
1616 1361 1934 1405 celebratissimo
1958 1361 2027 1402 illo

215 1427 256 1462 et
287 1422 471 1474 generosi
503 1421 731 1461 stemmatis
763 1420 849 1461 viro
883 1420 1071 1474 Tychone
1105 1420 1306 1468 Brahan,
1338 1420 1533 1472 phoenice
1560 1425 1902 1462 astronomorum:
1935 1420 2026 1462 dein

214 1493 262 1520 eo
293 1485 462 1529 mortuo,
497 1480 593 1520 mihi
625 1492 780 1532 quoque
813 1480 1086 1520 declaratione
1119 1479 1269 1519 doloris
1302 1483 1344 1518 et
1374 1478 1562 1520 desiderii
1586 1479 1647 1520 tui
1679 1480 1789 1521 edita
1825 1484 1869 1520 et
1893 1479 2028 1531 reipsa

212 1539 391 1592 quotidie
424 1539 612 1587 testaris3
646 1540 737 1579 dum
769 1539 809 1578 in
841 1539 935 1579 aula
967 1543 1038 1578 tua
1069 1538 1194 1578 habes
1227 1537 1492 1578 clarissimum
1523 1537 1650 1579 virum
1675 1538 1728 1580 D.
1755 1539 2028 1580 Hermannum

214 1599 445 1647 Bulderum,
478 1598 688 1644 medicum,
721 1597 1014 1638 mathematum
1046 1596 1377 1646 amantissimum,
1412 1601 1455 1637 et
1484 1596 1524 1637 in
1543 1596 1620 1638 hoc
1643 1597 1862 1638 studiorum
1881 1608 2026 1650 genere

210 1656 527 1710 polyhistorem:
563 1670 638 1709 quo
671 1670 761 1696 cum
791 1657 854 1697 his
887 1657 936 1696 de
968 1656 1086 1696 rebus
1119 1655 1352 1708 quotidiana
1377 1655 1508 1708 agites
1529 1656 1742 1710 colloquia.
1767 1653 1826 1705 ¹¹)
1872 1655 2026 1708 Accipe

214 1715 352 1767 igitur,
386 1716 658 1756 illustrissime
678 1715 863 1762 Domine,
896 1715 1148 1767 conjecturas
1162 1715 1284 1754 hasce
1316 1714 1519 1767 physicas,
1551 1720 1594 1755 et
1618 1728 1705 1756 cum
1730 1715 1906 1768 politicis
1927 1726 2026 1755 con-

203 1774 385 1826 jecturis,
421 1787 521 1827 quas
553 1774 627 1814 tibi
659 1779 701 1814 et
732 1774 882 1814 ordinis
915 1774 1092 1826 dignitas
1125 1778 1167 1814 et
1196 1773 1295 1826 reip.
1330 1774 1617 1826 contemplatio
1649 1774 1895 1828 suppeditat,
1923 1785 2024 1826 quas

209 1833 448 1873 creberrime
481 1833 659 1886 appello,
693 1831 842 1872 confer.
906 1831 994 1873 Soli
1019 1845 1189 1885 namque
1222 1832 1286 1884 qui
1319 1832 1481 1883 publica
1511 1846 1599 1874 cum
1635 1833 1792 1874 ratione
1830 1836 2023 1882 tractant,

212 1892 260 1931 de
293 1904 541 1944 prognoseos
573 1892 690 1943 hujus
722 1892 884 1931 fortuna
913 1891 1138 1931 rectissime
1165 1891 1426 1943 judicabunt:
1458 1891 1738 1944 philosophica
1757 1896 1799 1932 et
1816 1891 2026 1945 paradoxa

206 1949 376 2003 physica
429 1950 706 2002 philosophiae
757 1951 1008 2002 professores
1062 1950 1139 1990 sibi
1195 1962 1292 1989 sane
1350 1962 1526 2003 suaeque
1567 1963 1761 1992 censurae
1806 1950 2023 1991 vindicent.

208 2008 327 2057 Vale,
363 2009 563 2060 longaeva
595 2014 637 2048 et
667 2008 777 2048 facili
810 2013 976 2048 senecta
1006 2022 1115 2057 usus,
1150 2012 1191 2047 et
1221 2008 1324 2048 hunc
1350 2008 1559 2050 ineuntem
1590 2022 1737 2050 annum
1766 2009 2024 2051 foelicissime

208 2067 439 2119 transigas:
472 2080 613 2120 meque
646 2065 694 2109 C.
722 2068 768 2108 T.
803 2067 1123 2107 commendatum
1153 2067 1320 2107 habeas.

779 2124 826 2168 C.
859 2126 907 2166 Τ.
940 2126 1122 2179 subjecte
1154 2125 1291 2166 colens

1202 2184 1263 2226 M.
1295 2184 1392 2227 Joh.
1422 2182 1607 2239 Keplw.
1637 2182 1963 2226 Mathematicus.

993 2359 1166 2399 Thesis
1198 2360 1229 2399 I.

321 2415 603 2467 Mathematici
635 2417 806 2457 officium
837 2417 956 2469 vulgo
986 2422 1171 2470 putatur,
1205 2430 1336 2457 annua
1368 2417 1542 2458 scribere
1574 2417 1854 2469 Prognostica.
1917 2416 2016 2460 cnm

204 2486 298 2526 ergo
345 2475 395 2514 ad
439 2475 658 2515 instantem
703 2489 848 2516 annum
886 2490 911 2516 a
941 2482 1038 2516 nato
1067 2475 1242 2516 Christox
1263 2475 1476 2516 Salvatore
1513 2474 1625 2517 1602
1656 2476 1892 2526 statuerim,
1937 2490 2015 2517 non

201 2538 286 2572 tam
317 2533 501 2586 publicae
534 2534 772 2583 curiositati,
808 2548 925 2587 quam
958 2535 1087 2575 officio
1119 2534 1371 2587 philosophi,
1404 2535 1443 2574 in
1476 2534 1546 2574 illa
1576 2534 1850 2586 reprimenda,
1886 2535 2012 2576 satis-

202 2591 355 2632 facere:
390 2593 439 2632 ab
472 2605 518 2632 eo
551 2593 803 2645 potissimum
836 2594 1039 2642 exordiar,
1086 2594 1191 2646 quod
1228 2593 1427 2633 tutissime
1465 2592 1544 2633 dici
1573 2598 1733 2644 potest:
1776 2594 2011 2646 prognosti-

202 2663 338 2690 corum
369 2651 443 2691 hoc
476 2664 579 2691 anno
611 2657 849 2705 proventum
881 2653 1056 2692 futurum
1086 2652 1270 2701 uberem,
1304 2664 1392 2692 cum
1412 2656 1618 2692 crescente
1637 2652 1747 2703 vulgi
1779 2652 2012 2694 curiositate

204 2708 340 2760 plures
372 2709 413 2749 in
435 2709 521 2750 dies
554 2710 607 2750 ad
637 2723 843 2751 numerum
875 2711 1071 2751 accedant
1102 2715 1301 2750 auctores.

979 2768 1154 2809 Thesis
1186 2770 1239 2809 II.

312 2826 362 2866 In
403 2825 484 2867 illis
522 2825 669 2867 libellis
711 2827 847 2879 aliqua
878 2826 1079 2877 dicentur,
1113 2839 1215 2879 quae
1246 2827 1486 2880 probaturus
1519 2828 1583 2864 est
1614 2828 1799 2874 eventus,
1832 2826 2005 2878 plurima

195 2894 316 2932 vero,
361 2897 462 2937 quae
498 2889 656 2937 tempus
695 2890 737 2926 et
774 2885 1022 2938 experientia
1051 2890 1098 2926 ut
1127 2899 1233 2926 vana
1264 2890 1306 2926 et
1334 2884 1450 2925 irrita
1479 2882 1695 2923 refutabit:
1728 2896 1893 2936 quornm
1923 2885 2028 2935 ista}

194 2942 340 2989 ventis,
371 2943 444 2983 illa
474 2944 690 2985 memoriae
721 2943 971 2997 penitissime
1002 2944 1284 2992 inscribentur,
1313 2947 1360 2984 ιιι
1389 2941 1500 2994 vulgi
1531 2953 1617 2981 mos
1650 2946 1727 2982 est.
2027 2939 2028 2944 ’

963 3002 1139 3043 Thesis
1169 3003 1244 3043 III.

310 3055 473 3096 Etenim
505 3058 634 3110 qualis
665 3072 799 3110 causa,
833 3060 931 3101 talis
962 3061 1142 3101 effectus.
1186 3058 1397 3110 Astrologi
1422 3069 1516 3098 vero
1543 3069 1688 3098 causas
1719 3057 1999 3099 vaticiniorum

192 3124 353 3153 suorum
384 3115 606 3167 respiciunt
634 3118 785 3170 partim
816 3119 974 3172 quidem
1004 3119 1206 3172 physicas,
1238 3118 1385 3170 partim
1415 3115 1613 3168 politicas,
1647 3119 1764 3169 parte
1794 3129 1889 3158 vero
1918 3127 1998 3169 po-
