1982 3268
135 92 163 135 8
927 92 1140 125 Prooemium.

135 205 327 253 tempore,
361 213 449 240 cum
480 200 638 240 domum
667 211 824 246 venero,
857 199 1006 240 videro.
1057 199 1107 240 D.
1131 199 1183 239 D.
1215 198 1530 240 Hafereffero
1562 200 1691 241 scribo
1721 200 1927 251 hactenus,

135 265 177 301 et
204 260 289 314 jam
320 259 531 311 septimam
561 259 748 312 paginam
780 259 949 299 absolvi.
1001 258 1082 300 Sed
1115 258 1206 311 quia
1235 258 1276 299 id
1307 258 1434 299 adhuc
1467 259 1592 309 deest,
1625 260 1728 312 quod
1758 261 1927 313 potissi-

134 332 240 360 mum
272 318 397 371 ipsius
430 318 644 371 cognitioni
671 319 849 372 subjicio,
885 318 1104 370 expectabo
1125 318 1244 358 aliam
1262 318 1525 358 occasionem.
1569 318 1620 359 D.
1640 319 1696 360 M.
1718 319 1928 360 Miillero

135 379 228 431 quid
260 378 416 427 faciam,
451 378 599 418 nescio.
649 378 802 419 Forsan
834 390 951 431 aegre
985 379 1086 418 feret
1117 382 1186 418 aut
1215 377 1254 417 in
1287 377 1347 417 sui
1379 381 1619 418 contemtum
1648 378 1789 430 rapiet,
1824 380 1928 432 quod

135 437 417 479 Calendarium
447 437 524 489 ipsi
555 451 631 478 non
664 438 766 487 misi,
800 438 866 490 qui
896 451 972 478 non
1004 437 1129 478 minus
1162 450 1207 477 ac
1239 437 1361 477 ceteri
1393 437 1443 477 ad
1468 437 1570 477 hunc
1596 438 1724 478 locum
1745 451 1807 479 me
1833 451 1927 491 pro-

133 497 272 538 movit.
307 495 417 537 *Sed
447 497 507 537 ita
538 497 679 546 habet,
721 502 766 538 ut
797 497 878 537 dixi
909 496 1238 549 praecedentibus
1270 496 1408 537 literis.
1470 495 1661 537 Sufficere
1691 497 1929 538 videbantur

133 557 301 609 singulis
334 556 514 597 domibus
547 556 716 609 singula.
766 557 852 597 Nec
884 569 972 597 eum
1002 557 1042 596 in
1074 568 1233 596 numero
1264 568 1437 596 meorum
1469 555 1662 597 sodalium
1692 557 1832 607 habeo,
1866 558 1928 598 cui

131 617 228 657 rude
249 616 452 668 exemplar
470 617 683 665 mitterem,
716 630 803 656 cum
833 617 977 657 ceteris
1007 616 1173 656 dominis
1199 615 1520 668 praeceptoribus
1547 615 1674 668 ligata
1705 616 1926 658 obtulerim.

131 677 285 716 Forsan
306 688 445 728 nempe
469 680 509 715 et
527 676 661 716 hocin
687 677 833 716 malam
858 680 1014 728 partem
1039 675 1275 727 accepisset.
1314 676 1427 715 Nunc
1458 675 1519 716 ita
1548 681 1819 728 comparatum
1851 681 1926 726 est,

131 741 176 776 ut
207 740 249 775 et
279 735 485 776 ridiculum
516 736 689 776 futurum
721 735 775 776 sit
805 749 958 783 munuS‚
991 740 1033 775 et
1063 735 1222 775 difficile
1254 740 1498 787 comparatu,
1532 734 1607 775 nisi
1638 736 1734 775 rude
1767 740 1809 776 et
1839 736 1926 776 dis-

132 796 319 835 solutum.
366 795 631 849 Typographo
663 795 767 836 enim
800 800 841 835 et
871 795 966 835 mihi
997 808 1074 835 non
1103 795 1202 834 bene
1234 794 1430 834 convenit.
1475 793 1637 834 Summa
1655 807 1732 835 non
1759 795 1927 848 amplius

131 859 195 894 est
225 867 370 907 operae
401 854 589 906 pretium,
624 868 695 895 nec
727 855 794 895 ille
827 854 929 894 tanti
962 854 1082 895 faciet
1112 854 1186 894 has
1216 867 1361 906 nugas,
1401 858 1446 893 ut
1475 858 1689 906 propterea
1718 854 1926 896 irascatur.
1956 859 1963 873 “

132 914 216 961 (Illi
247 914 413 954 multam
443 918 485 954 et
516 914 850 954 officiosissimam
879 914 1035 955 ascribo
1065 914 1271 961 salutem.)
1316 913 1538 954 Pessimum
1569 913 1751 966 equidem
1780 927 1928 955 morem

131 973 262 1014 affinis
301 974 360 1014 tui
392 973 679 1022 (Burckhardi)
719 974 857 1022 audio,
901 974 1091 1026 doleoque
1130 973 1258 1013 vicem
1295 971 1435 1025 optimi
1469 973 1611 1026 patris.
1674 972 1756 1014 Sed
1789 977 1927 1016 sancte

132 1033 296 1083 affirmo,
329 1046 391 1073 me
422 1033 520 1073 nihil
551 1046 722 1086 unquam
754 1034 801 1074 de
834 1046 879 1073 eo
912 1047 959 1073 ne
985 1046 1056 1086 per
1081 1034 1228 1073 famam
1254 1032 1410 1086 quidem
1435 1033 1652 1086 accepisse,
1686 1033 1763 1074 nisi
1794 1033 1927 1085 stupi-

131 1093 310 1141 ditatem,
345 1093 380 1132 si
410 1093 510 1133 bene
542 1094 712 1134 memini.
757 1094 958 1134 Fortassis
989 1093 1149 1146 putabit
1172 1092 1224 1132 D.
1248 1105 1372 1142 socer,
1404 1105 1466 1133 me
1498 1107 1575 1133 non
1606 1107 1657 1134 ex
1687 1094 1822 1144 astris,
1856 1096 1927 1136 sed

130 1165 180 1192 ex
206 1153 313 1193 fama
336 1153 513 1206 proferre
540 1154 638 1193 haec
659 1153 820 1205 judicia.
853 1153 1051 1194 Libellum
1069 1153 1239 1205 petitum
1259 1151 1484 1200 (Rhaetici)
1505 1153 1717 1206 descripsit
1734 1154 1791 1194 M.
1812 1154 1926 1196 Hen-

129 1212 232 1252 ricus
266 1210 464 1253 Creberus
498 1213 610 1260 (olim
642 1213 944 1265 stipendiarius)
977 1213 1042 1266 qui
1073 1212 1135 1252 hic
1173 1212 1332 1257 haeret,
1372 1225 1535 1266 meoque
1574 1213 1754 1254 conclavi
1789 1214 1925 1264 utitur,

130 1271 368 1312 obtinendae
402 1285 472 1324 spe
505 1272 743 1312 conditionis
775 1272 955 1324 alicujus.
1018 1272 1142 1312 Dedit
1171 1271 1245 1311 hoc
1275 1272 1547 1325 praeceptoris
1580 1272 1641 1312 sui
1670 1273 1842 1323 meritis,
1883 1278 1930 1315 ut

131 1344 231 1379 eum,
265 1332 299 1371 si
320 1335 394 1380 est,
427 1331 604 1372 laborem
625 1336 811 1372 sumeret.
857 1331 1072 1372 Schemata
1103 1331 1297 1384 quaedam
1327 1344 1400 1383 ego
1427 1331 1579 1372 correxi
1611 1337 1680 1372 aut
1710 1333 1925 1374 construxi.

131 1389 238 1437 Quid
268 1391 443 1431 vicissim
472 1396 621 1443 petam,
655 1404 731 1431 non
765 1404 862 1444 opus
894 1396 957 1432 est
987 1391 1229 1446 conjectura.
1281 1391 1386 1431 Tuus
1417 1391 1574 1431 auditor
1604 1403 1693 1432 esse
1725 1392 1829 1434 volo.
1880 1391 1926 1433 Si

131 1451 303 1490 fortasse
335 1463 413 1490 vox
444 1451 621 1503 peritura
650 1451 837 1491 metuitur
867 1451 907 1491 in
938 1455 1054 1491 tanta
1079 1450 1285 1499 distantia,
1316 1449 1597 1490 Emdschochii
1627 1463 1767 1492 manus
1797 1451 1925 1493 inter-

130 1509 274 1550 nuncia
305 1514 407 1550 esto.
471 1509 588 1556 Quod
621 1515 821 1562 superest,
854 1511 1034 1551 omnibus
1065 1509 1165 1550 meis
1198 1509 1520 1562 praeceptoribus
1552 1511 1799 1564 caeterisque
1829 1524 1925 1565 pro-

130 1569 349 1610 fessoribus
382 1569 477 1610 VV.
513 1568 574 1610 Cl.
609 1569 906 1610 foelicissimum
944 1583 1088 1610 annum
1123 1581 1282 1622 precor,
1320 1568 1604 1622 plurimamque
1641 1570 1811 1611 salutem
1847 1570 1925 1611 im-

128 1629 296 1681 pertior,
331 1634 376 1669 ut
406 1633 448 1669 et
479 1629 739 1670 suavissimae
771 1634 862 1669 tuae
895 1629 1064 1682 conjugi.

249 1687 408 1729 Graetii
439 1687 479 1730 8.
518 1687 570 1730 18
600 1689 692 1729 Jan.
727 1702 791 1729 an.
825 1686 894 1729 95.
1137 1687 1213 1728 Ex.
1246 1688 1292 1728 T.
1356 1686 1621 1728 Gratissimus
1652 1688 1868 1741 discipulus

1444 1747 1507 1788 M.
1537 1747 1606 1789 Jo.
1639 1747 1809 1802 Kepler.

223 1838 339 1880 (lnscr.
390 1839 575 1872 clarissimo
607 1840 672 1872 viro
703 1839 746 1872 D.
773 1839 819 1872 M.
846 1838 1001 1873 Michaeli
1032 1840 1208 1873 Maestlino
1239 1840 1428 1875 Matheseos
1459 1843 1493 1874 in
1524 1842 1698 1875 academia
1727 1842 1926 1887 Tubingensi

130 1887 307 1921 Professori
333 1888 564 1925 celeberrimo,
589 1887 799 1929 Praeceptori
823 1898 895 1920 meo
921 1888 1056 1921 colendo
1082 1889 1126 1921 ad
1148 1897 1276 1921 manus.
1326 1888 1417 1922 Calw
1440 1891 1474 1922 in
1498 1888 1762 1934 Wiertemberg.)

224 2005 379 2038 Rhaetici
403 2005 530 2042 librum,
556 2016 651 2048 quem
675 2007 764 2038 misit
787 2006 949 2048 Keplerus
975 2007 1169 2048 descriptum
1193 2005 1381 2044 Maestlino.
1407 2007 1495 2040 hunc
1520 2009 1617 2041 dicit:
1645 2009 1712 2047 „G.
1738 2008 1769 2041 J.
1793 2007 1926 2042 Rhetici

131 2055 172 2087 de
197 2054 360 2095 triquetris
385 2057 549 2086 rectarum
580 2054 740 2086 linearum
770 2054 804 2086 in
836 2054 991 2096 planitie,
1024 2054 1106 2086 liber
1134 2054 1258 2086 unus.“
1303 2055 1396 2088 Inest
1419 2055 1506 2089 idem
1529 2056 1611 2089 liber
1635 2057 1723 2097 operi
1746 2056 1921 2098 inscripto:

132 2102 221 2144 Opus
245 2101 428 2142 palatinum
453 2101 494 2133 de
518 2101 707 2143 triangulis,
734 2111 755 2133 a
780 2102 816 2133 G.
844 2102 876 2134 J.
899 2101 1038 2134 Rhetico
1065 2105 1231 2143 coeptum,
1258 2102 1299 2134 L.
1325 2102 1460 2135 Valent.
1487 2103 1620 2143 Otho,
1644 2102 1803 2145 Principis
1826 2103 1924 2136 Pala-

131 2150 192 2182 tini
216 2149 372 2182 Friderici
397 2149 445 2180 IV
469 2148 628 2181 Electoris
653 2149 909 2181 Mathematicus
934 2150 1170 2182 consummavit
1193 2149 1364 2182 Neostadii
1390 2149 1491 2183 1596.

226 2197 279 2229 De
303 2196 485 2236 Rhaetico,
512 2197 610 2228 toties
634 2198 667 2228 in
693 2198 840 2238 sequenti
865 2197 944 2228 libro
968 2197 1120 2237 laudato,
1143 2197 1227 2229 haec
1252 2198 1419 2230 addimus:
1457 2197 1564 2231 Natus
1589 2201 1640 2231 est
1664 2197 1822 2241 Georgius
1845 2197 1924 2230 Joa-

133 2245 256 2278 chimus
273 2244 487 2277 Feldkirchae
506 2244 563 2281 „in
576 2243 756 2283 Rhaetia“‚
782 2244 868 2277 unde
887 2254 1066 2288 cognomen
1084 2245 1213 2286 accepit
1228 2244 1457 2283 Rhaetici,
1475 2255 1562 2278 anno
1581 2243 1682 2278 1514.
1720 2246 1819 2279 Anno,
1836 2241 1925 2276 1537

131 2292 342 2334 Witebergae
366 2302 483 2324 munus
509 2293 652 2333 suscepit
676 2292 931 2325 mathematicae
955 2292 1159 2334 professoris.
1184 2292 1281 2333 inde,
1311 2292 1402 2325 fama
1427 2293 1595 2335 Copernici
1621 2293 1799 2331 adductus,
1824 2293 1924 2325 Frue-

131 2341 270 2382 burgum
295 2339 338 2372 ad
361 2340 452 2371 illum
477 2349 563 2372 anno
589 2337 679 2370 1539
707 2339 864 2377 discessit,
891 2344 924 2372 et
941 2340 1138 2381 aliquamdiu
1157 2338 1327 2381 Copernici
1350 2341 1464 2373 studiis
1488 2341 1644 2373 interfuit.
1688 2339 1802 2373 Rediit
1821 2339 1926 2372 wite-

132 2389 267 2430 bergam
302 2397 329 2419 c.
365 2396 487 2419 annum
514 2384 621 2424 1541,
659 2387 756 2428 paulo
792 2391 865 2428 post
896 2391 1006 2420 autem
1039 2385 1163 2427 (1543)
1199 2387 1242 2419 ad
1275 2387 1457 2421 docendam
1488 2387 1759 2422 mathematicam
1781 2387 1926 2429 Lipsiam

132 2438 267 2467 vocatus
294 2438 353 2467 est.
396 2434 559 2477 Denique,
586 2435 702 2467 relicta
726 2435 849 2476 Lipsia,
877 2435 1027 2468 discessit
1049 2436 1083 2467 in
1099 2434 1268 2467 Poloniam
1294 2439 1328 2467 et
1343 2435 1560 2479 Hungariam‚
1583 2436 1691 2478 ibique
1716 2431 1937 2479 (cassos-iae),

132 2483 268 2514 moritur
302 2491 387 2514 anno
416 2479 505 2514 1576
530 2486 703 2524 praesente
730 2482 844 2515 eodem
874 2482 928 2514 illo
954 2482 1101 2520 Othone,
1137 2482 1189 2514 cui
1218 2483 1358 2515 moriens
1393 2494 1472 2525 opus
1503 2493 1597 2516 suum
1626 2478 1945 2526 trigonometricum···
1968 2498 1972 2505 ·

134 2530 295 2563 edendum
319 2529 463 2562 tradidit.

227 2578 361 2609 Literae
386 2577 539 2610 Rhaeti
550 2579 584 2610 ci
611 2578 653 2610 ad
671 2576 918 2610 Schonerum
944 2575 959 2613 (
959 2576 1134 2614 „Narratio
1159 2578 1264 2620 prima
1288 2579 1327 2612 de
1344 2579 1431 2612 libris
1447 2577 1697 2610 Revolutionum
1714 2601 1722 2610 .
1735 2601 1743 2610 .
1756 2600 1765 2609 .
1778 2601 1786 2609 .
1805 2576 1924 2619 Ceper-

134 2625 199 2657 nici
224 2623 325 2664 &c.“)
350 2625 406 2657 IX.
434 2625 502 2657 Cal.
532 2625 605 2658 Oct.
626 2622 717 2657 1539
744 2625 842 2657 datae
868 2629 954 2662 sunt,
979 2625 1116 2666 primum
1140 2626 1316 2668 impressae
1342 2626 1469 2660 Gedani
1493 2635 1526 2658 a.
1550 2623 1641 2656 1540
1667 2629 1701 2658 et
1725 2625 1831 2658 denuo
1855 2624 1924 2658 Ba-

134 2673 234 2704 sileae
260 2682 290 2704 a.
319 2671 427 2711 1541;
454 2683 603 2706 annexae
627 2677 703 2704 sunt
728 2673 864 2705 eaedem
881 2673 968 2713 operi
987 2672 1156 2715 Copernici
1171 2674 1323 2707 Basileae
1348 2675 1434 2706 edito
1459 2683 1490 2706 a.
1515 2669 1615 2704 1566.
1655 2672 1815 2706 Weidlero
1838 2676 1926 2706 teste

136 2718 236 2759 (Bibl.
265 2718 359 2759 astr.)
392 2721 510 2762 prodiit
542 2731 572 2753 a.
603 2719 691 2752 1550
717 2720 804 2761 Lips.
831 2720 983 2752 Rhaetici
1007 2721 1195 2762 Ephemeris
1230 2731 1270 2754 ex
1301 2721 1520 2754 fundamentis
1553 2719 1740 2762 Copernici,
1774 2730 1805 2753 a.
1833 2717 1926 2752 1542

136 2766 239 2798 edidit
262 2766 442 2799 Rhaeticus
469 2768 638 2823 Copernici
667 2768 783 2800 libmm
814 2767 854 2800 de
887 2768 1043 2800 lateribus
1077 2772 1111 2800 et
1145 2769 1273 2812 angulis
1302 2768 1535 2822 triangulorum
1560 2765 1620 2800 dcc.
1654 2777 1740 2800 anno
1766 2765 1857 2800 1545
1875 2765 1924 2809 (Ὀ

139 2813 173 2846 S.
199 2813 297 2844 Bosci
321 2814 464 2846 libellum
489 2816 529 2848 de
556 2816 634 2848 anni
658 2816 784 2847 ratione
810 2814 868 2847 dte.
895 2815 1115 2858 Witebergae

230 2859 351 2892 Incerti
375 2860 530 2895 rumores‘
544 2864 583 2895 de
609 2863 762 2895 Rhaetici
786 2864 870 2900 vita,
896 2864 950 2904 qui
974 2867 1118 2904 tempore
1142 2863 1278 2905 Kepleri
1301 2863 1387 2895 inter
1410 2866 1610 2894 astronomos
1635 2861 1793 2904 divulgati
1817 2864 1923 2898 erant,

137 2907 225 2939 nullo
249 2907 398 2940 nituntur
422 2911 558 2942 certiore
582 2911 806 2947 fundamento,
832 2922 861 2941 v.
881 2921 909 2942 c.
933 2920 1018 2952 quae
1034 2910 1154 2952 Papius
1171 2911 1291 2951 scribit,
1316 2909 1492 2946 „Rhaetici
1514 2910 1683 2952 ingenium
1706 2908 1925 2950 voluptatibus

137 2955 173 2986 in
196 2954 334 2987 Polonia
356 2955 546 2990 hebetatum
571 2958 695 2989 fuisse“
720 2957 880 2997 (Hansch.
907 2969 936 2999 p.
967 2955 1037 2997 74).
1081 2958 1188 2998 Quam
1210 2959 1279 3000 ipse
1302 2957 1462 2999 Keplerus
1486 2957 1520 2988 in
1544 2957 1646 2998 praef.
1673 2956 1717 2989 ad
1741 2955 1924 2989 Comment-

35 2987 69 3047 χχ
139 3000 289 3034 Mutuum
313 3001 431 3033 Martis
456 3003 535 3036 dicit
559 3004 719 3043 fabulam,
746 3005 875 3047 legatur
899 3006 985 3038 dicto
1009 3006 1091 3039 loco.

233 3049 260 3080 E
285 3049 452 3081 Maestlini
476 3052 682 3091 responsione
707 3051 870 3089 (d.d.4.
899 3051 942 3083 14
966 3053 1043 3085 Feb.
1071 3051 1131 3092 95)
1161 3052 1245 3084 haec
1269 3051 1499 3084 desumsimus:
1529 3051 1672 3083 libellum
1695 3049 1849 3085 Rhaetici
1872 3049 1922 3082 lu-

140 3096 326 3131 bentissime
347 3096 421 3129 vidi.
458 3096 575 3136 Video,
602 3108 675 3132 eum
699 3099 744 3131 ibi
768 3100 1001 3143 triangulorum
1026 3101 1263 3135 rectilineorum
1287 3099 1468 3133 doctrinam
1492 3102 1656 3136 tractare3
1682 3097 1722 3131 de
1747 3096 1922 3140 sphaericis
