2028 3242
708 744 1032 842 εΙΟΑΝΝΙξ
1083 744 1403 821 KEPLERI

447 895 770 959 APOLOGIA
809 896 1115 960 TYCHONIS
1153 895 1398 958 CONTRA
1440 893 1660 957 URSUM.

607 1222 699 1270 AD
737 1220 1080 1270 LECTOREM
1117 1218 1510 1268 PRAEFATIO.

266 1338 408 1378 Edidit
453 1344 546 1378 ante
593 1339 806 1379 triennium
850 1338 1089 1379 Nicolaus
1121 1338 1299 1386 Ursus,
1347 1335 1574 1378 Caesareae
1605 1334 1841 1388 Majestatis
1873 1334 1965 1374 dum

147 1398 302 1437 viveret
344 1398 679 1445 mathematicus,
724 1398 901 1438 libellum
941 1398 990 1437 de
1021 1396 1325 1451 Hypothesibus
1363 1394 1655 1440 astronomicis,
1699 1395 1739 1435 in
1766 1405 1844 1448 quo
1876 1402 1964 1434 cum

146 1457 356 1496 historiam
387 1457 589 1497 texuisset
618 1457 901 1510 hypothesium
933 1457 1173 1508 tandemque
1207 1456 1259 1495 ad
1285 1455 1518 1495 Helisaeum
1545 1453 1793 1502 Roeslinum‚
1827 1452 1962 1493 Medi-

147 1515 261 1554 cinae
294 1515 528 1564 Doctorem,
577 1517 748 1557 amicum
786 1529 916 1556 meum
955 1515 1199 1567 singularem
1239 1514 1489 1558 devenisset,
1536 1517 1578 1553 et
1615 1513 1667 1553 ad
1709 1512 1964 1552 refutandam

149 1575 232 1626 ejus
265 1574 503 1626 opinionem,
538 1576 714 1616 adducta
746 1576 915 1628 quadam
948 1574 1128 1615 Euclidis
1160 1573 1452 1626 propositione,
1494 1572 1693 1612 rationem
1723 1567 1962 1611 tradidisset

149 1646 197 1672 ex
230 1633 459 1673 dedomenis
498 1632 738 1675 necessariis
776 1633 1022 1686 geometrica
1059 1633 1246 1673 methodo
1284 1631 1599 1684 planetariorum
1631 1629 1784 1671 orbium
1816 1629 1962 1681 ampli-

147 1692 306 1732 tudines
349 1692 583 1733 dimetiendi
630 1694 733 1741 (rem
784 1693 923 1733 tritam
969 1693 1073 1744 apud
1114 1694 1407 1739 astronomos),
1454 1690 1696 1742 subjunxit,
1726 1702 1776 1729 ex
1818 1688 1963 1730 iisdem

149 1751 417 1790 fundamentis
450 1752 573 1791 etiam
606 1752 825 1792 examinari
857 1765 978 1803 posse
1010 1764 1101 1791 mea
1131 1751 1297 1804 placita,
1331 1762 1432 1803 quae
1459 1761 1562 1790 anno
1587 1748 1719 1801 priore
1751 1747 1824 1788 sub
1844 1747 1962 1788 titulo

146 1809 331 1862 Mysterii
365 1809 694 1862 Cosmographici
732 1810 880 1862 publici
906 1810 1008 1861 juris
1042 1811 1236 1856 feceram;
1288 1821 1413 1861 eaque
1458 1808 1668 1848 occasione
1708 1812 1829 1860 capta
1873 1806 1962 1859 epi-

148 1868 293 1907 stolam
325 1869 537 1920 quandam,
573 1883 651 1922 qua
684 1869 841 1909 biennio
875 1875 968 1908 ante
1004 1881 1123 1920 super
1155 1869 1494 1915 inventionemea
1520 1868 1648 1919 ipsum
1669 1866 1960 1915 consulueram,

148 1927 280 1966 libello
315 1940 385 1966 suo
416 1926 595 1969 inseruit.
657 1928 882 1968 Pessimam
919 1928 1077 1980 quidem
1108 1927 1182 1967 hoc
1214 1927 1369 1966 nomine
1403 1926 1577 1978 gratiam
1608 1926 1715 1977 apud
1745 1938 1808 1965 me
1832 1925 1963 1966 Ursus

147 1985 248 2024 iniit.
312 1984 574 2037 Scripseram,
610 1992 749 2039 utpote
781 1987 923 2037 viginti
957 1988 1077 2026 trium
1115 1998 1306 2025 annorum
1338 1985 1511 2037 juvenis,
1545 1984 1702 2024 minime
1735 1997 1832 2024 sane
1863 1996 1962 2036 gra-

147 2043 262 2083 viter.
325 2045 431 2084 Nam
464 2049 504 2084 et
534 2045 574 2085 in
605 2046 711 2086 Urso
744 2045 942 2085 laudando
975 2050 1017 2084 et
1048 2045 1086 2084 in
1119 2057 1180 2084 me
1213 2044 1270 2083 illi
1303 2043 1552 2095 subjiciendo
1585 2043 1744 2083 modum
1775 2042 1959 2095 utrinque

147 2103 313 2142 multum
345 2102 516 2143 excessi.
580 2103 867 2144 Securissimus
907 2104 1013 2143 enim
1045 2104 1092 2143 de
1125 2104 1199 2142 hoc
1232 2108 1378 2142 eventu
1417 2103 1456 2142 id
1489 2102 1636 2142 saltem
1668 2102 1870 2154 spectavi,
1917 2105 1962 2141 ut

147 2173 382 2212 responsum
412 2162 680 2213 impetrarem.
742 2163 798 2203 Et
828 2163 877 2203 iis
909 2163 1112 2203 ferebatur
1145 2175 1234 2202 esse
1267 2162 1443 2202 moribus
1476 2162 1625 2209 Ursus,
1664 2166 1710 2201 ut
1741 2161 1804 2200 his
1836 2160 1960 2200 armis

148 2232 246 2271 opus
273 2225 383 2260 esset
414 2221 465 2260 ad
497 2222 804 2273 expugnandum
835 2222 922 2273 ejus
955 2221 1168 2262 silentium.
1231 2221 1291 2260 At
1329 2221 1362 2260 si
1395 2221 1536 2273 quibus
1569 2220 1618 2260 de
1650 2219 1839 2260 instituto
1869 2231 1958 2258 meo

148 2291 225 2317 non
271 2284 450 2328 constat,
495 2280 522 2320 ii
546 2281 661 2321 -mihi
700 2281 842 2321 merito
882 2281 1192 2328 succensebunt,
1240 2280 1344 2332 quod
1381 2279 1602 2319 immodicis
1643 2278 1736 2321 Ursi
1773 2277 1959 2318 laudibus

150 2337 332 2389 injuriam
353 2339 489 2379 multis
509 2340 547 2379 in
568 2339 731 2393 Europa
751 2340 995 2380 doctissimis
1016 2339 1313 2380 mathematicis
1341 2339 1523 2387 fecerim
1556 2337 1804 2378 mirabuntur
1823 2337 1956 2385 etiam,

149 2396 213 2448 qui
251 2409 313 2436 me
358 2397 519 2450 propius
558 2405 718 2448 norunt,
765 2412 825 2438 me
867 2411 945 2451 RQ
970 2398 1187 2438 Maestlino
1219 2399 1365 2439 Ursum
1404 2402 1707 2450 praeceptorem
1739 2396 1956 2444 celebrare,

148 2455 283 2506 illique
328 2457 617 2497 transscribere
651 2458 724 2497 hoc
758 2459 991 2510 quantulum
1036 2463 1100 2497 est
1130 2456 1371 2509 cognitionis
1412 2457 1450 2496 in
1483 2455 1797 2503 mathematicis,
1841 2457 1958 2507 quem

148 2519 279 2553 tamen
313 2515 388 2554 nisi
420 2516 459 2555 in
479 2517 781 2564 „Fundamento
803 2530 873 2557 suo
896 2517 1193 2556 astronomico“
1225 2517 1451 2568 loquentem
1484 2527 1682 2567 nunquam
1714 2513 1956 2559 audiveram,

150 2586 346 2625 nunquam
379 2574 568 2615 videram.
634 2575 716 2616 Sed
749 2576 847 2616 haec
881 2576 1008 2615 adhuc
1041 2575 1146 2615 levia
1177 2575 1303 2614 videri
1334 2580 1521 2626 possunt3
1565 2574 1750 2625 graviora
1781 2585 1957 2624 sequun-

149 2636 224 2670 tur.
288 2633 392 2672 Nam
426 2633 503 2673 etsi
534 2635 662 2675 Ursus
693 2635 882 2675 honorem
915 2648 1043 2674 meum
1077 2634 1207 2685 egisse
1241 2633 1367 2673 videri
1400 2633 1486 2673 vult
1516 2633 1721 2684 publicata
1752 2644 1842 2672 mea
1868 2631 1956 2684 epi-

147 2691 265 2738 stola,
300 2692 390 2731 dum
423 2705 510 2732 eam
548 2694 634 2733 luce
668 2693 829 2744 dignam
861 2693 1088 2746 praedicat:
1123 2698 1258 2732 tamen
1279 2692 1371 2745 quid
1403 2691 1659 2743 quaesiverit,
1696 2704 1773 2730 non
1807 2690 1956 2730 obscu-

148 2761 230 2788 rum
265 2751 437 2802 reliquit.
474 2772 528 2778 —
569 2752 743 2792 Primum
776 2753 815 2791 in
847 2753 965 2792 titulo
999 2751 1124 2792 libelli
1155 2751 1290 2792 Nobili
1329 2756 1370 2790 et
1401 2750 1552 2790 Illustri
1579 2750 1749 2789 Domino
1779 2748 1958 2802 Tychoui

149 2807 280 2847 Brahe
307 2809 436 2858 Dauo,
469 2810 639 2851 Domino
666 2811 706 2851 in
727 2811 987 2862 Knudstorpp
1022 2816 1062 2850 et
1081 2810 1312 2861 Uraniburg
1333 2810 1403 2849 διο.
1420 2840 1429 2856 ,
1464 2808 1745 2860 hypothesium
1765 2819 1958 2847 novarum

151 2864 418 2907 inventionem
456 2869 651 2921 praeripit
686 2883 849 2921 eamque
889 2870 965 2909 sibi
1004 2873 1180 2921 arrogat.
1197 2865 1232 2915 ⁶)
1294 2867 1460 2908 Putavit
1496 2868 1630 2918 itaque
1674 2867 1748 2906 hac
1786 2867 1959 2918 epistola

109 2946 111 2949 -
151 2935 258 2972 mea,
297 2926 335 2964 in
370 2938 447 2976 qua
478 2927 577 2967 haec
610 2934 703 2967 sunt
742 2929 885 2968 verba:
923 2928 1205 2981 „Hypotheses
1242 2932 1334 2966 tuas
1375 2926 1506 2974 amo“‚
1541 2925 1956 2973 demonstratumifi,
2011 2923 2019 2978 J

151 2993 239 3020 esse
279 2988 318 3022 et
350 2984 548 3032 homines,
594 2987 658 3037 qui
690 2987 784 3027 Ursi
815 2987 1034 3026 bonitatem
1063 2998 1207 3026 causae
1247 2989 1485 3036 agnoscant,
1531 2996 1655 3036 eaque
1696 2984 1849 3023 ratione
1895 2995 1957 3022 me
1991 3018 1994 3020 ,

152 3038 305 3078 alienae
338 3042 398 3080 liti
429 3042 643 3083 immiscuit
663 3049 703 3083 et
722 3045 995 3084 testimonium
1010 3046 1059 3084 ab
1081 3045 1219 3096 ignaro
1241 3043 1420 3084 extorsit.
1483 3042 1637 3082 Deinde
1669 3055 1758 3082 cum
1789 3042 1828 3081 in
1847 3042 1958 3082 calce

152 3096 258 3136 tituli
291 3099 551 3140 eruditionem
583 3115 695 3141 suam
733 3103 771 3141 in
805 3104 878 3143 hoc
911 3104 1045 3144 libello
1084 3116 1155 3142 ceu
1198 3102 1247 3142 ad
1281 3113 1454 3154 agonem
1488 3101 1684 3153 quendam
1717 3100 1955 3154 olympicum
2014 3150 2022 3155 ..

2009 3158 2028 3242 if
