2028 3242
764 67 806 99 de
830 67 928 101 mum
950 39 1166 110 W
1786 53 1889 109 319'

73 171 135 218 mi
163 171 401 220 boe‘eae.
432 172 537 224 quod
568 172 722 213 coelum
751 172 844 213 uuio
874 176 1032 213 nutum
1062 169 1232 211 confusa
1259 170 1341 218 sit,
1372 169 1455 219 cui,
1497 171 1533 211 si
1563 183 1646 223 qua
1673 183 1726 213 ex
1754 171 1877 214 sociis

75 230 209 272 cmi·
238 230 358 280 desit,
390 231 558 271 effectus
587 231 776 272 intereat.
840 228 950 276 Quid
979 229 1070 282 agis
1083 260 1095 278 ,
1126 229 1182 272 mi
1210 228 1398 269 Fabrici?
1427 242 1480 269 an
1511 241 1587 281 ego
1617 230 1776 272 meliori
1803 244 1876 272 ar-

74 294 263 342 gumento
300 289 451 340 possim
489 290 683 341 probare,
726 287 1015 341 experientiam
1046 300 1137 328 esse
1168 287 1402 327 confusam?
1462 286 1578 328 Scito
1614 287 1770 342 itaque,
1812 302 1876 331 me

72 347 196 400 plane
223 354 355 388 tecum
385 348 613 389 consentire
628 348 685 388 *in
716 349 792 388 boe
822 353 1070 399 argumento.

165 415 412 450 Fabricius·
436 416 717 449 'transitibus
740 415 847 448 multa
869 416 986 448 tribuis
1006 417 1140 457 propter
1163 414 1348 456 subjeetum
1370 414 1473 452 reale,
1498 416 1752 458 siveplanetum
1768 418 1876 460 ipm

71 468 284 506 m
307 468 343 496 et
365 465 586 502 adnutum;
609 463 953 519 protectionibus
971 471 1048 494 vero
1074 461 1215 495 eandem
1239 461 1281 494 ob
1305 471 1441 495 msam
1464 463 1547 496 nihil
1570 463 1642 496 das.
1692 465 1764 508 Ego
1781 466 1872 499 dico:

74 512 236 544 naudus
258 510 379 550 uullin
401 511 530 544 virtutis
553 515 617 549 est,
640 511 704 543 nisi
730 510 841 554 aliqua
864 510 992 553 speeies
1014 509 1220 551 pmtoeuxm
1242 508 1340 541 simul
1365 509 1542 542 coincidat-

189 559 460 611 Keplerus.
490 557 580 610 Ego
611 570 774 598 causam
806 557 902 607 dixi,
933 564 978 597 tu
997 557 1109 597 nulla
1127 556 1237 597 dicta
1254 569 1381 597 causa
1411 557 1652 598 contrarium
1678 558 1869 600 affirmas.

69 616 158 657 Hoc
188 615 292 658 habe
321 628 395 685 pro
425 622 556 664 certo,
598 629 798 670 nunquam
826 613 926 656 mihi
956 615 1128 656 transire
1159 615 1401 656 Mercurium
1431 628 1505 669 per
1536 621 1667 657 ortum
1698 622 1770 667 aut
1799 631 1871 659 oc-

70 687 225 727 casum,
272 675 365 729 quin
396 675 595 716 catarrhis
633 681 705 716 aut
735 675 817 716 alvi
848 676 956 716 fluxu
986 674 1175 715 infestet:
1211 687 1411 728 uunquam
1441 675 1636 726 Martem,
1669 676 1763 729 quin
1792 689 1870 730 pa-

69 740 184 776 ratae
216 733 312 777 mihi
343 733 427 775 sint
457 735 550 779 lites
582 740 622 774 et
654 734 865 787 dispositio
899 734 939 774 iu
969 746 1032 775 me
1062 733 1151 787 ipso
1183 733 1396 775 cholerica.

163 804 405 838 Fabricius:
433 803 621 845 Quaeritur,
647 814 692 837 an
717 804 785 837 Sol
809 805 1028 838 transiens
1061 803 1392 846 loea⁸aplietica
1416 804 1616 850 astrologica
1637 805 1690 838 vel
1714 805 1868 840 dimetio-

67 861 148 885 num
169 851 294 896 gradu
316 853 445 885 morbos
468 852 588 884 inferre
612 851 740 894 possit?
788 851 859 894 Ego
884 852 953 884 tale
977 851 1054 894 quid
1078 851 1307 884 animadverti.

184 899 456 952 Keplerus:
488 899 634 940 Nullus
663 901 831 952 planeta
861 899 913 939 ad
944 899 1021 940 hoc
1054 905 1116 939 est
1148 899 1347 939 conditus.
1410 898 1467 940 Ut
1486 910 1583 951 ergo
1615 899 1763 940 ceteris
1794 900 1870 941 hoc

65 969 138 1011 per
167 957 355 999 accidens
386 958 545 1007 evenit,
594 958 652 998 ita
682 964 724 998 et
754 957 860 1007 Soli,
902 964 947 998 ut
989 957 1028 998 in
1060 970 1134 998 suo
1165 970 1334 998 excessu
1365 962 1510 998 noceat
1538 956 1866 1000 inflammatione.

66 1015 151 1057 Sed
192 1029 242 1057 ne
280 1017 550 1069 proportionis
581 1016 850 1066 obliviscaris,
895 1016 1005 1058 Solis
1037 1017 1188 1057 reditus
1219 1017 1326 1057 iutra
1357 1029 1521 1064 aunum,
1567 1015 1734 1058 Saturni
1763 1018 1870 1059 intra

66 1073 125 1116 30
154 1087 295 1116 annos.
355 1075 619 1128 Experientia
650 1082 784 1117 tamen
817 1077 854 1116 in
885 1081 1045 1128 promtu
1075 1088 1152 1116 nou
1186 1083 1261 1124 est,
1296 1088 1344 1116 ac
1374 1075 1510 1116 nescio
1540 1088 1592 1115 au
1624 1076 1759 1117 fuerit.
1787 1110 1790 1113 .

154 1145 400 1179 Fabricius:
436 1145 524 1185 Quid
547 1146 590 1179 de
622 1146 942 1189 intelligentiis
977 1144 1201 1178 stellarum
1225 1146 1363 1183 sentias,
1398 1145 1483 1177 scire
1508 1145 1616 1187 mpie-
1664 1145 1736 1189 Ego
1760 1156 1869 1190 nugas

66 1201 140 1225 etse
162 1196 256 1235 puto.
304 1191 399 1225 Idem
422 1194 531 1225 sentio
555 1193 597 1225 de
621 1194 762 1236 geniis
786 1193 855 1226 sive
879 1193 994 1232 bouis,
1031 1193 1100 1225 sive
1122 1192 1231 1224 malis-
1280 1192 1318 1226 Si
1343 1192 1481 1236 angelos
1505 1196 1541 1225 et
1563 1192 1711 1226 diabolos
1736 1193 1867 1233 diaetis,

129 1240 171 1248 ..
218 1240 379 1272 εγω.
425 1240 547 1277 ,ὼ
604 1241 647 1247 ..

181 1286 454 1340 Keplerus:
487 1286 629 1328 Stellis
660 1293 825 1340 praeest
856 1287 983 1327 virtus
1013 1286 1166 1339 aliqua,
1199 1286 1444 1338 geometriae
1476 1299 1605 1338 capax
1635 1287 1759 1340 globi,
1789 1301 1866 1341 po-

63 1350 156 1387 tens
186 1345 240 1386 ad
260 1351 430 1392 motum.
462 1350 620 1398 tempus
650 1359 878 1386 numerans.
939 1345 1043 1398 Ego,
1075 1346 1124 1391 si,
1157 1346 1263 1398 quod
1287 1345 1422 1398 jubes,
1455 1345 1647 1398 scapham
1673 1347 1868 1400 scapham

62 1404 267 1457 appellare
297 1404 444 1453 debeo,
476 1418 555 1445 ιιοιι
585 1417 748 1457 possum
780 1405 900 1445 aliter
928 1405 1052 1452 hanc,
1084 1417 1204 1457 quam
1235 1403 1563 1457 intelligentiam,
1571 1405 1661 1445 vel
1691 1412 1865 1447 mentem

62 1463 283 1516 appella-e.
344 1463 392 1504 Si
429 1463 537 1504 aliud
580 1464 655 1504 tibi
684 1476 827 1504 nomeu
863 1463 1177 1516 praeplacuerit,
1223 1463 1360 1503 dicito.
1421 1463 1590 1504 Interim
1621 1463 1696 1504 hoc
1726 1473 1865 1506 manet

61 1521 296 1571 discrimen,
341 1522 445 1575 quod
475 1522 783 1563 ratiocinatione
827 1535 906 1563 non
939 1528 1119 1570 utuntur,
1161 1522 1237 1562 hoc
1267 1522 1371 1562 bono
1405 1520 1515 1562 Guil.
1549 1521 1724 1563 Gilberti
1755 1523 1863 1565 illius

62 1586 313 1633 argumento,
337 1581 444 1635 quod
475 1582 821 1622 ratiocinationem
852 1588 1043 1633 sequatur
1070 1581 1113 1620 iu
1145 1580 1303 1620 actione
1334 1580 1626 1630 inconstantia,
1666 1581 1861 1636 inaequa-

61 1639 160 1680 litas
189 1644 234 1679 et
262 1639 467 1687 titubatio,
499 1641 604 1692 apud
623 1640 804 1681 homiues
837 1640 1008 1693 quidem.
1071 1638 1207 1685 Quare
1238 1646 1283 1680 ut
1309 1653 1459 1680 cornua
1483 1640 1613 1686 bovis,
1638 1646 1711 1681 aut
1728 1641 1861 1682 scien-

58 1698 119 1739 tia
147 1698 328 1748 natandi,
361 1704 433 1739 aut
461 1699 589 1751 primo
620 1699 758 1739 statim
791 1699 855 1739 die
886 1706 995 1739 recte
1020 1698 1243 1747 incedendi,
1276 1710 1353 1738 non
1385 1705 1479 1738 sunt
1503 1705 1740 1751 argumenta
1770 1713 1860 1741 ma-

53 1757 158 1809 joris
186 1756 424 1806 nobilitatis,
461 1770 583 1810 quam
613 1758 652 1798 in
684 1758 856 1807 homine,
890 1757 956 1810 qui
975 1758 1038 1798 his
1057 1764 1191 1806 caret;
1224 1757 1296 1797 sed
1314 1758 1585 1807 statuendum,
1618 1760 1862 1800 succurrisse

57 1821 242 1856 naturam
272 1816 387 1856 bovis
420 1816 641 1857 infirmitati
672 1817 896 1869 congenitis
928 1817 991 1856 his
1022 1816 1278 1868 adjumentis,
1312 1816 1406 1869 quia
1437 1817 1509 1856 bos
1541 1830 1654 1857 arma
1684 1817 1760 1858 sibi
1794 1820 1860 1858 fa·-

57 1874 234 1923 bricare,
276 1875 456 1915 sobolem
485 1876 668 1922 educare,
713 1882 897 1916 natatum
922 1876 1147 1916 exercendo
1179 1876 1321 1916 docere
1353 1887 1430 1915 non
1460 1881 1613 1927 potest,
1644 1884 1690 1916 ut
1720 1877 1858 1918 homo:

57 1931 117 1974 sic
144 1932 247 1974 haec
277 1932 412 1974 circuli
443 1935 508 1974 sui
537 1935 758 1975 intellectio
790 1935 980 1975 facultati
1011 1935 1069 1974 illi
1113 1933 1252 1975 itidem
1283 1940 1348 1974 est
1379 1936 1613 1987 congenita,
1658 1948 1732 1976 nec
1761 1949 1858 1989 pro—

56 1991 174 2032 licere
203 1997 356 2044 potest,
387 2005 462 2033 uec
493 1994 601 2034 aliud
635 2007 754 2046 quam
784 1994 859 2034 hoc
891 2006 1027 2045 agere,
1058 1994 1178 2034 alium
1212 2006 1331 2046 quam
1349 1993 1453 2033 hunc
1474 1994 1663 2034 circulum
1688 1995 1858 2036 discere.

171 2049 236 2090 De
268 2049 410 2091 Geniis
452 2064 531 2092 non
575 2053 722 2093 acriter
766 2058 897 2092 tecum
927 2065 1075 2105 pugno.
1134 2052 1221 2092 Res
1265 2059 1331 2092 est
1374 2052 1538 2093 lubrica.
1598 2052 1708 2106 Ego,
1754 2056 1860 2107 quod

58 2108 292 2148 inanimatis
329 2110 448 2150 rebus
479 2110 531 2151 ob
561 2112 763 2151 defectum
793 2112 980 2159 rationis,
1025 2111 1180 2162 angelis
1224 2111 1275 2151 ob
1313 2110 1480 2151 liberam
1510 2125 1624 2152 suam
1662 2113 1857 2154 rationem

56 2179 135 2206 uon
147 2179 311 2219 possum
331 2168 519 2216 tribuere,
533 2170 863 2220 gubernationem
877 2170 1059 2210 fortunae
1073 2169 1243 2209 hominis
1263 2169 1315 2209 ad
1333 2170 1625 2222 praescriptum
1640 2172 1855 2221 coelorum,

57 2225 113 2274 id,'
142 2226 317 2278 inquam,
339 2227 470 2277 geniis
489 2226 632 2267 tribuo.
695 2227 801 2274 Quid
821 2228 952 2267 enim?
983 2229 1043 2267 Tu
1063 2228 1294 2278 angelorum
1306 2229 1475 2269 tutelam
1493 2229 1618 2269 coelis
1632 2231 1856 2282 allegabis?

148 2295 400 2327 Fabricius:
437 2295 577 2328 Solem
599 2297 786 2330 vivificandi
815 2298 856 2330 'et
878 2297 1055 2339 vegetandi
1087 2298 1152 2328 vim
1186 2297 1309 2329 habere
1343 2299 1510 2335 existimo,
1546 2299 1747 2340 planetas
1780 2311 1857 2333 vero

55 2351 124 2374 non
147 2351 260 2374 omues
283 2352 336 2374 res
360 2343 467 2379 simul.
490 2347 530 2375 ut
553 2343 619 2383 Sol,
648 2345 707 2376 sed
730 2345 803 2376 illas
827 2349 969 2381 tantum,
993 2353 1080 2385 quae
1103 2345 1238 2385 imperio
1261 2345 1405 2385 ipsorum
1427 2346 1578 2383 subsunt,
1603 2347 1780 2380 vivificate

171 2390 440 2442 Keplerus:
473 2391 584 2431 Nihil
614 2403 689 2443 ego
718 2398 817 2443 puto
841 2392 882 2431 in
914 2391 1061 2439 Terris,
1098 2391 1161 2431 cui
1191 2391 1362 2431 seorsim
1393 2392 1538 2444 aliquis
1568 2394 1735 2444 planeta
1765 2395 1852 2434 col·

54 2449 211 2488 locans
248 2449 305 2488 sit
334 2449 374 2488 in
405 2450 538 2490 coelo:
578 2450 652 2489 sed
683 2450 868 2490 extitisse
899 2450 991 2489 illos
1023 2455 1086 2490 tot
1115 2454 1159 2488 et
1188 2450 1294 2489 tales
1332 2463 1382 2490 ex
1412 2451 1495 2490 suis
1534 2452 1707 2503 propriis
1737 2453 1852 2505 prin-

52 2507 182 2559 cipiis,
214 2507 334 2547 etiam
367 2508 453 2548 sine
472 2515 656 2560 respectu
677 2509 927 2548 terrestrium
947 2520 1099 2556 rerum3
1130 2509 1357 2549 consentire
1382 2521 1477 2549 vero
1502 2521 1580 2554 non
1600 2523 1665 2550 res
1684 2512 1853 2553 seorsim

55 2566 297 2618 compositas
329 2580 417 2606 cum
447 2567 637 2618 planetis,
671 2567 743 2606 sed
769 2580 905 2606 omues
937 2567 1117 2607 omnibus
1137 2572 1305 2607 naturae
1326 2567 1557 2616 elementis;
1588 2582 1680 2608 nam
1699 2582 1850 2622 prope-

54 2624 214 2664 modum
245 2626 379 2664 omnia
408 2625 449 2664 in
481 2626 660 2665 omnibus
691 2625 889 2673 invenies,
934 2625 1024 2677 plus
1056 2631 1190 2665 tamen
1222 2626 1323 2666 certi
1355 2626 1524 2678 alicujus
1556 2628 1743 2668 elementi
1784 2629 1851 2669 vel

53 2683 292 2734 quantitatis
322 2683 363 2723 iu
393 2697 470 2724 nno
503 2697 621 2736 quam
652 2685 692 2724 in
725 2685 866 2724 altero.

147 2753 392 2785 Fabricius:
419 2753 507 2794 Quid
530 2754 572 2786 de
599 2755 797 2787 antisciis
820 2753 1030 2796 planetarum
1051 2753 1197 2793 iudices,
1220 2754 1304 2786 scire
1328 2753 1436 2786 velim.

169 2811 446 2863 Keplerus:
478 2812 627 2854 Eorum
652 2813 731 2852 vim
763 2812 818 2852 ibi
850 2824 1036 2864 agnosc0,
1070 2811 1137 2851 ubi
1155 2817 1249 2852 sunt
1268 2812 1452 2852 antiscia.
1514 2814 1555 2852 A
1579 2826 1701 2854 causa
1731 2816 1848 2867 primi

53 2874 187 2910 motus
217 2876 311 2910 suut
349 2871 521 2911 antiscia
546 2877 701 2924 ,partes
737 2870 909 2919 zodiaci,
954 2883 1032 2909 nou
1064 2870 1218 2910 ratione
1261 2870 1435 2910 siderum
1458 2871 1675 2914 mobilium.
1736 2874 1847 2927 Ergo

50 2928 89 2967 iu
121 2928 339 2968 directione
370 2931 625 2978 ascendentis
658 2936 699 2970 et
728 2930 785 2969 Μ.
819 2928 867 2969 C.
899 2934 997 2981 puto
1027 2928 1108 2968 vim
1156 2941 1246 2968 esse
1277 2941 1485 2982 magnam,
1529 2935 1575 2971 at
1604 2944 1680 2972 ιιοιι
1712 2933 1752 2973 in
1778 2933 1845 2974 di-

51 2986 226 3027 rectione
257 2986 365 3027 Solis
396 2994 438 3028 et
468 2989 654 3029 Veneris.
1837 3020 1842 3021 ν

144 3054 385 3089 Fabricius:
424 3057 622 3098 Quaeritur,
658 3067 703 3090 an
728 3058 918 3099 eclipses
942 3056 1026 3089 Solis
1051 3062 1086 3089 et
1109 3056 1226 3090 Lunae
1258 3067 1294 3090 re
1322 3067 1402 3091 vera
1428 3059 1601 3102 generales
1625 3061 1711 3094 aeris
1733 3066 1843 3096 m
