2028 3242
1213 0 1265 42 ”1²³
1282 0 1395 30 υκερτ
1413 0 1428 44 k
1486 6 1489 11 f
1547 0 1606 27 ’Ἴ

1493 84 1501 99 Ι

839 109 956 146 aas.
980 113 1110 146 um.
1206 78 1210 103 ³
1788 113 1876 158 243

70 217 123 259 ad
151 224 404 260 astronomos
435 217 962 274 QseQ-auppum
993 230 1067 271 nos
1097 217 1315 271 ablegavit,
1348 226 1391 260 et
1420 219 1603 272 quamvis
1632 221 1674 261 in
1706 220 1875 274 quibus-

70 277 163 318 dam
194 277 480 320 dissentientes
511 278 681 326 videret,
717 283 907 330 utrosque
939 276 1066 317 voluit
1094 277 1145 318 ob
1175 277 1397 318 adhibitam
1422 279 1671 331 diligentiam
1701 286 1746 320 et
1762 282 1876 322 com-

70 335 311 378 manicatam
341 342 519 376 motuum
551 336 775 377 doctrinam
804 335 1055 385 venerandos
1086 340 1129 376 et
1158 336 1365 385 amandos,
1397 337 1636 378 audiendum
1668 351 1777 387 vero,
1808 340 1876 392 qui
1997 390 1999 393 ι

70 407 187 447 qnam
216 394 442 435 rectissime
473 407 557 435 rem
587 394 810 447 expediret.
871 395 1007 435 Aliter
1036 406 1134 447 ergo
1172 395 1299 434 sensit
1330 395 1577 441 Aristoteles
1614 397 1664 436 de
1694 403 1875 439 veterum
1894 394 2022 451 Ἶχξίζ,

70 454 224 495 illorum
254 459 570 495 astronomorum
601 454 764 507 (quibus
795 453 862 506 qui
892 452 1020 493 secuti
1051 459 1147 493 sunt
1182 466 1259 493 non
1291 451 1550 506 ignobiliores
1592 455 1722 504 fuere)
1753 457 1872 498 labo-
1907 455 1947 535 ζ
1967 454 1978 480 ”
2023 447 2027 458 ’

70 513 179 553 ribus
210 518 251 553 et
281 513 604 565 praeclarissimo
632 513 859 564 proposito,
893 524 1012 565 quam
1043 512 1185 553 Ursus.
1445 538 1451 541 -

185 569 343 618 Quarto
372 571 529 612 videtur
561 577 795 624 argumento
826 583 1003 623 pugnare
1035 583 1107 623 pro
1131 585 1206 611 sua
1224 571 1444 618 sententia,
1477 583 1554 612 non
1582 584 1673 612 esse
1693 586 1870 619 necesse,

70 636 116 671 ut
144 642 266 672 verae
295 629 379 670 siut
406 631 702 671 astronomicae
734 630 1000 684 hypotheses;
1039 642 1133 671 nam
1163 630 1418 671 crassissima
1456 630 1497 670 in
1530 631 1712 671 omnibus
1743 633 1872 673 adhuc

71 688 357 744 hypothesibus
387 689 564 730 absurda
595 690 783 730 residere.
847 689 999 742 Qum
1035 689 1097 738 id,
1173 688 1248 741 uod
1276 695 1344 742 est
1381 689 1581 742 ignotum,
1626 691 1773 745 probat
1801 704 1873 748 per

68 747 560 807 Q
624 749 773 789 Verum
804 748 963 800 quidem
995 754 1070 796 est,
1103 761 1139 788 sn
1170 737 1385 788 afisffluirdum
1415 754 1459 788 et
1478 745 1625 790 falsum
1656 749 1698 790 id
1717 751 1871 791 censeri

70 806 212 854 debet,
245 807 349 859 quod
379 808 446 847 uni
470 807 587 848 alicui
619 808 819 848 hominum
849 807 983 847 coetui
1015 807 1097 847 tale
1128 807 1305 855 videtur,
1338 807 1436 848 nihil
1466 808 1545 848 erit
1574 808 1615 848 in
1645 814 1736 849 tota
1765 809 1872 863 phy-

69 866 250 922 siologia,
271 866 388 919 ,quod
419 879 497 906 non
528 879 600 919 pro
630 866 881 907 crassissimo
913 865 1086 906 absurdo
1117 865 1259 906 haberi
1287 866 1422 911 debet.
1486 867 1637 907 Variae
1668 873 1763 908 sunt
1794 868 1870 917 hp-

69 924 214 967 minum
251 925 476 965 sententiae
545 925 643 966 varii
704 939 731 965 a
758 931 824 965 tus
865 925 1124 979 ingeniorum.
1193 925 1285 965 Nou
1324 925 1497 965 credidit
1527 925 1742 967 absurdum
1779 939 1871 967 esse

231 984 327 1031 icus,
361 989 406 1024 ut
436 984 564 1024 Terra
592 990 815 1031 moveatur,
844 984 1011 1024 fixarum
1042 990 1161 1024 tanta
1190 983 1245 1024 sit
1274 983 1537 1024 immensitas.
1599 985 1692 1026 Non
1726 986 1871 1026 existi-

70 1049 155 1084 mat
182 1043 399 1083 absonum
429 1043 580 1096 Tycho,
611 1050 657 1083 nt
685 1044 872 1096 planetae
903 1041 1040 1083 Solem
1072 1042 1259 1083 mobilem
1294 1055 1367 1083 ceu
1396 1048 1580 1084 centrum
1609 1057 1737 1095 suum,
1769 1057 1871 1098 quo·
1902 1080 1905 1082 .

69 1114 223 1155 cunque
253 1101 294 1142 id
324 1101 490 1152 secedit,
534 1109 753 1155 sequantur
783 1115 856 1142 nec
886 1108 1021 1142 tamen
1054 1114 1148 1142 suos
1180 1108 1312 1143 motus
1350 1103 1554 1144 deserant.
1615 1101 1710 1149 Qua
1745 1103 1870 1154 de,re

70 1161 160 1201 vide
192 1160 503 1212 disputationem
533 1161 779 1202 Rothmanni
810 1174 899 1201 cum
926 1161 1114 1213 Tychone
1146 1161 1184 1200 in
1216 1161 1401 1212 epistolis
1432 1162 1726 1202 astronomicis.
1778 1163 1870 1203 Non

70 1225 137 1260 est
178 1219 353 1260 absurda
389 1219 646 1260 Ptolemaicis
688 1219 996 1260 inaestimabilis
1041 1220 1112 1260 illa
1154 1220 1283 1260 ultimi
1326 1220 1428 1260 coeli
1465 1220 1698 1272 pernicitas.
1767 1221 1872 1262 Sunt

70 1279 169 1319 haee
213 1283 258 1318 ut
299 1292 325 1318 a
367 1278 551 1319 sensibus
595 1279 653 1319 ita
691 1285 734 1318 et
772 1292 797 1318 a
833 1284 955 1330 captu
996 1278 1241 1331 ingeniorum
1284 1285 1509 1319 nostrorum
1547 1280 1780 1328 remotiora,
1828 1286 1871 1321 et

72 1337 194 1392 variis
214 1337 491 1390 *disputantur
526 1338 786 1391 argumentis.
849 1338 984 1390 Atque
1022 1338 1121 1378 haec
1159 1338 1231 1377 illa
1266 1344 1359 1378 suut
1395 1338 1649 1378 crassissima
1679 1339 1867 1388 absurda,

70 1411 171 1451 quae
203 1397 362 1450 quidem
392 1396 507 1437 simul
537 1411 634 1437 vera
663 1410 754 1437 esse
786 1402 1004 1449 nequeunt,
1045 1409 1122 1449 quo
1153 1397 1219 1445 fit,
1259 1403 1304 1437 ut
1335 1409 1460 1448 neque
1499 1397 1589 1448 plus
1626 1410 1706 1438 una
1736 1398 1867 1452 hypo·
1935 1439 1941 1443 ,

70 1457 241 1497 thesium
271 1456 401 1496 forma
431 1469 528 1496 vera
558 1469 648 1496 esse
679 1456 822 1508 possit.
886 1454 996 1500 Quid
1024 1462 1159 1496 antem
1197 1468 1247 1495 ex
1277 1456 1340 1496 his
1370 1468 1506 1496 verum
1537 1456 1610 1505 sit,
1654 1457 1748 1509 quid
1786 1458 1867 1498 fal-

68 1528 168 1564 sum,
201 1527 324 1568 penes
354 1527 447 1555 vere
479 1515 756 1567 philosophum
788 1520 853 1554 est
882 1515 1109 1555 decernere.
1172 1513 1337 1555 Certum
1369 1520 1503 1555 tamen
1529 1521 1605 1564 est,
1638 1528 1716 1555 non
1735 1516 1870 1557 omnia

24 1600 31 1627 5
69 1587 173 1623 esse,
205 1579 250 1614 ut
279 1574 384 1615 Urso
414 1574 612 1624 videntur,
645 1586 781 1614 crasse
814 1573 1001 1614 absurda.
1063 1573 1165 1613 Mihi
1198 1586 1295 1613 sane
1327 1573 1426 1614 nihil
1458 1574 1603 1614 falsum
1624 1573 1869 1626 Copernicns

21 1629 28 1662 ⁴
68 1633 220 1674 dixisse
252 1633 430 1673 videtur:
463 1634 645 1686 quodque
676 1633 775 1672 meis
805 1645 876 1684 pro
910 1631 1130 1684 Copernico
1162 1632 1289 1672 defuit
1319 1633 1583 1684 argumentis,
1616 1634 1657 1673 id
1688 1633 1868 1674 admira-
1942 1652 1960 1666 -x
1982 1644 2001 1654 ‘⁴

69 1692 139 1738 bili
171 1691 338 1732 solertia
367 1692 675 1744 experiundique
701 1691 896 1732 industria
920 1692 1131 1744 supplesse
1154 1692 1311 1732 videtur
1324 1691 1867 1752 §Qus-EQ-
1938 1695 1953 1746 ζ

69 1746 171 1793 iiius
201 1751 390 1810 anglus
420 1752 460 1791 in
489 1764 531 1791 re
563 1751 804 1803 magnetica.

227 1815 337 1852 muto
369 1811 559 1863 desperat
588 1823 705 1850 veras
737 1809 980 1863 hypotheses
1018 1809 1056 1848 in
1090 1808 1356 1854 astronomia,
1401 1809 1714 1862 Pyrrhoniorum
1758 1823 1867 1852 more

67 1869 201 1910 omnia
228 1869 382 1910 incerta
414 1870 585 1910 faciens:
639 1869 744 1909 Esse
775 1869 968 1921 quosdam
1000 1868 1128 1908 adhuc
1165 1880 1316 1908 naevos
1356 1868 1478 1908 etiam
1516 1868 1555 1908 in
1587 1869 1735 1920 optime
1765 1882 1866 1910 con-

65 1928 211 1969 stituta
241 1929 489 1969 astronomia
516 1933 806 1981 proptereaque
840 1934 880 1967 et
911 1928 950 1967 in
984 1927 1284 1980 hypothesibus,
1319 1939 1435 1966 nemo
1467 1933 1610 1979 negat:
1656 1934 1698 1968 et
1729 1929 1768 1968 id
1787 1935 1864 1977 est,

66 1999 136 2028 cur
171 1987 390 2028 hodiedum
437 1988 477 2028 in
515 1986 769 2028 restitutione
807 1992 1019 2038 tantopere
1061 1986 1276 2026 laboretur.
1347 1984 1538 2026 Ceterum
1575 1986 1732 2027 incerta
1769 2000 1866 2040 pro-

65 2051 207 2099 pterea
231 2047 370 2087 omnia
400 2059 449 2086 ne
481 2047 568 2099 quis
600 2046 722 2087 dicat.
774 2046 932 2086 Invenit
963 2045 1230 2085 astronomiae
1257 2057 1378 2098 opera
1396 2045 1666 2094 Ptolemaeus,
1698 2047 1866 2087 fixarum

0 2132 1 2158 3
67 2105 281 2157 sphaeram
311 2119 401 2146 esse
433 2106 691 2153 altissimam,
724 2105 836 2156 sequi
862 2104 997 2144 ordine
1029 2103 1263 2152 Saturnum,
1296 2103 1464 2152 Jovem‚
1497 2104 1697 2154 Martem,
1730 2104 1868 2146 Solem

0 2159 1 2163 ’
66 2164 128 2204 his
159 2163 401 2211 inferiorem,
432 2164 588 2204 Lunam
618 2164 806 2203 infimam.
869 2164 981 2202 Haec
1013 2170 1122 2202 certe
1155 2175 1251 2202 vera
1281 2169 1374 2202 sunt
1405 2169 1446 2202 et
1473 2164 1621 2203 formae
1642 2165 1866 2204 mundanae

66 2235 256 2262 consona.
318 2223 430 2262 Idem
468 2235 678 2262 ascensum
711 2228 752 2260 et
782 2223 1018 2261 descensum
1048 2222 1187 2260 Lunae
1226 2221 1343 2260 nimis
1379 2234 1568 2273 magnum
1610 2235 1864 2275 praesuppo—

64 2281 160 2322 suit.
219 2280 285 2320 Ex
315 2281 390 2320 hac
409 2280 620 2332 hypothesi
650 2280 795 2319 falsum
826 2286 867 2319 et
898 2279 949 2319 ab
967 2279 1175 2331 apparenti
1196 2278 1335 2331 Lunae
1360 2281 1632 2331 magnitudine
1665 2281 1866 2321 dissidens

65 2340 160 2392 quid
189 2340 303 2392 sequi
332 2339 674 2391 Regiomontanus
706 2344 747 2377 et
778 2337 1023 2389 Copernicus
1055 2338 1421 2388 deprehenderunt:
1474 2339 1673 2378 Dixerunt
1709 2340 1858 2391 itaque,

64 2399 225 2439 Lunam
250 2411 327 2438 non
359 2403 497 2438 tantos
529 2398 661 2437 facere
693 2398 821 2436 saltus
862 2397 900 2435 in
932 2397 1059 2436 altum
1089 2402 1132 2435 et
1167 2396 1416 2447 profundum.
1478 2397 1534 2436 Et
1571 2397 1658 2448 quis
1690 2398 1862 2443 dubitat,

65 2458 159 2509 quin
188 2458 263 2498 hoc
294 2470 436 2497 revera
466 2456 523 2496 sic
556 2456 595 2495 in
626 2456 736 2495 coelo
767 2468 812 2495 se
852 2453 1031 2494 habeat?
1090 2454 1152 2493 De
1189 2455 1443 2505 proportione
1470 2455 1636 2503 Terrae,
1681 2455 1790 2496 Solis
1821 2463 1864 2496 et

15 2516 33 2552 Ἀ
64 2517 202 2556 Lunae
232 2515 273 2558 ἐν
300 2518 456 2563 naara,
499 2514 586 2567 quis
618 2527 766 2566 quaeso
798 2519 863 2553 est
893 2514 957 2565 qui
990 2513 1163 2560 dubitet,
1197 2513 1275 2552 nisi
1305 2513 1625 2560 melancholicus
1627 2513 1871 2566 „al-im

65 2575 432 2632 Μω-
477 2575 542 2614 Ita
572 2573 689 2612 hodie
722 2585 836 2612 nemo
867 2584 984 2624 porro
1016 2571 1183 2623 equui
1216 2571 1390 2619 dubitet,
1437 2572 1548 2623 quin,
1589 2573 1695 2623 quod
1725 2580 1790 2614 est
1820 2574 1862 2614 in

66 2633 100 2672 T
126 2634 264 2674 chonis
284 2631 947 2700 ‘etQQemicJZ-lepqthgsibns„
959 2642 1182 2687 gqmmw,
1227 2629 1297 2669 Sol
1338 2642 1478 2681 nempe
1518 2636 1698 2671 centrum
1729 2639 1862 2673 motus
1879 2632 1903 2674 Ἰ,

65 2647 391 2744 ᾖιῖίῖῗῖὤ,
422 2684 796 2732 ιᾱ”ἶέὖέι-Ξ”εἶὸ”ἶε
816 2683 978 2728 habeat
1006 2702 1047 2728 ln
1077 2683 1328 2739 1pffo‘coelo‚
1374 2689 1451 2728 etsi
1482 2690 1640 2729 interim
1670 2691 1719 2729 de
1750 2696 1860 2731 motu
1884 2677 1905 2739 ἦ

63 2751 129 2790 vel
153 2751 286 2803 quiete
317 2750 425 2791 Solis
456 2750 547 2790 hinc
578 2749 670 2789 inde
701 2749 916 2788 dubitetur.
979 2747 1095 2787 Talia
1115 2747 1240 2787 multa
1260 2752 1354 2787 sunt
1377 2747 1566 2787 beneficio
1593 2750 1860 2790 astronomiae

64 2809 256 2849 hactenus
292 2810 334 2849 in
373 2809 541 2862 physica
577 2808 748 2848 scientia
778 2806 1017 2855 constituta,
1058 2819 1160 2858 quae
1200 2806 1317 2845 fidem
1348 2806 1387 2845 in
1423 2811 1629 2857 posterum
1659 2815 1862 2849 merentur

31 2895 35 2918 5
65 2873 108 2907 et
135 2881 277 2908 revera
307 2868 365 2908 sic
396 2881 441 2907 se
470 2867 634 2915 habent,
669 2873 712 2906 ut
742 2866 836 2907 Ursi
869 2865 1095 2916 desperatio
1128 2865 1213 2904 sine
1244 2877 1367 2904 causa
1400 2865 1466 2904 sit.

29 2971 37 2981 .
182 2926 308 2967 Sexto
339 2927 531 2978 plurimas
562 2926 622 2965 ait
651 2924 928 2979 hypothesium
955 2923 1103 2962 formas
1135 2923 1305 2974 confingi
1340 2935 1473 2974 posse.
1534 2923 1651 2964 Adeo
1682 2924 1770 2966 leve
1801 2926 1860 2967 illi

29 2985 43 3035 ξ’
63 2985 267 3037 negotium
299 2991 364 3024 est
404 2985 678 3038 hypotheseon
716 2982 963 3023 constitutio.
1025 2983 1084 3021 At
1123 2995 1172 3041 ea
1207 2982 1327 3033 plena
1363 2981 1511 3022 laboris
1554 2989 1619 3023 est.
1657 2989 1699 3024 et
1740 2998 1859 3026 curae

30 3047 43 3067 ⁸
63 3054 261 3090 summae,
306 3044 409 3095 quod
441 3043 586 3083 testari
615 3048 822 3094 poterunt,
857 3041 923 3093 qui
954 3053 1042 3080 eam
1075 3041 1349 3092 degustarunt.
1410 3041 1660 3083 Praesidium
1699 3045 1857 3096 quidem

31 3097 189 3155 {habet
217 3103 315 3142 haec
347 3102 550 3142 sententia
580 3102 810 3142 nonnullum
841 3101 878 3140 in
900 3111 971 3144 eo,
1005 3100 1108 3152 quod
1129 3100 1255 3139 Ursus
1281 3100 1434 3139 nonnisi
1466 3100 1628 3141 fictitias
1661 3115 1751 3142 esse
1774 3105 1859 3144 vult
1912 3137 1919 3143 ,

1493 3168 1574 3205 16*
