2028 3242
642 720 1311 827 noosmuu.

196 1076 312 1124 Quae
341 1079 542 1133 Keplerus
580 1082 619 1122 in
651 1082 751 1123 libro
783 1083 832 1123 de
852 1083 970 1123 Nova
988 1082 1119 1123 Stella
1148 1082 1260 1130 (vide
1291 1082 1386 1135 Vol,
1419 1082 1494 1130 Π.)
1526 1082 1653 1124 latino
1690 1097 1874 1126 sermone

78 1135 176 1177 viria
206 1137 385 1188 eruditis,
426 1140 493 1192 qui
525 1147 664 1181 essent
700 1141 782 1181 ista
823 1141 985 1191 lecturi,
1026 1142 1075 1181 de
1114 1141 1335 1193 astrologia
1364 1148 1649 1193 proposuerat,
1693 1143 1733 1183 iu
1772 1144 1874 1184 libro

78 1194 147 1246 qui
172 1195 357 1248 nequitur
386 1199 615 1250 germanico
646 1199 836 1240 idiomate
868 1200 1046 1252 pluribus
1077 1199 1252 1252 explicat
1282 1211 1371 1240 cum
1402 1199 1588 1249 eruditis,
1628 1205 1711 1242 tum
1743 1202 1874 1243 homi-

83 1251 200 1294 nibus
230 1253 435 1296 literarum
466 1257 599 1297 studio
637 1258 766 1298 minus
797 1258 973 1298 imbutis.
1036 1257 1151 1298 Sicut
1188 1258 1228 1298 in
1260 1257 1362 1298 libro
1397 1257 1577 1310 proxime
1609 1260 1875 1311 praecedente

80 1316 221 1352 contra
249 1311 459 1355 Boslinum
489 1328 558 1356 eos
572 1347 583 1365 ,
618 1316 683 1368 qui
715 1316 878 1357 nimium
908 1317 1130 1357 tribuerent
1159 1317 1417 1368 astrologiae,
1450 1316 1710 1366 refutaverat,
1743 1318 1805 1359 ita
1833 1318 1874 1358 in

81 1369 157 1410 hoc
193 1369 375 1413 defendit
410 1373 672 1427 astrologiam
704 1380 844 1415 contra
874 1387 962 1420 eos,
1001 1375 1069 1427 qui
1103 1374 1261 1427 penitus
1304 1387 1393 1415 eam
1424 1380 1603 1415 evertere
1641 1376 1872 1417 studebant.

82 1425 259 1469 causam
289 1431 567 1472 conscribendi
597 1433 715 1485 hujus
734 1433 912 1485 opusculi
942 1433 1127 1485 praebuit
1144 1433 1319 1484 Keplero
1345 1434 1633 1479 controversia,
1665 1440 1755 1474 orta
1772 1435 1877 1475 inter

82 1485 140 1526 M.
172 1487 322 1529 Melch.
355 1489 664 1540 Scharerum,
702 1497 907 1543 pastorem
944 1491 1279 1543 Metzingens'em,
1320 1497 1362 1530 et
1390 1491 1442 1532 D.
1481 1491 1583 1532 Phil.
1617 1493 1875 1540 Feselium,

83 1544 277 1586 medicum
318 1547 562 1589 Marchionis
608 1550 818 1590 Badensis.
894 1550 1076 1590 Feselius
1122 1562 1225 1590 anno
1272 1546 1397 1590 1609.
1446 1549 1594 1600 publici
1636 1550 1738 1603 juris
1779 1551 1878 1591 fecit

85 1601 284 1653 libellum,
332 1606 586 1659 inscriptum:
634 1607 950 1657 „Grfindtlicher
985 1608 1151 1648 Discurs
1189 1620 1265 1647 von
1310 1608 1380 1647 der
1416 1607 1653 1660 Astrologia
1693 1609 1875 1649 Judicia-

84 1660 185 1709 ria,“
223 1661 264 1702 in
306 1666 555 1717 praefatione
592 1666 692 1706 haec
730 1667 926 1706 afferens:
964 1667 1213 1718 Metzingae·
1231 1679 1274 1706 se
1311 1679 1399 1706 cum
1424 1665 1623 1706 Scharero
1660 1667 1787 1707 multa
1826 1668 1876 1707 de

85 1719 338 1772 astrologicis
382 1724 722 1775 praedictionibus
761 1725 1007 1777 disputasse,
1051 1737 1169 1777 quum
1211 1724 1279 1765 ille
1322 1724 1585 1776 astrologiam
1630 1725 1875 1775 defenderet,

83 1777 171 1830 ipse
207 1791 296 1819 eam
334 1788 606 1833 oppugnaret;
648 1783 767 1834 paulo
804 1789 898 1835 post
934 1783 1131 1836 prodiisse
1169 1783 1245 1823 duo
1278 1781 1466 1822 Schareri
1503 1783 1759 1835 prognostica
1790 1785 1876 1831 (an.

91 1833 214 1877 1608.
247 1843 290 1878 et
323 1837 488 1889 1609.)‚
520 1841 559 1880 in
592 1841 732 1893 quibus
763 1853 917 1889 omnes,
951 1842 1015 1894 qui
1046 1854 1123 1881 non
1143 1840 1301 1893 penitus
1331 1841 1480 1881 addicti
1511 1841 1593 1881 sint
1622 1842 1879 1894 astrologiae,

88 1899 275 1937 notentur
304 1898 524 1938 calumniis.
588 1900 720 1947 (Haec
752 1906 846 1939 sunt
876 1900 960 1952 ejus
990 1900 1134 1939 verba:
1168 1914 1213 1940 er
1241 1905 1389 1940 nennet
1416 1901 1479 1940 eie
1507 1900 1732 1947 verachter,
1762 1906 1877 1954 spo'te

86 1959 163 2001 ter,
193 1953 382 2004 laeter-er,
408 1958 535 2011 ,qr-obe
563 1972 730 2006 nav-ren,
761 1959 887 2011 yrobe
912 1957 1272 2011 philosophantem
1309 1957 1635 2011 uddersprecher
1663 1959 1741 1999 der
1763 1972 1877 1999 war-

88 2012 183 2062 lm't,
215 2015 470 2056 mavimende
499 2016 627 2063 Leuc,
669 2022 765 2070 ‚mate
795 2015 935 2057 albere
964 2018 1156 2070 tropffen,
1201 2015 1405 2070 cyclopes,
1445 2017 1566 2056 boum
1595 2022 1635 2056 et
1663 2017 1878 2058 asinorum

87 2083 206 2112 voces
245 2073 487 2124 emittentes,
530 2074 680 2116 welche
722 2075 792 2115 die
824 2074 1054 2116 Oreaturen
1086 2075 1231 2115 Gottee
1265 2076 1342 2115 mit
1375 2074 1650 2128 Kalbeauyen
1684 2076 1876 2124 anscheri,

86 2130 318 2184 vmimiye,
358 2137 575 2186 qmntzer,
620 2134 813 2174 kenische
838 2133 1098 2180 cavillantes,
1140 2133 1211 2173 die
1250 2132 1479 2187 yleiclwam
1511 2133 1613 2174 (ἶσα
1651 2135 1696 2174 in
1737 2135 1879 2175 seinen

91 2186 321 2230 Oreum-en
349 2192 567 2232 verat-laten
602 2192 686 2232 vnd
715 2193 829 2232 seina
853 2191 948 2232 Ehr
977 2192 1243 2245 verspotten.)
1302 2192 1413 2231 Haec
1433 2192 1644 2243 opprobria
1664 2197 1804 2232 contra
1834 2205 1878 2232 se

87 2246 219 2298 ipsum
248 2247 357 2288 dicta
387 2261 477 2289 esse
507 2255 626 2301 putat
647 2249 848 2298 Feselius;
881 2256 924 2289 at
955 2250 1214 2290 concitatiore
1246 2250 1396 2301 impetu
1421 2251 1609 2302 abreptus
1635 2251 1686 2289 ad
1706 2263 1876 2301 respon-

89 2305 260 2345 dendum
289 2319 367 2346 non
399 2307 659 2359 astrologiam
690 2313 864 2356 tantum,
904 2309 976 2348 sed
1008 2307 1293 2347 astronomiam
1332 2308 1456 2347 etiam
1486 2321 1536 2347 ex
1565 2314 1680 2358 parte
1719 2308 1877 2360 quidem

86 2363 231 2415 rejicit.
292 2364 502 2416 Keplerus,
535 2366 695 2406 vixdum
726 2367 914 2406 absoluta
943 2365 1200 2417 responsione
1221 2366 1273 2405 ad
1291 2365 1512 2413 Roslinum‚
1544 2365 1768 2417 impavidus
1799 2366 1876 2405 im-

86 2427 241 2474 pugnat
270 2421 372 2462 hunc
404 2436 556 2476 quoque
589 2425 795 2473 medicum,
829 2424 1051 2464 concedens
1082 2437 1143 2471 ea,
1177 2433 1277 2475 quae
1296 2436 1389 2462 vere
1421 2423 1541 2474 objici
1564 2424 1722 2475 possint
1741 2428 1875 2463 astro-

89 2480 239 2532 logiae,
283 2481 448 2521 firmiter
477 2487 619 2522 tenens
650 2495 763 2522 suam
794 2483 842 2522 de
873 2483 944 2522 illa
974 2481 1233 2529 sententiam,
1278 2481 1458 2520 refutans
1490 2494 1556 2530 ea,
1596 2494 1696 2533 quae
1727 2481 1879 2532 impru-

89 2537 247 2579 dentius
277 2539 458 2580 Feselius
489 2541 724 2592 protulisset
754 2546 896 2580 contra
925 2540 1227 2587 astronomiam,
1274 2539 1426 2590 optica,
1464 2539 1632 2592 physica
1669 2545 1711 2579 et
1741 2545 1876 2579 astro-

89 2597 245 2637 nomica
269 2598 328 2645 (v.
361 2610 396 2637 c.
430 2599 723 2647 refractionem,
755 2604 885 2638 motus
915 2599 1166 2650 planetarum
1198 2610 1355 2644 causas,
1389 2596 1598 2648 Copernici
1624 2597 1876 2650 hypothesin,

90 2666 202 2695 usum
240 2655 592 2696 instrumentorum
630 2657 1003 2704 astronomicorum)
1042 2656 1093 2695 ad
1130 2668 1288 2695 sensum
1328 2656 1560 2706 popularem
1596 2656 1878 2708 vulgaremque
1924 2700 1927 2702 ,

90 2714 407 2754 accommodans.
472 2714 668 2754 Thesibus
710 2712 792 2755 140
831 2719 1066 2766 argumenta
1102 2714 1251 2753 Feselii
1287 2713 1484 2764 Keplerus
1522 2714 1739 2752 examinat.
1801 2713 1877 2753 Hic

90 2775 222 2811 autem
263 2772 305 2812 in
344 2772 425 2812 illis
457 2772 701 2824 argumentis
738 2772 904 2823 primum
936 2777 1125 2823 posuerat
1161 2771 1499 2822 imperfectionem
1537 2771 1805 2811 astronomiae
1837 2777 1879 2811 et

89 2829 353 2882 astrologiae;
403 2831 577 2870 secundo
618 2836 853 2882 argumento
893 2830 1174 2870 auctoritatem
1210 2828 1535 2880 philosophorum
1578 2829 1876 2880 appellaverat;

91 2887 212 2928 tertio
242 2888 513 2941 inquisiverat,
546 2901 621 2941 quo
648 2888 739 2940 jure
771 2889 964 2940 astrologi
995 2889 1035 2928 in
1067 2900 1161 2927 suas
1186 2893 1323 2938 partes
1348 2891 1510 2927 vertant
1533 2888 1655 2927 verba
1675 2887 1878 2928 literarum

90 2956 313 2994 sacrarum3
353 2952 493 2999 quarto
525 2946 802 2999 disputaverat
833 2947 881 2986 de
911 2951 1056 2986 natura
1084 2946 1357 2998 planetarum,
1396 2957 1446 2985 ex
1475 2945 1652 2996 ipsorum
1681 2946 1808 2997 figura
1837 2951 1880 2985 et

89 3002 221 3043 colore
250 3005 547 3056 cognoscenda;
580 3005 716 3058 quinto
748 3005 796 3045 de
829 3004 1075 3057 experientia
1105 3008 1257 3055 egerat,
1289 3016 1407 3056 quam
1437 3016 1553 3044 suum
1582 3004 1623 3044 in
1648 3016 1763 3044 usum
1781 3015 1875 3044 ver-

89 3064 182 3102 tant
209 3063 413 3114 astrologi.

183 3129 299 3164 unua
317 3131 409 3166 opor·
425 3131 448 3159 1.
1553 3129 1598 3164 35
