2028 3242
782 49 824 80 ‹10
849 49 944 80 ntus
969 49 1183 91 mmlogieis.
1804 48 1888 91 347

85 166 174 195 me
180 158 304 196 'uxor‘
340 155 644 207 importunitate
693 169 786 202 sua,
835 162 898 205 ut,
949 156 1042 208 quia
1084 155 1232 196 balnea
1276 156 1430 204 horret,
1481 156 1546 196 vel
1594 158 1760 197 tandem
1809 158 1888 198 ali·-

85 210 243 269 91181100
284 219 428 267 corpus
471 212 686 256 abluerem.
750 215 953 256 Immersit
981 226 1044 255 me
1086 214 1126 254 in
1165 215 1320 255 labrum
1351 227 1480 268 aquae
1511 215 1612 256 bene
1651 216 1888 265 calefactae,

85 271 151 325 qui
181 273 356 314 calorme
394 274 543 315 afflixit
583 287 722 327 meque
759 273 1043 326 coangustavit
1069 268 1187 314 01108
1225 274 1471 326 praecordia.
1538 273 1609 316 31.
1647 275 1751 328 Maji
1788 289 1886 328 pur-

84 331 196 382 gavi,
239 344 291 372 ex
333 340 443 373 more
486 346 582 374 usus
625 346 909 387 παηυμαγωγῳ
950 332 1044 373 10111.
1122 331 1158 373 1.
1187 333 1283 373 Jun.
1326 345 1467 373 venam
1506 334 1615 374 secui
1652 335 1798 375 iterum
1837 348 1889 376 ex

83 393 192 432 10010
205 422 216 439 ,
262 403 338 431 0011
375 397 543 445 01301110
581 392 718 433 morbo
731 424 742 441 ‚
786 404 836 431 ne
875 391 1103 444 suspicione
1141 391 1300 445 quidem
1332 392 1470 432 morbi.
1535 393 1673 446 Atque
1704 394 1779 435 hoc
1810 406 1887 434 uon

83 461 179 489 sane
222 462 272 490 ex
314 451 564 505 praescripto
607 450 874 503 astrologiae,
924 456 970 491 ut
1013 449 1130 490 facile
1166 449 1292 490 vides.
1352 450 1509 491 Minuto
1551 452 1745 504 sanguine
1785 453 1888 494 bene

84 508 203 550 habui
232 521 305 563 per
334 507 454 550 horafs
484 509 651 563 aliquot,
682 522 850 562 vespere
880 509 990 557 sacto
1022 508 1196 550 difficilis
1228 522 1290 550 me
1322 521 1483 550 somnus
1517 510 1684 551 invitum
1716 511 1754 552 in
1775 518 1886 552 stra—

86 567 181 620 gula
209 568 392 621 conjecit,
425 568 663 621 praecordia
693 568 1075 621 coangustabantur.
1126 568 1237 608 Tunc
1268 581 1326 608 sc.
1346 567 1440 608 bilis
1462 569 1669 610 ferebatur
1688 570 1727 610 in
1749 578 1883 623 caput,

76 627 197 679 juxta
225 627 462 680 praecordia
490 628 705 669 transiens.
773 626 815 668 2.
847 627 940 668 Jun.
974 640 1053 668 11011
1083 627 1236 681 optima
1266 632 1522 680 tempestate,
1564 629 1699 669 calida
1732 636 1882 678 tamen,

85 684 251 727 transivi
294 684 335 726 iu
378 686 568 728 minorem
609 687 772 735 urbem,
821 692 863 726 01
893 686 990 727 mihi
1030 686 1173 727 melius
1204 692 1316 727 esset
1357 693 1468 727 motu
1500 700 1585 728 080.
1648 688 1779 729 Biduo
1812 689 1886 729 hoc

82 743 278 786 Bhenano
322 745 413 786 vino
454 758 646 799 perquam
683 757 879 798 generoso
924 759 1034 786 eram
1077 758 1187 786 usus.
1264 743 1346 786 Sed
1393 746 1444 785 ad
1483 746 1601 799 hujus
1641 747 1719 788 diei
1756 761 1887 800 pran-

83 803 189 844 dium
213 804 423 857 frugaliter
441 805 548 846 vixi:
582 805 690 846 circa
721 803 859 846 horam
891 818 931 858 p.
964 818 1017 845 m.
1051 806 1214 845 tertiam
1245 804 1385 845 horror
1415 818 1477 845 me
1509 806 1670 859 excepit
1690 807 1782 848 dum
1809 807 1884 846 do-

84 874 188 903 mum
218 864 438 910 contendo,
481 870 523 904 et
554 870 599 904 ut
628 865 672 904 fit
703 864 813 916 apud
839 876 901 905 me
938 864 978 904 in
1017 863 1198 905 omuibus
1237 863 1436 913 febribus,
1481 864 1688 906 cerebrum
1719 866 1890 906 invaluit

85 934 242 971 somno,
287 922 454 963 dormivi
485 923 681 976 inquiete,
720 928 807 962 toto
840 935 940 974 pene
970 922 1113 972 biduo,
1145 923 1254 963 nullo
1287 935 1383 963 usus
1414 923 1523 967 cibo.
1555 923 1724 965 subinde
1756 925 1888 965 vomui

85 981 204 1022 bilem
235 981 447 1022 admodum
478 988 718 1034 corruptam.
779 981 1051 1035 Paroxysmos
1093 982 1225 1022 nullos
1263 982 1521 1022 vehementes
1562 983 1695 1024 habui.
1758 984 1887 1024 Totus

83 1040 243 1081 morbus
284 1040 325 1080 in
357 1040 547 1081 effusione
579 1040 670 1081 bilis
701 1041 742 1081 in
772 1041 1034 1081 ventriculum
1067 1041 1153 1081 tuit.
1215 1041 1364 1081 Triduo
1395 1047 1507 1093 post,
1551 1055 1588 1082 n.
1619 1038 1660 1083 4.
1693 1042 1787 1083 Jnn.
1821 1043 1886 1083 in-

85 1099 183 1140 cidit
211 1112 291 1140 una
320 1112 420 1140 uxor
449 1112 538 1141 mea
567 1099 607 1140 in
640 1099 911 1153 quotidianam
933 1100 1096 1145 febrem,
1128 1105 1243 1140 tanto
1261 1100 1604 1152 periculosiorem,
1638 1102 1743 1154 quod
1774 1108 1885 1142 esset

82 1158 262 1210 gravida.
323 1156 496 1212 Reliqua
524 1158 785 1211 particularia
815 1172 891 1199 non
918 1160 1120 1209 annotavi,
1152 1158 1229 1199 nisi
1261 1159 1365 1211 quod
1397 1159 1448 1199 ad
1481 1157 1509 1201 6
1541 1160 1605 1200 vel
1627 1160 1653 1201 7
1685 1161 1884 1213 septima-

83 1222 156 1257 nas
175 1217 429 1259 conflictatus
450 1231 498 1257 ea
517 1231 617 1258 sum.
663 1218 868 1258 Interdum
899 1216 950 1259 10
971 1218 1110 1259 diebus
1136 1218 1247 1267 liber,
1281 1224 1326 1257 ut
1357 1231 1480 1259 sanus
1510 1219 1716 1268 crederer,
1751 1221 1886 1273 itaque

83 1289 156 1316 080
168 1275 248 1317 vini
269 1276 321 1317 ad
338 1276 575 1318 vomitiones
591 1276 683 1317 bilis
703 1277 803 1317 redii
822 1282 865 1317 et
883 1278 934 1317 ad
954 1277 1138 1318 horrores
1152 1278 1235 1326 810,
1257 1289 1348 1317 cum
1368 1277 1532 1317 duraret
1553 1279 1776 1320 obstructio
1793 1280 1886 1320 alvi.

83 1332 227 1384 Credo,
259 1347 321 1375 me
353 1348 405 1375 ex
434 1348 568 1376 eornm
600 1348 760 1376 numero
792 1349 895 1385 esse,
929 1336 1071 1388 quibus
1101 1349 1152 1377 ex
1181 1336 1274 1376 bilis
1306 1335 1487 1398 folliculo
1519 1343 1678 1378 meatus
1709 1338 1749 1379 in
1780 1352 1881 1379 ven-

82 1387 266 1435 triculum
297 1394 395 1441 abit,
428 1394 493 1447 qui
524 1396 658 1435 solent
688 1408 778 1435 esse
809 1396 1025 1448 βραχυβιοι.

175 1454 425 1497 Fabricius:
465 1464 606 1501 Moneo.
645 1470 682 1496 ut
706 1464 881 1507 diligenter
904 1465 1049 1506 inquiras
1073 1463 1303 1495 universalium
1335 1469 1370 1495 et
1401 1464 1628 1497 1111110108το10
1652 1469 1888 1508 tempestatum

81 1519 223 1550 cansasg
245 1511 281 1544 in
303 1512 344 1545 iis
367 1522 486 1554 nempe
511 1513 688 1544 consistere
713 1512 840 1544 ridetur
863 1514 964 1544 totius
988 1511 1240 1553 meteorologiae
1265 1512 1415 1543 scientia.

198 1576 467 1630 Keplerus:
519 1576 636 1623 Quod
668 1590 822 1625 mones,
856 1577 969 1617 vides
1000 1589 1063 1616 me
1095 1576 1238 1617 fecisse
1271 1577 1309 1616 in
1342 1576 1589 1628 prognostici
1618 1577 1884 1629 praefatione.

82 1634 142 1674 Tu
161 1635 252 1675 illas
270 1642 412 1677 excute
444 1635 687 1702 diligentius,
720 1636 912 1688 adjuncta
941 1648 1030 1676 mea
1056 1635 1329 1687 disputatione
1362 1635 1411 1675 de
1431 1635 1740 1688 Meteorologia,
1773 1637 1885 1689 cujus

84 1699 317 1746 argumenta
347 1701 485 1747 patere
518 1695 640 1735 altius
672 1694 711 1735 in
744 1701 855 1735 tuum
885 1695 1058 1735 animum
1090 1694 1352 1742 descendere,
1387 1700 1431 1734 01
1463 1707 1512 1734 ea
1542 1695 1703 1747 penitus
1735 1708 1884 1748 appre-

82 1749 248 1803 fiendas,
280 1766 358 1794 neu
389 1754 654 1794 transv.olent

175 1823 400 1856 Fabricius
426 1822 758 1864 (26.Jan.1605):
791 1823 866 1865 'Ego
891 1822 1172 1855 altitudinem
1197 1823 1367 1854 nubium
1392 1833 1457 1854 nou
1482 1832 1555 1855 raro
1580 1824 1748 1866 indagavi,
1776 1829 1811 1856 et
1833 1826 1885 1856 in-

82 1870 157 1902 veni
181 1869 295 1904 diebu
318 1872 451 1903 aestivis
474 1881 541 1903 non
570 1871 658 1903 ultra
693 1869 782 1903 ¹00⁰
805 1879 931 1912 passus.
981 1869 1082 1902 Nulla
1114 1870 1219 1902 nubes
1253 1870 1352 1902 altius
1389 1870 1513 1902 dimidii
1546 1871 1695 1903 milliaris
1720 1872 1883 1908 ascendit,

81 1925 156 1949 0001
180 1921 239 1950 alr
260 1918 312 1950 vel
331 1920 428 1959 Juxta
450 1923 511 1950 tua
535 1919 710 1950 ratiocinia
738 1928 804 1950 non
837 1917 911 1958 plus
940 1918 974 1948 in
1004 1917 1110 1949 altum
1134 1918 1327 1959 porrigatur.
1378 1917 1533 1953 Memini.
1564 1929 1617 1951 me
1642 1918 1820 1960 aliquando
1844 1919 1886 1951 de

82 1965 266 1998 nor-inib—
289 1975 413 1998 arenae
436 1966 615 1998 minitati
642 1965 772 2007 Olympi
796 1965 959 2005 inscriptis
984 1964 1102 2006 legisse
1127 1963 1187 1996 010.
1237 1963 1365 2006 (comp.
1395 1963 1579 2006 Opticam)

176 2011 278 2045 Ratio
302 2013 495 2045 observandi
520 2013 578 2045 alt,
604 2014 738 2044 nubium
764 2013 923 2045 11800.111
947 2011 1046 2052 plano
1072 2016 1106 2044 et
1131 2011 1232 2043 libero
1257 2011 1329 2043 loco
1353 2016 1499 2053 tempore
1522 2013 1671 2045 meridiei
1695 2018 1886 2055 expectetur

83 2057 186 2090 001108
210 2059 338 2102 aliqua,
371 2069 456 2101 qnae
481 2069 542 2091 sua
566 2060 774 2092 extremitate
799 2060 955 2091 verticem
988 2059 1203 2090 observatoris
1229 2060 1384 2113 attingat.
1436 2059 1560 2092 Eodem
1585 2065 1751 2093 momento
1776 2061 1884 2092 obser·

82 2108 196 2142 vetur,
225 2114 393 2148 quousque
426 2106 541 2138 umbra
565 2095 780 2139 extremita‘tis
805 2107 898 2139 istius
921 2116 1032 2137 versus
1057 2107 1314 2147 septentrionem
1346 2107 1380 2137 in
1410 2106 1509 2148 plano
1535 2107 1657 2140 Terrae
1683 2109 1884 2149 projiciatur,

82 2153 302 2194 terminusque
325 2156 468 2184 notetur.
518 2153 573 2185 Sic
596 2154 737 2186 habetur
759 2153 959 2195 triangulum
995 2152 1246 2195 rectangulum‚
1284 2155 1378 2194 cujus
1403 2154 1488 2186 alter
1518 2155 1606 2187 latus
1641 2160 1692 2187 est
1728 2155 1887 2188 01818068

83 2199 219 2241 cognita
238 2199 385 2232 locorum
409 2205 444 2232 et
467 2201 608 2242 angulus
633 2201 815 2233 altitudinis
840 2200 924 2232 Solis
949 2200 1152 2231 meridianae
1177 2201 1328 2242 cognitus

199 2258 463 2310 Keplerus:
509 2258 730 2298 Confirmas
762 2271 890 2299 meum
920 2258 1128 2310 problema
1158 2258 1207 2298 de
1240 2258 1450 2299 altitudine
1482 2260 1590 2300 aeris
1610 2260 1884 2312 experimento

83 2317 263 2365 nubium;
307 2323 349 2356 et
379 2317 482 2356 forte
513 2323 556 2356 tu
589 2317 913 2369 probabilitatem
945 2317 1070 2356 solam
1103 2316 1313 2368 spectasti.
1369 2318 1430 2357 At
1459 2319 1592 2360 beasti
1623 2332 1704 2364 me,
1746 2332 1770 2358 o
1800 2320 1834 2359 F
1836 2333 1884 2358 a-

85 2375 196 2424 brici,
229 2375 486 2428 suppeditata
516 2376 858 2416 demonstratione
890 2376 1130 2415 necessaria.
1193 2374 1236 2414 Si
1269 2375 1395 2415 nubes
1426 2383 1521 2417 sunt
1544 2378 1751 2429 graviores
1777 2382 1883 2426 aere,

84 2447 172 2474 cum
203 2435 384 2475 oriantur
421 2447 471 2474 ex
502 2435 646 2484 Terra,
685 2435 900 2475 manebunt
929 2447 1048 2486 super
1079 2434 1265 2481 Terram,
1299 2438 1343 2472 nt
1375 2436 1563 2484 nebulae,
1609 2437 1884 2476 tantummodo

18 2508 34 2516 ‚⁷
84 2494 187 2533 mole
219 2506 292 2533 sua
321 2495 441 2545 paulo
472 2494 760 2541 elevabuntur,
807 2499 852 2533 ut
896 2493 1072 2533 habeant
1115 2493 1289 2544 spatium
1328 2493 1504 2543 justum,
1552 2507 1628 2547 quo
1659 2495 1884 2547 capiantur.

84 2549 155 2591 Sin
189 2558 325 2592 autem
357 2553 579 2592 ascendunt
612 2553 758 2600 nubes,
810 2558 924 2592 erunt
962 2551 1132 2592 leviores
1170 2556 1289 2600 8010,
1336 2558 1379 2591 ut
1417 2553 1450 2593 si
1488 2553 1624 2593 vesica
1662 2553 1804 2594 inflata
1835 2567 1885 2594 ex

83 2610 198 2662 aquis
228 2611 435 2652 ascendat.
498 2612 540 2652 Si
574 2611 743 2652 leviores
776 2615 894 2658 8010,
941 2623 1017 2650 non
1050 2616 1170 2649 vento
1202 2611 1374 2662 desuper
1404 2611 1655 2653 incumbente
1687 2613 1882 2664 agitatae,

12 2695 15 2702 ι
84 2670 303 2715 ascendent
342 2670 464 2722 igitur
496 2683 565 2723 per
596 2683 750 2710 omnem
792 2669 897 2709 80118
930 2669 1198 2715 altitudinem,
1243 2674 1286 2708 et
1317 2669 1375 2709 sic
1406 2684 1483 2710 non
1514 2671 1664 2723 poterit
1693 2677 1764 2712 aer
1794 2685 1882 2712 esse

85 2727 204 2768 altior
232 2729 400 2769 nubibus
433 2730 565 2781 quiete
598 2729 924 2769 consistentibus.
986 2728 1092 2768 Nam
1124 2728 1248 2767 nubes
1282 2734 1344 2766 est
1376 2730 1472 2769 nibil
1505 2731 1580 2770 nisi
1611 2743 1755 2782 vapor;
1800 2731 1882 2771 ita·

83 2797 158 2837 qne
189 2799 315 2839 vapor
345 2788 538 2827 densatus
571 2788 608 2827 in
641 2795 799 2839 guttam
832 2787 971 2826 statim
1002 2787 1142 2826 iterum
1176 2786 1338 2826 decidit.

176 2868 422 2901 Fabricius:
457 2870 582 2902 Aeris
607 2869 884 2900 altitudinem
915 2879 979 2900 non
1004 2869 1123 2909 ubique
1148 2868 1287 2899 eandem
1313 2878 1385 2900 esse
1409 2874 1499 2910 puto,
1524 2870 1559 2901 in
1583 2870 1663 2902 10018
1687 2872 1883 2904 australibus

0 2929 9 2961 j
82 2913 300 2954 humiliorem,
339 2926 437 2958 quam
473 2918 506 2948 iu
543 2917 736 2948 borealibus.
788 2915 983 2955 (Rationes,
1016 2925 1097 2957 quas
1132 2915 1229 2947 affert
1252 2916 1310 2951 F..
1345 2916 1499 2958 leguntur
1523 2918 1556 2948 in
1582 2917 1647 2950 1180
1670 2918 1807 2960 Kepleti
1830 2930 1881 2952 re·

84 2961 283 3002 8110060110.)

203 3026 475 3083 Keplerus:
521 3027 779 3069 Australibus
824 3034 865 3070 et
905 3028 1081 3071 torridae
1126 3033 1257 3069 aerem
1301 3032 1598 3084 profundiorem
1638 3033 1804 3085 probavi
1842 3035 1880 3075 in
