2028 3242
838 115 949 158 Caput
974 115 1063 148 xvr
1776 112 1859 156 159

50 224 241 266 atriensis
262 224 409 278 aliquis
430 224 537 264 circa
556 224 707 271 herum,
741 228 811 262 aut
832 221 955 262 veluti
975 221 1099 274 quiin
1131 220 1227 261 navi
1257 220 1531 269 obambulant,
1563 232 1690 272 neque
1723 226 1859 261 tamen

50 296 142 324 sese
174 283 383 335 fatigando
414 282 625 335 proficiunt
656 282 695 322 in
727 281 887 329 itinere,
927 279 1004 320 nisi
1035 291 1182 332 magua
1212 278 1274 319 vis
1306 291 1498 332 aquarum
1530 280 1705 319 incertos
1737 292 1859 332 quor-

49 355 138 383 sum
168 347 265 382 eant
293 347 338 382 et
366 342 433 381 vel
466 341 624 394 quietos
654 343 904 392 promoveat.
955 338 1090 391 Atque
1122 344 1167 378 ut
1197 337 1371 389 spatium
1401 337 1517 378 Luna
1548 351 1598 378 ex
1629 338 1724 378 orbe
1757 338 1859 378 Ter-

49 410 147 441 reno
176 405 406 453 motumque
437 400 587 440 sortita
616 405 693 446 est,
726 398 784 438 sic
803 403 846 437 et
866 397 1015 437 multas
1034 396 1284 438 conditiones
1304 395 1412 447 globi
1433 396 1597 437 Terreni
1618 396 1821 448 adeptam,
1824 399 1858 445 e)

47 463 147 512 puts
182 458 455 508 continentes,
493 458 639 506 maria,
677 462 854 504 montes,
894 452 1049 504 aerem,
1091 455 1157 495 vel
1194 455 1258 495 his
1300 455 1435 507 aliqua
1473 467 1704 507 quocunque
1742 456 1859 496 modo

0 564 2 566 v
50 517 420 571 correspondentia,
453 517 589 557 multis
614 514 857 567 conjecturis
876 514 1116 555 Maestlinus
1133 514 1293 566 probat,
1327 525 1401 553 uec
1432 513 1564 553 nullas
1596 526 1672 566 ego
1704 514 1859 563 habeo;

0 598 5 630 J
50 581 97 618 ut
124 575 192 617 vel
223 575 276 617 ob
306 575 383 617 hoc
413 575 543 616 solum
573 573 827 622 verisimilior
856 573 912 613 sit
943 571 1211 626 Coperuicus,
1244 572 1310 625 qui
1342 572 1511 612 eandem
1542 572 1617 613 loci
1649 580 1861 626 motusque

0 643 5 676 ἰ
49 634 365 676 communionem
395 634 550 688 duobus
580 633 690 674 hisce
719 631 951 684 corporibus
978 631 1160 684 largitur.
1203 633 1268 672 Ac
1294 635 1403 671 certe
1423 632 1708 684 φιλανθρωπος
1728 630 1859 672 Crea-

0 729 5 743 ,‚
50 698 117 734 tor
153 693 292 734 ultimo
331 692 554 734 vestivisse‘
584 691 743 732 videtur
774 690 975 731 Tellurem
1012 690 1087 731 boc
1125 690 1220 730 orbe
1251 688 1430 731 Lunari:
1475 690 1567 743 quia
1610 690 1780 731 similem
1823 690 1860 730 ei

50 752 169 793 situm
194 751 414 793 attribuere
437 751 567 792 voluit
590 750 685 790 situi
705 749 834 790 Solis:
867 756 911 789 ut
943 750 975 790 si
1008 754 1050 789 et
1082 749 1171 802 ipsa
1202 749 1310 789 orbis
1342 748 1510 799 alicujus
1543 754 1721 790 centrum
1751 757 1861 789 esset
1932 754 1937 804 ζ

0 815 2 862 j
50 813 114 858 (ut
143 810 214 852 Sol
245 816 311 851 est
340 815 522 852 centrum
553 809 746 856 omnium)
779 809 905 848 instar
936 808 1046 848 Solis
1078 808 1286 860 cujusdam
1318 807 1454 847 baberi
1486 815 1640 860 posset,
1672 809 1724 847 ob
1756 808 1860 861 quod
1904 806 1906 809 ’

0 872 6 913 ‘.
50 870 141 922 ipsa
170 869 297 910 totius
328 869 503 909 universi
535 880 740 908 commune
773 874 953 923 centrum
986 866 1247 907 communiter
1277 867 1391 919 quasi
1423 866 1564 906 habita
1595 867 1682 908 fuit.
1903 860 1906 884 ³
1935 868 1940 878 ¹

165 927 245 969 Est
274 928 458 974 omniuo,
500 935 543 967 ut
581 928 709 966 denuo
748 926 880 965 ludam
918 926 1138 978 allegoria,
1179 925 1295 965 homo
1333 925 1492 977 quidam
1526 926 1641 978 quasi
1675 926 1784 965 Deus
1819 926 1856 965 in

52 986 208 1036 mundo,
241 992 285 1027 et
315 987 403 1038 ejus
434 985 675 1026 domicilium
707 984 871 1032 Tellus;
903 985 1007 1025 sicut
1026 984 1114 1032 Dei,
1149 984 1183 1023 si
1215 983 1336 1024 ullum
1367 996 1612 1036 corporeum,
1646 990 1755 1024 certe
1787 983 1858 1024 Sol

19 1084 22 1086 ,
50 1045 120 1086 illa.
151 1045 219 1086 lux
247 1045 471 1086 inaccessa.
532 1044 590 1085 Ut
622 1043 743 1095 igitur
775 1043 890 1083 bomo
922 1043 1022 1092 Deo,
1054 1043 1112 1083 sic
1145 1043 1281 1083 Tellus
1314 1041 1400 1082 Soli
1432 1043 1674 1094 respondere
1707 1043 1858 1083 debuit.

51 1104 301 1157 Argumento
345 1109 408 1144 est
451 1103 566 1156 hujus
610 1103 668 1142 rei
709 1102 849 1141 eadem
895 1102 978 1141 fere
1023 1102 1226 1154 proportio
1270 1101 1379 1153 globi
1417 1102 1590 1142 Telluris
1634 1103 1685 1142 ad
1726 1102 1862 1142 orbem

51 1162 203 1211 Lunae,
235 1175 336 1215 quae
367 1162 476 1214 globi
509 1161 666 1202 Solaris
699 1161 750 1200 ad
783 1161 954 1200 mediam
984 1160 1173 1200 Mercurii
1206 1160 1496 1212 digressionem
1530 1174 1555 1200 a
1586 1159 1695 1201 Sole.
1717 1160 1754 1208 θ)

165 1221 306 1274 Neque
338 1233 433 1262 vero
465 1220 719 1261 metuendum
752 1226 828 1268 est,
861 1232 910 1258 ne
931 1219 1112 1259 Lunares
1145 1220 1261 1259 orbes
1293 1233 1318 1259 a
1352 1219 1493 1259 vicinis
1526 1232 1734 1272 corporum
1765 1231 1860 1272 pro-

49 1280 298 1332 portionibus
329 1280 547 1331 compressi
579 1279 799 1327 elidautur,
841 1278 876 1317 si
917 1291 992 1318 uon
1031 1278 1115 1318 siut
1151 1278 1190 1318 iu
1229 1279 1324 1318 orbe
1357 1277 1444 1329 ipso
1483 1278 1708 1318 absconditi
1740 1285 1860 1331 atque

50 1338 205 1379 inclusi.
268 1338 373 1378 Nam
403 1338 619 1378 absurdum
653 1343 696 1377 et
725 1342 993 1376 monstrosum
1026 1343 1108 1384 est,
1148 1349 1318 1388 corpora
1356 1337 1454 1376 haec
1486 1337 1659 1377 materia
1689 1337 1862 1389 quadam

14 1415 16 1431 :
50 1397 224 1445 vestita,
256 1409 362 1450 quae
392 1397 523 1436 alieno
555 1396 712 1448 corpori
743 1395 957 1435 transitum
989 1407 1067 1434 nou
1097 1396 1344 1462 praebeant,
1385 1394 1423 1434 iu
1461 1396 1617 1436 coelum
1648 1396 1860 1436 collocare.

18 1465 22 1467 ’
51 1453 174 1514 Certe
205 1455 320 1496 multi
351 1467 428 1495 non
460 1461 647 1497 verentur
678 1454 882 1502 dubitare,
925 1466 984 1496 ιιι
1008 1454 1167 1493 omnino
1201 1454 1283 1494 siut
1314 1453 1351 1493 iu
1385 1455 1499 1494 coelo
1530 1455 1727 1506 ejusmodi
1758 1455 1861 1494 ada-

19 1517 26 1557 f
51 1505 217 1555 minutii
247 1512 392 1572 orbes3
432 1526 482 1554 ιιι
515 1514 650 1558 diviua
682 1513 854 1565 quadam
886 1513 1055 1562 virtute,
1085 1512 1324 1563 moderante
1355 1524 1495 1553 cursus
1526 1513 1733 1562 intellectu
1764 1525 1860 1567 pro-

17 1569 20 1584 ²
49 1570 290 1640 portionum
313 1572 668 1627 geometr-icarum
712 1572 858 1621 stellae
879 1583 979 1624 per
981 1583 1197 1625 campos
1208 1577 1249 1621 ει
1259 1583 1427 1622 auram
1449 1572 1685 1615 aetheream
1712 1571 1861 1621 liberae

26 1625 141 1679 fitis
171 1624 326 1673 urbiam
358 1631 615 1698 compedibus
649 1619 995 1686 transportentur.
1004 1632 1040 1680 ⁰)
1103 1617 1278 1670 Nullum
1305 1629 1488 1683 equidem
1524 1630 1680 1683 pondus
1720 1631 1862 1671 dubios

51 1685 111 1743 e}
123 1689 348 1731 titubantes
380 1689 524 1730 motori
555 1702 721 1742 gressus
754 1684 913 1737 efficiet,
948 1701 1025 1741 quo
1058 1689 1273 1742 aliquando
1307 1702 1331 1728 a
1362 1688 1510 1729 circulo
1542 1702 1613 1729 suo
1646 1688 1860 1730 exorbitet.

22 1745 215 1802 {Nullum
246 1748 351 1789 enim
377 1755 589 1800 punctum,
631 1748 781 1788 nullum
819 1752 998 1787 centrum
1034 1759 1159 1801 grave
1190 1753 1264 1788 est.
1284 1746 1317 1795 ἴ)
1379 1746 1573 1788 Centrum
1603 1761 1699 1788 vero
1731 1749 1864 1788 omnia

34 1807 232 1861 {ejusdem
267 1820 357 1848 cum
394 1819 559 1859 corpore
597 1812 764 1846 naturae
804 1811 1034 1858 sequuntur.
1095 1806 1190 1859 Nec
1212 1806 1381 1858 pondus
1400 1819 1450 1846 ex
1482 1819 1529 1846 eo
1562 1807 1733 1860 acquirit
1763 1819 1860 1847 ceu-

168 1866 334 1919 „quod
362 1871 507 1914 cetera
546 1865 596 1906 ad
629 1878 673 1904 se
706 1865 834 1907 allicit
864 1870 936 1904 aut
965 1864 1018 1904 ab
1055 1865 1136 1906 illis
1173 1865 1403 1917 appetitur:
1448 1877 1525 1917 uon
1566 1865 1697 1919 magis
1740 1857 1862 1921 atque

2 1924 36 1976 ‡·g
144 1937 218 1964 nes
281 1925 375 1965 dum
411 1930 505 1964 actu
537 1925 684 1964 serrum
723 1923 878 1979 trahit,
896 1923 1180 1982 ingravescit.
1189 1927 1233 1975 ⁸)
1294 1924 1375 1963 Vel
1406 1923 1505 1964 haec
1537 1925 1701 1972 Tellus,
1742 1937 1861 1978 quam

0 1931 595 2049 ΛΥ,ᾗἕῖᾗῖἰῖιῐιῖι““”ζῖ(ἰῐῖιῖιῑιῖἷᾶιι
600 1975 707 2023 'iiiii
738 1975 966 2031 statuimus,
999 1982 1143 2035 quibus
1172 1982 1374 2031 vectibus,
1408 1983 1550 2035 quibus
1581 1983 1750 2031 catenis,
1784 1995 1860 2036 quo

4 2040 269 2083 ‘'ztdtmante
301 2041 467 2082 coelesti
500 2041 539 2080 in
572 2042 707 2080 orbem
739 2053 852 2081 suum
882 2041 1035 2081 inserta
1066 2041 1159 2081 est?
1201 2040 1264 2081 Eo
1294 2053 1435 2093 nempe
1462 2053 1578 2094 quem
1609 2054 1747 2082 omnes
1778 2042 1861 2082 cir-

7 2099 249 2151 ,suuncirca
278 2099 317 2140 iu
348 2099 558 2152 superficie
589 2099 761 2140 Telluris
794 2100 971 2139 homiues
1010 2100 1210 2140 haurimus
1250 2100 1554 2147 (fermentatum
1591 2107 1634 2141 et
1664 2101 1860 2142 commix-

2 2160 138 2203 situm
168 2157 405 2210 vaporibus)
438 2171 595 2198 aerem:
629 2170 745 2210 quem
770 2171 902 2206 mauu,
934 2170 1050 2210 quem
1074 2171 1239 2210 corpore
1264 2163 1535 2210 penetramus,
1567 2169 1694 2212 neque
1725 2166 1860 2200 tamen

2 2206 312 2257 discindimus
344 2221 414 2256 aut.
445 2227 709 2264 semovemus,
742 2228 831 2256 cum
863 2216 918 2255 sit
946 2216 1162 2257 influxuum
1193 2217 1429 2257 coelestium
1460 2217 1500 2257 in
1531 2218 1664 2258 media
1694 2231 1863 2271 corpora

2 2286 7 2311 ὁ
37 2272 288 2317 '‘vehiculum.
304 2273 343 2322 ι)
392 2272 479 2313 Hoc
512 2274 616 2314 enim
649 2274 801 2313 coelum
834 2280 908 2323 est,
942 2274 980 2314 in
1002 2287 1078 2327 quo
1100 2275 1283 2324 viximus,
1315 2288 1538 2316 movemur
1549 2282 1592 2316 et
1623 2290 1758 2317 sumus
1789 2290 1863 2317 uos

4 2335 7 2347 ⁷
47 2339 98 2374 ³et
114 2334 248 2374 omnia
266 2333 465 2373 mundana
484 2345 666 2384 corpora.
718 2330 913 2378 Quamuis
946 2334 1038 2385 quid
1071 2346 1170 2386 opus
1202 2339 1263 2372 tot
1293 2334 1462 2373 verbis?
1503 2335 1609 2375 Nam
1640 2335 1718 2375 etsi
1750 2336 1861 2376 orbi-

4 2373 34 2426 Ι
55 2391 169 2433 culus
193 2392 332 2432 Lunae
364 2404 486 2443 supra
504 2390 676 2430 Telluris
710 2391 845 2430 orbem
877 2391 1062 2440 emineat,
1097 2392 1188 2444 quid
1221 2398 1286 2431 est
1316 2393 1364 2431 de
1397 2393 1648 2433 dodecaedro
1679 2394 1745 2434 vel
1776 2394 1861 2434 ico-

15 2447 224 2499 *aedi-o,
269 2450 374 2503 quod
417 2450 526 2490 illum
571 2448 746 2488 transitu
791 2449 1035 2501 prohibeat?
1096 2450 1250 2490 Vidisti
1289 2463 1411 2502 supra
1446 2463 1535 2503 cap.
1574 2451 1618 2491 11
1666 2447 1743 2504 quo
1776 2453 1862 2492 loco

8 2540 14 2551 ι
57 2532 61 2534 -
114 2508 211 2548 vavi
241 2509 403 2560 planum
434 2509 535 2548 haec
567 2508 644 2547 duo
676 2519 844 2559 corpora
875 2514 1000 2556 secat,
1034 2508 1181 2548 nullum
1212 2509 1415 2560 angulum,
1447 2510 1598 2550 nullum
1623 2510 1741 2550 faciei
1765 2523 1863 2550 cen-

5 2567 15 2623 }
59 2611 64 2619 Δ
107 2585 150 2603 ,ηι
190 2577 423 2615 occurrere,
467 2567 537 2606 sed
571 2565 744 2605 existere
777 2578 828 2605 ex
858 2566 1036 2606 sectione
1069 2567 1347 2618 decaugulum·
1368 2568 1575 2620 utrinque,
1617 2569 1729 2621 cujus
1761 2582 1862 2622 quae

10 2632 14 2650 ¹
57 2621 87 2658 ἶ»
135 2630 273 2665 centro
311 2626 364 2665 ad
405 2625 512 2665 latus
551 2623 894 2676 perpendicularis
933 2624 1065 2672 cadit,
1111 2625 1229 2676 longe
1269 2625 1395 2677 major
1431 2632 1495 2666 est
1532 2627 1570 2666 in
1609 2627 1861 2669 dodecaedro

17 2718 19 2729 Ι
113 2683 168 2723 io
199 2682 394 2735 inscripti,
427 2684 544 2735 longe
576 2682 735 2722 brevior
765 2682 803 2721 in
834 2682 1043 2722 icosaedro
1069 2683 1180 2723 radio
1205 2682 1502 2737 circumscripti,
1538 2691 1579 2724 et
1610 2685 1711 2725 adeo
1743 2687 1863 2738 longa
1926 2695 1931 2697 ’

53 2740 228 2790 'idem,
260 2749 306 2782 ut
338 2754 414 2782 non
446 2742 642 2786 coelulum
667 2741 764 2780 illud
784 2741 922 2780 Lunae
948 2746 1116 2789 tantum,
1150 2742 1220 2781 sed
1254 2742 1371 2794 louge
1401 2743 1528 2794 majus
1561 2743 1711 2796 aliquid
1742 2758 1863 2798 supra

39 2811 45 2818 ··
72 2830 85 2852 s
102 2798 193 2840 bem
221 2805 388 2840 exstans
418 2813 491 2852 per
514 2799 686 2839 mediam
706 2800 815 2838 illam
835 2799 941 2838 viam
966 2799 1146 2852 interque
1172 2800 1241 2840 illa
1266 2800 1488 2853 decangula
1513 2802 1683 2844 transire
1706 2809 1861 2855 posset.

58 2863 130 2902 Α·
171 2857 272 2898 haec
305 2858 438 2898 omnia
469 2858 647 2910 quamvis
680 2870 752 2897 suo
791 2858 876 2897 loco
909 2857 1199 2910 relinquantur,
1241 2858 1361 2899 nihilo
1399 2860 1516 2911 pejus
1554 2874 1597 2900 se
1628 2873 1694 2901 res
1724 2861 1861 2904 habet.

31 2934 34 2936 ’
64 2929 71 2948 ¹2
104 2912 132 2948 ἰ
145 2928 190 2956 es
210 2916 315 2956 euim
334 2929 405 2968 per
424 2916 766 2969 interpositionem
785 2916 938 2964 Lunae,
969 2922 1251 2969 praeterquam
1276 2917 1315 2956 iu
1336 2918 1508 2968 Venere,
1541 2931 1660 2972 quam
1682 2921 1861 2973 proxime

99 2990 126 3005 ι·
146 2992 175 3008 2·
230 2975 283 3015 ad
313 2975 494 3028 proditos
524 2987 595 3029 per
626 2975 737 3015 sinus
769 2973 980 3028 Coperuici
1011 2987 1194 3015 numeros
1225 2988 1398 3018 arcuum.
