1982 3268
171 104 227 149 46
964 107 1178 141 Prooemium.

171 215 222 255 qui
250 223 331 245 sane
355 215 513 255 perpauci
539 211 640 255 (quod
661 213 834 246 dolendum
863 212 930 255 est)
957 215 1111 252 existunt,
1138 214 1293 256 experior,
1317 218 1356 246 ut
1379 214 1461 247 certi
1484 213 1561 256 quid
1583 213 1618 247 in
1641 214 1692 246 his
1716 213 1824 257 quoad
1846 214 1976 246 licuerit

170 265 346 293 statuatur.
384 261 438 293 Ad
461 261 578 293 ultima
603 261 666 293 duo
690 261 897 294 luminarium
922 261 1074 304 deliquia,
1100 270 1185 304 quae
1210 262 1244 294 in
1260 261 1435 294 Febmario
1459 261 1601 303 proxime
1626 262 1737 303 elapso
1758 262 1975 304 contigerunt,

169 312 202 340 te
228 308 341 340 sedulo
367 308 550 341 attendisse
576 319 642 341 non
668 308 799 346 dubito,
831 319 931 351 quare
957 320 1069 342 eorum
1093 309 1195 341 etiam
1218 313 1386 341 momenta
1409 313 1443 341 et
1466 308 1586 350 phases
1609 309 1706 342 isthic
1730 309 1975 341 animadversas

168 355 291 387 indica.
341 355 458 388 Lunae
484 356 612 398 eclipsis
637 366 722 399 quae
749 355 804 388 11.
833 358 902 398 ejus
926 358 1047 389 mensis
1073 357 1125 388 die
1151 357 1298 399 contigit,
1323 357 1376 389 hic
1401 357 1456 388 ubi
1478 356 1571 398 polus
1595 356 1742 390 elevatur
1766 352 1831 388 53⁰
1855 354 1973 397 35¹lg‘,

168 403 363 445 principium
380 403 505 441 habuit,
532 404 662 445 quando
680 405 824 445 superior
842 404 958 437 Lunae
983 405 1099 436 limbus
1125 404 1338 436 attollebatur
1362 414 1460 446 supra
1481 403 1683 436 horizontem
1708 401 1772 434 24¹·
1793 403 1872 443 fere,
1897 403 1974 436 hinc

168 455 297 492 tempus
321 452 468 492 provenit
493 451 638 483 adhibito
663 453 731 483 viso
756 451 827 483 loco
852 451 969 484 Lunae
1001 453 1097 493 juxta
1127 457 1274 483 nostram
1298 452 1537 484 restitutionem
1562 456 1597 484 et
1618 451 1848 484 refractionum
1871 451 1972 492 impe-

169 498 312 530 dimento
338 499 466 530 sublato
491 498 523 531 h.
543 498 575 530 4.
597 495 651 530 1⁴4¹
677 503 752 540 post
775 500 919 531 mediam
944 504 1075 532 noctem
1093 499 1357 532 antecedentem.
1395 499 1484 531 Finis
1511 499 1643 541 deliquii
1659 499 1752 531 infra
1774 499 1975 530 horizontem

170 547 287 578 evenit.
326 545 409 578 Visa
438 550 550 578 autem
576 550 626 578 est
643 546 741 579 Luna
765 547 865 578 ferme
889 551 964 579 tota
989 546 1151 582 offuscari.
1175 547 1313 579 minima
1337 548 1407 588 ejus
1431 547 1637 588 portiuncula
1661 547 1702 579 ab
1721 547 1838 578 umbra
1854 545 1975 578 Terrae

167 593 270 625 libera
296 594 468 626 existente.
519 593 603 626 Solis
629 594 810 636 eclipsatio,
837 604 922 636 quae
948 593 1004 626 25.
1031 594 1083 626 die
1109 594 1250 634 accidit,
1276 594 1330 627 hic
1354 599 1512 636 quantum
1536 595 1623 626 inter
1645 598 1848 627 recurrentes
1872 593 1976 625 nubes

116 671 119 673 Α
170 641 430 673 animadvertere
454 641 565 679 licuit,
599 642 727 673 initium
759 641 876 673 habuit
900 642 932 673 h.
964 640 995 673 9.
1016 640 1073 672 52’
1100 651 1130 673 a.
1157 652 1222 678 m.,
1259 652 1317 683 per
1347 641 1488 674 armillas
1521 642 1727 684 aequaturias
1753 639 1773 673 6
1798 640 1917 682 pedum
1941 641 1981 672 in*

169 688 327 720 diametro
355 689 448 727 (nam
473 689 692 721 instrumenta
715 698 791 721 mea
816 691 1042 722 astronomica*
1065 688 1129 721 huc
1159 690 1193 720 in
1219 689 1432 722 Germaniam
1464 700 1481 721 e
1507 689 1638 727 Dama,
1659 693 1710 721 .ut
1740 689 1888 721 conscius
1919 688 1975 725 sis,

170 734 339 776 transtuli)
365 737 520 778 temporis
544 741 713 769 momenta
738 737 934 769 denotando.
984 736 1130 768 Medium
1157 738 1227 777 ejus
1256 737 1306 768 uti
1337 746 1443 778 neque
1474 737 1573 769 finem
1605 738 1645 769 ob
1677 735 1910 769 crassiusculas
1935 738 1976 768 et

170 784 343 817 continuas
369 784 474 816 nubes
500 785 755 816 intervenientes
781 785 969 826 conspicere
994 795 1059 816 non
1082 784 1232 816 dabatur.
1273 784 1478 816 Conveniunt
1501 784 1585 817 haec
1609 789 1758 826 tempora
1779 784 1814 815 in
1838 787 1976 825 utraque

171 832 281 872 eclipsi
308 832 388 863 satis
413 832 561 873 praecise
587 842 661 864 cum
686 837 795 864 nostro
821 832 1044 875 redintegrato
1076 831 1219 867 calculo,
1246 841 1286 864 ex
1312 830 1356 863 18
1381 831 1564 864 Lunaribus
1591 836 1625 864 et
1650 829 1670 862 6
1697 830 1862 864 Solaribus
1885 831 1974 872 prius

169 879 329 911 subtiliter
360 879 524 911 denotatis
560 879 824 921 eclipsationibus
858 880 1035 921 depromto.
1091 879 1137 911 Ut
1168 879 1208 911 de
1241 879 1313 912 aliis
1344 879 1420 912 hinc
1451 879 1527 912 inde
1558 888 1794 921 saepenumero
1826 878 1976 920 expensis

169 927 335 958 amborum
361 926 568 958 luminarium
593 927 788 959 motionibus
822 927 886 959 huc
919 928 1019 959 etiarn
1053 927 1309 959 conducentibus
1343 926 1423 959 nihil
1449 927 1580 959 addam.
1631 926 1810 966 Quantitas
1835 926 1975 967 corporis

169 973 291 1006 Solaris
317 974 434 1006 Lunae
458 975 644 1006 interventu
669 975 821 1007 offuscati
847 975 959 1007 debuit
991 977 1088 1015 juxta
1111 984 1188 1006 mea
1211 975 1387 1007 ratiocinia
1412 984 1484 1007 esse
1509 975 1601 1017 digit.
1629 970 1719 1014 1031ὃ
1746 975 1781 1005 in
1803 973 1866 1006 hoc
1889 973 1973 1005 hori—

169 1026 278 1059 zonte,
303 1021 399 1063 idque
426 1031 447 1053 a
471 1022 626 1063 superiori
651 1027 755 1063 parte,
783 1032 857 1054 cum
883 1022 1026 1054 calculus
1053 1021 1272 1064 Coperniceus
1298 1026 1333 1054 et
1355 1022 1472 1064 phasin
1498 1026 1531 1054 et
1554 1025 1722 1053 momenta
1745 1020 1840 1062 hujus
1866 1021 1974 1053 obser·

167 1070 306 1101 vationis
332 1069 428 1101 aliter
453 1069 625 1107 exhibeat,
660 1071 707 1102 uti
740 1074 775 1102 et
797 1071 831 1102 in
857 1069 982 1102 Lunari
1010 1069 1142 1111 eclipsi,
1174 1074 1244 1102 tam
1273 1070 1301 1101 is
1333 1079 1431 1111 quam
1455 1069 1674 1111 Alphonsinus
1705 1069 1841 1100 nimium
1870 1069 1917 1100 cis
1941 1072 1976 1100 et

167 1117 254 1149 ultra
279 1117 512 1149 exorbitarunt.
551 1119 602 1148 An
629 1117 761 1159 deliquii
789 1117 912 1150 Solaris
936 1117 1197 1159 magnitudinem
1222 1117 1341 1149 nostris
1366 1118 1510 1150 numeris
1534 1121 1624 1149 recte
1650 1116 1863 1159 attigerimus,
1886 1115 1972 1157 judi·

169 1169 245 1196 cent
269 1164 327 1201 illi,
354 1165 407 1206 qui
433 1166 502 1205 ejus
526 1165 670 1197 medium
695 1166 858 1197 sereniore
884 1174 966 1197 aura
987 1165 1038 1197 usi
1065 1168 1313 1206 conspexerunt.
1352 1164 1392 1196 Id
1415 1175 1492 1198 vero
1517 1163 1685 1196 sciendum
1702 1168 1763 1201 est,
1788 1163 1917 1196 Lunam
1941 1164 1976 1195 in

171 1212 342 1244 noviluniis
368 1211 527 1254 eclipticis
553 1222 618 1243 non
644 1222 802 1254 apparere
828 1222 869 1245 ea
892 1212 1142 1255 magnitudine,
1177 1221 1243 1254 qua
1274 1212 1357 1244 alias
1388 1213 1422 1245 in
1452 1212 1658 1255 pleniluniis,
1690 1215 1766 1244 utut
1794 1211 1829 1243 in
1859 1211 1975 1244 eadem

170 1260 267 1292 suerit
293 1269 314 1291 a
338 1259 441 1291 Terra
465 1261 662 1299 remotione,
697 1260 756 1292 sed
785 1261 879 1302 quasi
909 1270 968 1302 pro
997 1261 1113 1302 quinta
1142 1265 1236 1300 parte
1262 1269 1336 1292 earn
1362 1261 1460 1292 certis
1485 1260 1527 1292 de
1558 1260 1664 1292 causis
1690 1258 1767 1291 alibi
1791 1258 1982 1291 reserandis

171 1308 416 1349 constringere;
451 1307 539 1339 unde
564 1307 601 1338 fit
626 1311 662 1338 ut
688 1307 785 1340 Luna
809 1317 975 1350 nunquam
1001 1311 1107 1339 totum
1133 1307 1241 1340 Solem
1266 1317 1395 1349 prorsus
1419 1307 1574 1350 obtegere
1598 1310 1718 1349 queat,
1746 1306 1874 1339 etiamsi
1899 1310 1974 1339 cen-

168 1355 296 1387 traliter
320 1354 429 1397 quoad
453 1355 558 1386 visum
582 1355 826 1397 interponatur,
854 1356 975 1388 lumine
1002 1354 1106 1387 Solari
1132 1364 1206 1387 eam
1232 1355 1364 1396 aliquali
1390 1355 1496 1388 adhuc
1521 1355 1658 1397 vestigio
1683 1354 1866 1391 ambiente,
1892 1354 1982 1396 quod·

169 1407 202 1435 et
227 1404 260 1435 in
285 1402 347 1434 hoc
372 1402 486 1434 ultimo
512 1402 652 1444 deliquio
679 1403 938 1435 animadvertere
963 1407 1117 1444 poterant
1140 1403 1197 1440 illi,
1224 1404 1339 1445 quibus
1363 1404 1508 1436 maxima
1524 1402 1695 1434 offuscatio
1717 1403 1833 1443 patuit.
1872 1397 1982 1443 Opor-i'

167 1451 231 1482 tuit
257 1451 343 1482 enim
369 1454 448 1481 tunc
475 1449 584 1481 Solem
609 1450 649 1482 de
675 1451 799 1482 Lunari
824 1460 956 1492 corpore
981 1451 1130 1492 utrinque
1155 1451 1227 1492 plus
1257 1451 1442 1491 includere,
1474 1450 1571 1492 idque
1603 1449 1846 1487 corniculatim,
1877 1439 1982 1494 quam}⁴

167 1497 257 1530 linea
280 1507 338 1539 per
363 1497 558 1529 diametrum
584 1498 685 1529 ducta
710 1499 881 1540 exigebat,
917 1502 991 1530 utut
1015 1498 1132 1529 Lunae
1165 1498 1324 1530 diameter
1342 1503 1433 1530 >tunc
1457 1498 1555 1530 fuerit
1584 1498 1680 1538 iuxta
1704 1501 1849 1529 nostrum
1874 1497 1942 1529 etia
1976 1532 1978 1534 ,

169 1545 332 1578 calculum
358 1542 477 1584 34³l4‘,
504 1554 662 1586 apparere
688 1550 799 1578 autem
825 1545 912 1587 apud
938 1544 1047 1577 Solem
1071 1555 1136 1576 non
1160 1547 1266 1587 potuit
1290 1548 1395 1587 maJor
1418 1555 1518 1588 quam
1543 1543 1599 1580 28.
1625 1554 1724 1587 quam
1747 1502 1982 1681 limitatione}

168 1602 189 1625 a
213 1593 345 1624 nemine
370 1596 473 1624 antea
498 1592 759 1624 animadversam
785 1593 932 1635 cognovi.
959 1593 1017 1624 sed
1041 1593 1074 1623 in
1101 1592 1224 1635 aliquot
1241 1592 1324 1625 Solis
1351 1593 1628 1626 observationibus
1648 1602 1723 1624 cum
1739 1596 1809 1624 tam
1834 1602 1855 1624 a
1879 1600 1959 1633 supe

166 1641 250 1672 riore
275 1649 372 1682 quam
396 1640 547 1671 inferiore
573 1644 667 1681 parte
692 1644 869 1683 tegeretur,
896 1641 942 1672 sic
967 1649 1019 1671 me
1050 1640 1161 1672 docuit
1179 1642 1390 1682 experientia.
1429 1641 1535 1673 Tuum
1555 1641 1627 1677 erit,
1653 1639 1767 1672 excell.
1785 1639 1978 1685 Maestline3

167 1688 244 1730 quid
267 1689 301 1720 in
326 1687 376 1719 his
402 1692 436 1718 et
460 1687 617 1718 similibus
643 1694 843 1728 compertum
867 1688 1002 1723 habeas,
1028 1688 1106 1719 mihi
1132 1689 1231 1719 etiam
1257 1690 1402 1730 aperire,
1430 1693 1528 1730 atque
1551 1688 1586 1719 in
1610 1691 1775 1729 posterum
1796 1682 1982 1729 Jucundaud

167 1737 254 1768 inter
277 1745 337 1767 nos
363 1735 402 1766 de
429 1734 525 1766 rebus
551 1736 776 1767 astronomicis
802 1735 1022 1771 collationem,
1048 1745 1145 1776 quam
1172 1740 1205 1767 et
1230 1746 1291 1778 ego
1312 1746 1377 1768 non
1394 1737 1495 1768 invite
1513 1735 1696 1774 admittam,
1724 1744 1885 1768 exercere.
1922 1733 1970 1766 D

167 1783 335 1824 eclipsium
362 1787 473 1814 autem
489 1783 690 1823 potissimum
711 1782 892 1814 Lunarium
911 1792 931 1814 a
955 1788 989 1814 te
1011 1782 1175 1815 subtiliter
1193 1784 1426 1815 animadversis
1443 1784 1616 1815 momentis
1632 1792 1696 1818 me.
1723 1791 1820 1825 quam
1836 1782 1931 1824 prim
1950 1797 1965 1808 ιι

167 1831 236 1862 fieri
253 1833 365 1872 queat,
392 1830 561 1861 certiorem
579 1830 687 1869 redde,
717 1835 755 1862 ut
773 1831 1006 1863 correctionem
1023 1830 1271 1872 longitudinum,
1299 1831 1339 1863 de
1357 1840 1423 1873 qua
1439 1831 1514 1863 dixi.
1541 1840 1639 1872 quam
1661 1830 1750 1862 brevi
1773 1830 1807 1862 in
1832 1829 1932 1872 quad
1951 1845 1966 1856 w

167 1878 291 1910 tabella
317 1878 476 1909 adornare
503 1878 666 1916 constitui,
694 1882 762 1910 tam
787 1878 883 1912 hinc.
910 1887 1008 1919 quam
1033 1887 1072 1909 ex
1097 1878 1171 1910 aliis
1195 1879 1387 1919 quibusdam
1413 1878 1545 1910 aliunde
1571 1878 1759 1920 conquisitis
1782 1878 1910 1910 indiciis
1935 1886 1968 1909 e

165 1925 320 1968 promtius
348 1924 528 1966 expediam.
577 1925 716 1967 Jamque
741 1926 834 1963 vale,
869 1925 911 1956 V.
941 1924 987 1956 cl.
1021 1929 1055 1956 et
1080 1925 1120 1957 de
1145 1926 1240 1958 rebus
1273 1926 1497 1958 astronomicis
1529 1925 1740 1958 laudabiliter
1767 1926 1903 1962 merite,
1938 1925 1963 1956 i

167 1974 280 2016 quibus
306 1973 407 2004 etiam
424 1972 623 2013 expoliendis
649 1977 682 2004 et
706 1973 944 2014 locupletandis
969 1976 1006 2003 ut
1031 1973 1064 2004 in
1089 1978 1254 2014 posterum
1277 1983 1463 2016 perseveres
1487 1977 1522 2005 te
1546 1972 1708 2005 adhortor.
1746 1972 1810 2005 Ubi
1834 1973 1958 2005 rescri·,

167 2022 258 2060 seris,
287 2020 393 2057 effice,
419 2023 456 2051 ut
480 2019 595 2051 literae
620 2029 811 2062 quocunque
837 2020 972 2052 tandem
997 2020 1122 2051 viarum
1149 2021 1249 2052 ductu
1274 2022 1342 2053 sive
1366 2030 1424 2062 per
1451 2019 1712 2062 Norimbergam,
1737 2021 1805 2052 sive
1831 2020 1929 2063 aliqu
1949 2034 1964 2047 ι1

168 2069 268 2101 aliam
301 2068 462 2103 celebrem
488 2067 684 2099 Germaniae
709 2069 828 2105 ,urbem
853 2068 1079 2109 Hamburgum
1102 2068 1323 2109 perferantur,
1356 2069 1389 2100 in
1414 2068 1590 2109 hospitium
1614 2066 1711 2099 isthic
1735 2077 1864 2104 meum,
1889 2076 1965 2109 quo

170 2121 220 2148 est
246 2115 333 2157 apud
348 2115 461 2147 Herm.
480 2113 621 2147 Rentter
645 2115 704 2146 sub
727 2116 821 2158 signo
841 2114 988 2148 Cdronae
1014 2124 1147 2151 aureae,
1172 2116 1283 2157 sicque
1309 2125 1366 2148 eas
1389 2125 1442 2148 me
1467 2120 1556 2148 certo
1581 2115 1788 2148 obtenturum
1811 2125 1878 2148 nou
1910 2137 1913 2141 ι
1933 2130 1948 2141 ··

168 2165 263 2206 bigo;
291 2165 424 2204 jamque
449 2162 566 2194 iterum
591 2166 625 2194 et
649 2164 780 2204 saepius
804 2163 893 2195 vale.

261 2210 438 2243 Dabantur
460 2209 710 2253 Wandesburgo
736 2211 787 2243 die
797 2209 855 2254 *21
887 2208 964 2251 (31)
991 2210 1069 2252 Apr.
1100 2207 1191 2242 1598
1218 2208 1429 2250 (Maestlinus
1455 2210 1646 2253 adscripsit:
1670 2210 1888 2253 praesentiert
1909 2219 1963 2240 vm

170 2258 363 2301 Strassburg
388 2255 431 2289 29
456 2256 540 2298 Maji
566 2255 638 2297 98).

1560 2305 1669 2348 ἸῖυσΙιο
1693 2305 1831 2342 Brahe,

170 2354 252 2387 Cum
286 2352 512 2386 intellexissim
553 2352 761 2384 tabellarium
800 2356 868 2384 toto
900 2352 962 2384 hoc
997 2352 1049 2384 die
1082 2351 1264 2396 Hamburgi
1586 2353 1791 2395 manuppria.

168 2405 380 2438 moraturum,
407 2401 517 2432 curavi
534 2400 716 2441 exemplum
733 2401 900 2432 literarum
916 2399 1052 2441 Kepleri
1070 2399 1113 2431 ad
1131 2410 1183 2432 me
1199 2410 1268 2433 una

170 2459 243 2482 cum
259 2458 332 2481 meo
348 2457 503 2489 responso
521 2447 671 2484 describi,
696 2448 809 2490 hisque
828 2448 974 2490 adjungi,
1000 2457 1062 2489 quo
1088 2446 1128 2479 de
1154 2457 1267 2479 earum

170 2498 270 2529 etiam
303 2495 466 2529 contentis
500 2496 617 2527 certior
646 2495 760 2527 fieres:
798 2495 854 2527 ubi
887 2495 981 2537 plura
1009 2494 1072 2526 huc
1106 2495 1266 2527 facientia

169 2545 325 2577 invenies.

264 2638 446 2671 Posteriore
478 2641 623 2679 tempore
649 2637 760 2678 Tycho
791 2639 824 2670 in
854 2638 956 2670 literis
989 2637 1032 2670 ad
1056 2637 1236 2679 Keplerum
1267 2637 1352 2669 datis
1385 2637 1472 2669 hunc
1501 2636 1536 2668 in
1566 2635 1701 2669 modum
1732 2637 1773 2670 de
1796 2636 1941 2670 Prodro

170 2684 325 2729 loquitur:
363 2686 416 2718 De
440 2685 519 2717 libro
544 2689 610 2723 tuo,
637 2686 684 2718 uti
708 2687 735 2717 is
761 2695 834 2718 cum
859 2696 916 2717 suo
943 2690 1056 2718 autore
1081 2690 1234 2721 meretur,
1259 2694 1386 2726 semper
1410 2694 1449 2716 ex
1477 2693 1539 2726 quo
1568 2683 1647 2716 mihi
1663 2686 1880 2727 introspectus
1906 2695 1925 2718 e
1950 2682 1952 2687 ’

169 2734 343 2767 honorifice
362 2734 458 2771 sensi,
485 2743 547 2764 nec
565 2738 598 2765 te
616 2738 674 2765 aut
692 2733 772 2765 alios
789 2742 980 2775 quocunque
996 2733 1092 2765 modo
1111 2733 1151 2765 de
1169 2732 1260 2765 hisce
1285 2732 1471 2764 sublimibus
1497 2736 1531 2763 et
1557 2741 1578 2764 a
1601 2732 1689 2774 vulgi
1715 2737 1816 2775 captu
1838 2742 1919 2766 rem

171 2781 346 2822 disciplinis
371 2781 539 2823 praeclare
563 2785 727 2813 merentes
753 2785 787 2813 et
810 2781 956 2812 veritatis
990 2781 1143 2812 nucleum
1173 2781 1256 2812 serio
1288 2779 1482 2812 affectantes
1518 2778 1617 2811 laude
1648 2789 1710 2813 sua
1738 2781 1876 2822 privavi,
1903 2792 1907 2798 ¹

170 2829 300 2869 privabo
325 2838 486 2870 unquam,
512 2829 589 2869 quin
615 2830 721 2870 potius
747 2828 846 2861 extuli
872 2833 906 2860 et
929 2828 962 2860 in
987 2825 1151 2870 posterum
1177 2826 1340 2868 extollam.
1389 2825 1462 2857 Hoc
1486 2827 1699 2868 praecipuum
1724 2832 1792 2866 est,
1826 2827 1913 2870 quod
1945 2833 1947 2836 “

170 2880 227 2907 tuo
252 2876 420 2917 ingenioso
444 2875 499 2906 illo
525 2877 644 2916 scripto
671 2885 744 2908 cum
768 2876 927 2917 plerisque
952 2879 1064 2908 tamen
1091 2875 1162 2907 aliis
1188 2883 1293 2906 errore
1318 2874 1480 2905 communi
1504 2873 1666 2911 admittis,
1698 2884 1764 2907 non
1787 2875 1905 2917 probo,
1927 2889 1947 2895 Α

170 2921 355 2955 realitatem
380 2923 545 2964 quandam
570 2923 697 2955 orbibus
722 2924 916 2955 coelestibus
941 2924 1048 2955 inesse
1073 2927 1237 2957 statuere,
1269 2930 1331 2962 quo
1361 2921 1408 2952 sic
1438 2922 1594 2962 promtius
1619 2921 1828 2964 Coperniceis
1851 2923 1941 2955 ima

169 2970 356 3003 nationibus
380 2971 464 3001 viam
497 2974 604 3001 struas
636 2971 728 3012 eique
758 2971 887 3003 facilius
919 2971 1113 3003 subscribas.
1162 2968 1325 3001 Motiones
1360 2967 1518 3000 coelestes
1550 2970 1774 3010 symmetriam
1804 2969 1936 3012 quand·

172 3018 359 3054 observare,
395 3021 428 3048 et
457 3018 600 3049 rationes
631 3017 781 3055 subesse,
817 3027 875 3050 cur
899 3018 987 3051 circa
1009 3018 1093 3050 haec
1117 3015 1168 3049 vel
1193 3015 1262 3047 alia
1291 3018 1406 3047 centra
1437 3024 1459 3047 a
1483 3015 1590 3048 Terris
1620 3016 1673 3049 vel
1697 3016 1778 3049 Sole
1797 3017 1918 3059 dispari

171 3067 297 3096 remota
322 3064 563 3101 convolvantur.
588 3074 653 3095 non
678 3066 838 3107 negarim,
863 3065 921 3097 sed
946 3065 1116 3097 harmonia
1141 3066 1176 3095 et
1199 3062 1443 3104 dispositionum
1469 3063 1624 3106 analogia
1647 3073 1687 3096 ex
1702 3064 1887 3106 posteriori,

171 3116 278 3145 motus
303 3114 337 3144 et
368 3114 513 3144 motuum
546 3111 734 3144 occasiones
767 3112 810 3145 ad
840 3113 996 3144 amussim
1029 3110 1253 3150 constiterint,
1288 3119 1356 3142 non
1388 3114 1499 3143 autem
1529 3120 1570 3143 ex
1592 3111 1708 3152 priori,
1742 3112 1791 3143 uti
1813 3115 1850 3144 et
1871 3111 1936 3144 tu‘
1969 3126 1975 3132 ·
