2028 3242
827 85 937 119 nm·
961 85 1114 118 snm.
1794 80 1866 123 191

68 191 220 227 ω
248 191 296 224 ιδ
323 191 437 234 §lq-“o
468 194 538 226 fere
567 193 688 225 triente
709 191 902 224 Novembris
927 199 960 223 a.
990 188 1080 222 15⁷⁷
1111 198 1215 231 nsque
1246 189 1282 221 in
1306 188 1405 221 finem
1429 187 1581 221 lanuarii
1605 188 1685 220 anni
1709 190 1875 230 sequentis

70 243 261 282 eques.
278 238 431 272 -Un-’b-
460 238 563 271 1588.
611 239 773 282 Magnum
797 238 978 280 eollegerat
1001 237 1264 281 observationum
1287 236 1494 271 thesaurum,
1527 245 1624 277 que-
1658 243 1746 267 anno
1786 233 1873 266 1597

68 286 215 323 ω
233 285 400 321 “dam
423 288 561 328 primm
576 286 748 324 flatui-n.
773 286 849 318 dein
872 287 907 317 in
929 284 1118 317 Holsatiam
1145 282 1315 315 mmlit
1338 283 1382 315 ad
1404 282 1587 315 Renricnm
1602 281 1875 322 Ranzovium‚

69 335 124 376 qui
147 335 253 376 ἰμιιιι
275 339 485 374 peramanter
509 334 553 366 ad
575 344 613 366 se
637 342 811 375 arcemque
836 341 931 364 suam
941 330 1227 372 Wandesburgum
1248 331 1455 368 invitaverat.
1492 329 1683 361 Banzovius
1706 329 1807 361 literis
1832 329 1876 360 ad

70 383 298 425 imperatum!-
312 379 585 424 Rudolplium
609 380 697 413 datis
712 379 903 420 Tycbonem
920 378 1065 419 ejusdem
1090 378 1192 409 favori
1216 377 1469 413 commendarit,
1495 381 1529 408 et
1552 376 1650 418 paulo
1674 381 1749 418 post
1764 375 1875 416 Tycho

70 425 214 472 Pam
237 426 433 465 amonitus,
459 438 548 461 anno
565 423 655 460 ¹509
671 435 795 469 magna
811 426 1020 458 immanitate
1045 434 1067 457 a
1089 425 1235 466 principe
1260 429 1416 465 exceptus
1441 428 1512 459 οδες
1537 424 1693 455 salarium
1716 424 1778 464 ipsi
1802 433 1875 465 pro·

69 474 204 508 minum
226 475 374 507 annum
400 472 496 507 3000
513 475 703 510 aureorum.
726 482 790 506 nec
815 483 881 505 non
905 472 1038 504 feudum
1062 472 1191 514 insigne
1216 476 1251 502 et
1275 470 1389 503 domus
1414 471 1501 502 iutra
1523 471 1647 502 urbem.
1695 469 1761 502 Hic
1786 481 1874 502 com-

69 527 216 555 moratus
239 519 399 554 alacriter
419 520 455 555 in
479 521 680 555 observando
704 520 893 562 perstabat.
917 519 993 552 inde
1019 519 1062 551 ab
1086 517 1219 551 Octobri
1245 519 1325 550 anni
1354 514 1444 549 1600
1469 518 1602 558 adiutus
1629 527 1651 549 a
1675 517 1874 559 Keplero.

69 575 168 612 quun
189 568 312 601 Gra&
336 569 381 601 ad
403 574 441 602 ae
464 572 658 602 areca-erat.
708 566 964 600 Observationes
987 575 1066 598 suas
1094 566 1128 598 iu
1161 565 1307 597 ordinem
1342 565 1495 607 redigens
1528 565 1677 606 typisque
1712 575 1750 596 ex
1782 570 1877 606 parte

68 616 234 649 mnam
255 615 554 658 die—'aptemus
577 616 658 648 obiit
683 613 738 647 2⁶.
766 614 839 647 Oct.
867 611 955 645 1001
989 614 1165 654 repentina
1193 617 1298 645 morte
1322 612 1487 654 abreptus.
1539 611 1699 654 Magnam
1724 612 1875 644 observa-

68 665 195 697 tiam-1
218 664 512 699 manuni-un
534 667 663 705 partem
687 666 901 704 congesserat
924 662 958 693 in
983 670 1081 702 opere
1106 660 1157 693 de
1180 669 1292 692 nova
1320 659 1463 691 stella
1487 657 1703 695 anni1572.
1739 660 1876 700 primum

70 720 159 744 anno
184 706 276 743 1582
300 708 500 754 Ura-ibnrgi
522 711 662 752 imprimi
687 715 826 750 coepto;
856 708 915 740 sed
939 708 1064 740 editum
1089 712 1141 739 est
1164 707 1295 739 demum
1318 706 1515 739 haeredibus
1537 705 1734 746 Tychonicis
1758 715 1875 738 curau-

69 758 178 794 tibns,
205 756 384 798 ndJumte
406 759 582 799 praecipue
605 757 771 798 Keplero.
803 756 932 798 Pragae
964 754 1072 792 16023
1107 764 1190 787 noro
1215 754 1310 786 titulo
1334 754 1530 786 insu-netum
1554 758 1606 785 est
1629 762 1652 785 a
1675 753 1877 795 Tegnagelio

70 814 157 838 mo
183 801 293 842 1⁶10.
328 805 450 839 additis
474 805 619 848 epistolis
644 809 679 836 et
702 813 800 845 opere
826 803 866 835 de
893 802 1031 835 Cometa
1062 803 1142 835 anni
1169 800 1281 838 1577;
1319 801 1458 844 denique
1491 810 1641 833 recusum
1672 810 1759 832 anno
1788 798 1878 832 1648

70 844 274 890 nummii
305 860 380 884 cnm
410 853 580 896 posteriori
616 861 723 893 opere.
788 850 983 892 inscriptum
1017 857 1089 881 est:
1137 849 1438 881 Astronomiae
1473 849 1747 880 instauratae
1782 847 1875 879 Pro·

69 896 286 942 gymnasia
297 902 342 931 at
353 908 393 937 a,
430 908 564 942 quorum
599 898 683 930 haec
713 898 817 940 prima
847 907 923 939 pars
947 898 1187 929 restitutionem
1210 898 1357 927 motuum
1383 894 1468 928 Solis
1493 900 1527 926 et
1551 894 1668 927 Lunae
1692 895 1877 927 stellarum-

70 953 134 991 que
156 946 229 979 iuer
245 946 374 979 antium
398 951 533 979 tractat.
573 946 616 978 Et
639 950 813 988 praeterea
836 945 876 976 de
902 944 1097 976 admiranda
1121 953 1207 976 nova
1222 943 1321 975 stella
1336 952 1424 974 anno
1443 940 1534 973 1572
1560 947 1674 974 exorta
1696 941 1879 974 luculenter

69 992 149 1036 agit.
200 991 249 1025 Ex
273 993 418 1036 epistolis
443 991 541 1036 (quas
564 990 805 1025 Hanscbius
838 990 956 1029 edidit)
981 990 1322 1034 Longomontani
1354 990 1403 1021 ad
1428 988 1649 1031 Keplerum
1684 994 1718 1021 et
1740 989 1877 1031 Kepleri

69 1040 115 1073 ad
136 1038 246 1077 ΜΨ,
280 1048 344 1073 neo
373 1050 440 1073 non
464 1050 484 1073 e
506 1039 886 1081 Hanuscriptorum
917 1038 1089 1080 Kepleri
1120 1037 1333 1079 Petropoli
1369 1042 1632 1069 conservatorum
1656 1036 1820 1069 volumine
1845 1035 1878 1068 11

68 1084 191 1124 duces
213 1086 396 1129 Kepluum
416 1087 579 1120 ffleoriam
597 1087 726 1123 Lunae,
751 1095 837 1128 quae
861 1087 947 1118 inter
970 1087 1110 1128 paginas
1137 1084 1203 1116 112
1229 1090 1264 1116 et
1294 1082 1359 1115 114
1384 1083 1453 1124 (ed.
1481 1084 1559 1116 anni
1589 1081 1697 1122 ¹602)
1722 1084 1879 1125 peculiari

68 1134 243 1176 tima
257 1132 455 1175 (ol—0²9)
478 1135 681 1176 intersparsa
701 1140 763 1170 est,
789 1133 994 1170 emendasse,
1020 1143 1083 1165 nec
1108 1143 1174 1165 non
1199 1131 1414 1174 appendicem
1439 1136 1473 1163 et
1491 1131 1634 1163 indicem
1659 1129 1706 1172 (p.
1724 1129 1793 1162 817
1812 1128 1877 1172 sq.)

70 1180 247 1219 addidisse.
271 1186 309 1215 et.
330 1182 595 1215 emendationem
621 1181 805 1213 tabularum
832 1180 1093 1221 Tychonicarum
1118 1184 1276 1212 tentasse.
1321 1178 1362 1211 In
1385 1178 1481 1210 modo
1506 1177 1595 1210 dieto
1617 1178 1781 1210 volumine
1805 1187 1876 1210 ma·

200 1233 306 1261 torum
329 1228 468 1271 Kepleri
498 1229 541 1261 ad
573 1229 705 1260 verbum
737 1228 855 1260 eadem
891 1227 1185 1269 deprehendimus,
1223 1235 1309 1268 quae
1345 1226 1499 1268 leguntur
1532 1235 1610 1267 pag.
1641 1223 1805 1257 01-029
1844 1230 1879 1257 et

74 1272 258 1308 tiz—138
282 1275 624 1320 Progymnasmatum.
673 1274 816 1316 Reliqua
840 1274 1003 1315 Tychonis
1028 1275 1253 1315 manuscripta
1278 1273 1460 1314 Keplero
1485 1273 1609 1304 tradita
1633 1277 1731 1309 sunt,
1762 1277 1800 1304 ut
1824 1281 1877 1309 ea,

69 1330 157 1364 quae
179 1320 242 1365 ipsi
266 1321 455 1356 viderentur
476 1323 696 1364 publicatione
722 1322 844 1364 digua,
870 1321 1003 1357 ederet;
1036 1331 1115 1353 usus
1147 1325 1198 1353 est
1222 1321 1261 1351 iis
1287 1330 1360 1352 cum
1385 1320 1501 1351 studiis
1528 1320 1775 1352 astronomicis.
1808 1324 1879 1351 tum

69 1369 103 1400 in
127 1369 340 1402 conficiendi·
376 1369 572 1408 „Tabnlis
602 1368 916 1410 Rudolphiuis“.
967 1367 1094 1400 Publici
1114 1369 1196 1409 J'uris
1221 1367 1277 1399 illa
1310 1368 1388 1399 fecit
1422 1377 1509 1398 anno
1536 1367 1668 1398 demum
1695 1364 1784 1398 1⁶72
1810 1367 1877 1398 ΔΙ-

70 1416 212 1448 bertna
238 1415 427 1454 Curtius,
460 1416 590 1458 collegii
620 1426 686 1448 soc.
712 1415 792 1447 Jesu
816 1415 1060 1458 Neoburgensis
1085 1421 1211 1453 rector,
1243 1415 1276 1446 in
1314 1414 1461 1455 ampliori
1485 1414 1667 1449 volumine.
1702 1414 1877 1455 inscripto:

68 1461 279 1497 Historia
309 1463 552 1496 eoelestis.
601 1463 782 1504 Keplerum
805 1472 882 1494 vero
906 1464 986 1497 item
1011 1463 1052 1494 de
1084 1463 1225 1494 editione
1257 1462 1410 1493 librorum
1435 1465 1470 1493 et
1491 1462 1786 1502 manuscriptorum
1812 1461 1876 1502 Ty·

68 1507 185 1556 elnonis
205 1511 388 1555 cogitanti,
423 1511 562 1552 apparet
585 1510 733 1552 iuspecto
759 1509 820 1541 vol.
847 1508 890 1539 V.
915 1509 1232 1551 Petropolitanorum
1256 1507 1565 1550 Manuscriptorum.
1614 1508 1664 1540 lbi
1697 1508 1876 1550 depreben-

68 1556 175 1590 dhus
193 1557 355 1601 judicium
377 1557 513 1600 Kepleri
539 1557 579 1590 de
604 1556 769 1598 Tychouis
793 1557 882 1588 libris
907 1556 1003 1588 editis
1028 1556 1224 1599 ineditisque
1246 1555 1369 1588 hocce:

141 1596 180 1654 1)
206 1605 519 1653 Epistularum
546 1611 658 1641 astr.
688 1605 807 1640 liber
831 1605 847 1640 I
865 1604 946 1650 jam
966 1605 1159 1640 absolutus
1179 1611 1247 1646 est,
1268 1604 1363 1639 liber
1380 1604 1414 1639 11
1433 1603 1637 1639 inchoatus,
1675 1604 1879 1643 Dubitatur

0 1683 6 1709 5
97 1694 119 1710 ·
209 1654 328 1702 njis
342 1659 621 1695 continuandus.
653 1659 740 1700 Quis
761 1659 856 1693 enim
873 1663 961 1703 post
977 1663 1130 1693 mortem
1149 1657 1333 1704 ‘tychonis
1354 1657 1512 1692 libenter
1531 1657 1688 1692 aliorum
1705 1657 1878 1703 vulgabit

0 1721 2 1754 ἑ
76 1734 114 1762 0„
207 1711 413 1758 opimus?
448 1712 488 1747 Si
507 1717 630 1748 tamen
649 1712 775 1757 placet
792 1711 1023 1752 haeredibus,
1051 1718 1207 1756 possunt
1223 1710 1392 1757 pervolvi
1410 1710 1605 1756 epistolae,
1632 1721 1799 1756 quaeque
1818 1721 1877 1745 oc-

0 1764 7 1770 ''
153 1792 156 1795 »
208 1770 361 1800 munt
386 1766 632 1800 astronomica
654 1776 733 1799 cum
758 1764 1057 1809 responsionibus
1077 1764 1261 1810 Tychonis
1288 1764 1450 1808 excerpi.
1487 1763 1547 1798 Sic
1565 1775 1637 1798 non
1655 1764 1797 1798 frustra
1813 1763 1878 1799 im-

208 1827 361 1864 pressae
378 1822 488 1853 erunt
506 1819 645 1863 priores
663 1818 827 1864 paginae
846 1822 887 1852 et
903 1817 989 1852 moli
1007 1817 1092 1852 libri
1111 1818 1335 1852 consuletur.
1373 1817 1615 1864 cogitaverat
1634 1817 1773 1862 Tycbo,
1791 1816 1878 1852 huic

207 1870 447 1917 epistolarum
473 1871 647 1906 volumini
676 1871 813 1916 aliquid
841 1871 1052 1905 tabularum
1077 1870 1293 1917 adjungere,
1324 1881 1394 1915 quo
1413 1870 1634 1905 vendibilior
1649 1870 1746 1905 liber
1763 1874 1874 1905 esset.

209 1923 251 1958 ld
269 1923 426 1971 diligens
443 1924 597 1959 relectio
615 1923 855 1970 epistolarum
873 1923 955 1968 ipsa
973 1924 1146 1960 monebit.
1192 1925 1250 1958 Ad
1269 1924 1364 1958 hanc
1391 1933 1468 1958 rem
1497 1924 1650 1958 alendus
1678 1933 1876 1958 amanuen-

143 2017 146 2020 y
208 1976 271 2019 nis,
291 1978 353 2024 qui
365 1975 543 2022 judicium
561 1977 702 2012 habeat
721 1977 759 2011 in
777 1977 835 2011 his
855 1977 976 2011 rebus.

138 2024 184 2075 2)
209 2030 504 2068 Aatronomia
528 2030 791 2065 mechanica
819 2029 974 2075 imprimi
1004 2030 1137 2065 iterum
1161 2033 1307 2074 potest,
1334 2039 1415 2063 cum
1440 2028 1562 2064 adsint
1593 2029 1744 2064 formae.
1791 2029 1877 2064 Dis·

208 2083 380 2120 trahetur
399 2083 598 2118 celerrime.
635 2083 795 2118 Leviuus
815 2083 967 2118 Hulsius
994 2094 1042 2118 an
1070 2087 1296 2127 potestatem
1323 2082 1464 2116 habeat
1488 2093 1512 2117 a
1530 2083 1703 2128 Tychone
1723 2093 1805 2117 eam
1821 2094 1878 2117 re-

210 2136 364 2171 cudendi
381 2140 421 2170 et
438 2146 488 2170 an
505 2148 578 2171 non
598 2141 781 2177 teneatur,
802 2147 868 2181 pro
888 2147 934 2170 ea
952 2135 1165 2181 persolvere
1186 2135 1323 2181 aliquid
1340 2135 1542 2170 mercedis?

141 2183 186 2233 3)
211 2189 694 2234 Progymnasmatum
710 2191 814 2223 Astr.
839 2194 925 2223 tom.
945 2189 973 2229 1,
1004 2190 1049 2223 de
1080 2189 1193 2223 stella
1212 2188 1299 2223 anni
1322 2184 1434 2223 1572.
1473 2189 1601 2229 Quoad
1622 2188 1877 2228 astronomica,

209 2253 284 2277 non
301 2241 393 2275 vidit
409 2242 561 2275 mundus
589 2242 781 2287 quicquam
812 2242 847 2275 in
878 2242 946 2275 hoc
973 2253 1112 2287 genere
1138 2241 1351 2285 perfectius.
1402 2241 1647 2276 Desideratur
1676 2241 1878 2279 dedicatio;

212 2305 307 2340 quae
327 2293 464 2328 alicubi
483 2294 611 2328 latitat
630 2294 665 2327 in
686 2294 837 2328 scriniis.
868 2294 1187 2333 Considerandum,
1209 2294 1295 2338 quia
1314 2294 1409 2328 liber
1426 2300 1513 2339 post
1530 2299 1683 2329 mortem
1696 2293 1879 2338 ‘rychonis

209 2347 350 2393 prodit,
383 2357 432 2380 an
457 2346 506 2381 sit
543 2347 710 2380 addenda
741 2346 895 2391 antiqua
925 2347 1123 2386 dedicatio,
1157 2346 1188 2380 si
1219 2346 1443 2387 inveniatur,
1476 2357 1524 2382 an
1548 2357 1645 2381 nova
1675 2347 1878 2387 scribenda,

211 2411 330 2447 eaque
348 2399 409 2434 vel
428 2399 515 2433 ficta
534 2400 601 2433 sub
620 2398 802 2444 Tychonis
830 2399 990 2440 nomine,
1021 2404 1060 2433 et
1088 2404 1263 2444 quantum
1289 2399 1367 2433 fieri
1394 2400 1548 2443 poterit,
1579 2399 1677 2445 stylo
1705 2399 1775 2444 ipsi
1796 2410 1879 2433 cou-

210 2458 327 2494 sueto,
348 2463 396 2487 an
414 2463 501 2487 vero
521 2453 587 2487 sub
606 2452 805 2486 haeredum
823 2452 993 2486 nomine?
1024 2452 1289 2493 Quaerendum,
1310 2462 1358 2486 an
1377 2457 1416 2486 et
1435 2452 1552 2497 qualis
1570 2451 1750 2486 dedicatio
1768 2462 1878 2497 prae·

209 2507 288 2542 fixa
305 2506 354 2540 sit
370 2505 415 2540 iis
434 2505 727 2550 exemplaribus,
754 2515 848 2550 quae
868 2505 1025 2545 Caesar,
1046 2505 1279 2546 Germanias,
1299 2505 1511 2547 Barwitius,
1537 2506 1756 2540 Herwartus
1776 2515 1879 2539 acce-

214 2564 368 2605 pei-unu
396 2558 461 2592 ubi
479 2558 600 2592 lateat
621 2557 830 2592 conclusio?

308 2613 351 2646 In
369 2616 461 2657 typo
480 2612 734 2645 desiderantur
752 2610 925 2657 paginae,
947 2621 1042 2655 quae
1056 2615 1192 2645 motum
1204 2610 1332 2644 Lunae
1352 2611 1655 2656 complectuntur.
1684 2610 1881 2645 Schemata

178 2689 183 2691 Α
206 2664 288 2709 jan
306 2665 344 2698 in
361 2665 464 2710 liguo
484 2664 668 2709 insculpta
687 2668 782 2697 sunt.
822 2663 1094 2708 Typographus
1114 2663 1438 2710 Wittebergensis,
1460 2668 1503 2698 ut
1522 2663 1641 2704 audio,
1665 2663 1746 2707 jam
1765 2663 1881 2697 habet

210 2717 414 2763 pecuniam,
446 2724 489 2751 ut
515 2727 562 2751 ea
582 2717 775 2762 imprimat.
815 2716 962 2762 Pagina
980 2716 1099 2760 prima
1126 2716 1247 2761 operis
1277 2716 1313 2749 in
1341 2717 1509 2761 pluribus
1529 2716 1802 2760 exemplaribus
1821 2720 1882 2750 est

214 2769 348 2805 attrita
365 2774 404 2804 et
422 2770 557 2810 lacera,
578 2771 784 2804 recudenda
804 2769 873 2802 erit
894 2769 1020 2802 iisdem
1039 2769 1150 2814 typis.
1172 2780 1218 2802 ne
1238 2769 1284 2803 ob
1304 2769 1400 2802 hunc
1419 2770 1602 2803 defectum
1618 2768 1704 2803 libri
1721 2769 1880 2814 pretium

212 2822 452 2858 deminuatur.
490 2826 550 2857 An
569 2823 732 2857 Lunaria
748 2821 1012 2866 Wittebergae
1032 2822 1106 2856 sint-
1124 2822 1360 2866 imprimenda
1386 2827 1424 2856 et
1449 2834 1520 2856 nou
1547 2821 1670 2866 potius
1697 2822 1764 2862 hic,
1795 2833 1878 2856 cou-

214 2875 456 2917 sideraudum
489 2888 534 2910 ne
570 2876 690 2920 operis
720 2882 875 2920 patrono
902 2874 1054 2908 Caesari
1087 2885 1179 2908 ansa
1209 2875 1435 2919 praebeatur
1466 2874 1701 2909 succensendi
1733 2875 1778 2909 ob
1807 2886 1879 2909 non

213 2932 362 2974 gratum
380 2928 499 2963 locum
518 2927 775 2974 impressionis.

145 2977 188 3026 4)
215 2982 705 3026 Progymnasmatum
732 2983 831 3015 Astr.
862 2984 946 3014 tom.
974 2979 1020 3014 11.
1052 2981 1096 3014 de
1123 2981 1275 3014 Cometa
1300 2989 1333 3014 a.
1364 2979 1476 3015 1577.
1529 2979 1649 3015 Liber,
1670 2990 1744 3026 qua
1773 2985 1879 3026 parte

217 3033 416 3074 confectus,
445 3034 557 3069 etiam
584 3034 779 3079 impressus
799 3038 871 3067 est.
912 3032 1069 3077 Reliqua
1088 3044 1175 3077 pars
1193 3032 1278 3067 libri
1297 3033 1482 3067 desiderat
1501 3032 1715 3080 diligentem
1733 3033 1876 3068 ordina-

215 3092 342 3122 torem.
385 3086 510 3133 Tycho
538 3086 575 3121 in
598 3086 821 3121 Mechanicis
853 3086 1049 3120 seeundum
1078 3090 1118 3120 et
1147 3084 1296 3120 tertium
1326 3091 1461 3121 tomum
1491 3085 1685 3132 distinguit
1715 3087 1752 3121 in
1783 3086 1878 3122 hunc
