<?xml version="1.0" encoding="UTF-8"?>
<!DOCTYPE html PUBLIC "-//W3C//DTD XHTML 1.0 Transitional//EN"
    "http://www.w3.org/TR/xhtml1/DTD/xhtml1-transitional.dtd">
<html xmlns="http://www.w3.org/1999/xhtml" xml:lang="en" lang="en">
 <head>
  <title>
</title>
<meta http-equiv="Content-Type" content="text/html;charset=utf-8" />
  <meta name='ocr-system' content='tesseract 3.04.00' />
  <meta name='ocr-capabilities' content='ocr_page ocr_carea ocr_par ocr_line ocrx_word'/>
</head>
<body>
  <div class='ocr_page' id='page_1' title='image "./operaomniaedidit01kepluoft_0091.png"; bbox 0 0 1982 3268; ppageno 0'>
   <div class='ocr_carea' id='block_1_1' title="bbox 852 93 1806 139">
    <p class='ocr_par' dir='ltr' id='par_1_1' title="bbox 852 93 1806 139">
     <span class='ocr_line' id='line_1_1' title="bbox 852 93 1806 139; baseline 0.001 -1"><span class='ocrx_word' id='word_1_1' title='bbox 852 93 1067 127; x_wconf 64' lang='lat' dir='ltr'><strong>monim</strong></span> <span class='ocrx_word' id='word_1_2' title='bbox 1748 93 1806 139; x_wconf 82' lang='lat'><strong>69</strong></span> 
     </span>
    </p>
   </div>
   <div class='ocr_carea' id='block_1_2' title="bbox 0 199 1864 3117">
    <p class='ocr_par' dir='ltr' id='par_1_2' title="bbox 4 199 1813 489">
     <span class='ocr_line' id='line_1_2' title="bbox 6 199 1812 252; baseline 0.001 -11"><span class='ocrx_word' id='word_1_3' title='bbox 6 204 114 248; x_wconf 75' lang='lat' dir='ltr'><strong>test,</strong></span> <span class='ocrx_word' id='word_1_4' title='bbox 157 211 276 252; x_wconf 87' lang='lat' dir='ltr'><strong>quam</strong></span> <span class='ocrx_word' id='word_1_5' title='bbox 317 199 493 240; x_wconf 88' lang='lat' dir='ltr'><strong>foramen</strong></span> <span class='ocrx_word' id='word_1_6' title='bbox 537 213 588 240; x_wconf 86' lang='lat' dir='ltr'><strong>ex</strong></span> <span class='ocrx_word' id='word_1_7' title='bbox 624 200 709 240; x_wconf 87' lang='lat' dir='ltr'><strong>alta</strong></span> <span class='ocrx_word' id='word_1_8' title='bbox 746 199 842 240; x_wconf 89' lang='lat' dir='ltr'><strong>turri</strong></span> <span class='ocrx_word' id='word_1_9' title='bbox 857 231 868 248; x_wconf 93' lang='lat'><strong>,</strong></span> <span class='ocrx_word' id='word_1_10' title='bbox 902 199 1089 252; x_wconf 91' lang='lat' dir='ltr'><strong>locusque</strong></span> <span class='ocrx_word' id='word_1_11' title='bbox 1127 200 1202 240; x_wconf 91' lang='lat' dir='ltr'><strong>sub</strong></span> <span class='ocrx_word' id='word_1_12' title='bbox 1234 213 1283 240; x_wconf 88' lang='lat' dir='ltr'><strong>ea</strong></span> <span class='ocrx_word' id='word_1_13' title='bbox 1312 201 1535 242; x_wconf 87' lang='lat' dir='ltr'><strong>umbrosus.</strong></span> <span class='ocrx_word' id='word_1_14' title='bbox 1597 199 1812 242; x_wconf 83' lang='lat' dir='ltr'><strong>Rotundus</strong></span> 
     </span>
     <span class='ocr_line' id='line_1_3' title="bbox 6 256 1811 313; baseline 0.001 -14"><span class='ocrx_word' id='word_1_15' title='bbox 6 258 111 303; x_wconf 77' lang='lat' dir='ltr'><strong>enim</strong></span> <span class='ocrx_word' id='word_1_16' title='bbox 139 256 247 300; x_wconf 82' lang='lat' dir='ltr'><strong>Solis</strong></span> <span class='ocrx_word' id='word_1_17' title='bbox 282 259 419 299; x_wconf 84' lang='lat' dir='ltr'><strong>radius</strong></span> <span class='ocrx_word' id='word_1_18' title='bbox 450 259 584 310; x_wconf 88' lang='lat' dir='ltr'><strong>optica</strong></span> <span class='ocrx_word' id='word_1_19' title='bbox 615 259 768 299; x_wconf 87' lang='lat' dir='ltr'><strong>ratione</strong></span> <span class='ocrx_word' id='word_1_20' title='bbox 799 271 871 310; x_wconf 89' lang='lat' dir='ltr'><strong>per</strong></span> <span class='ocrx_word' id='word_1_21' title='bbox 902 260 1077 299; x_wconf 89' lang='lat' dir='ltr'><strong>foramen</strong></span> <span class='ocrx_word' id='word_1_22' title='bbox 1116 258 1344 310; x_wconf 87' lang='lat' dir='ltr'><strong>ingrediens</strong></span> <span class='ocrx_word' id='word_1_23' title='bbox 1361 291 1372 308; x_wconf 92' lang='lat'><strong>,</strong></span> <span class='ocrx_word' id='word_1_24' title='bbox 1405 260 1438 299; x_wconf 89' lang='lat' dir='ltr'><strong>si</strong></span> <span class='ocrx_word' id='word_1_25' title='bbox 1479 272 1530 300; x_wconf 85' lang='lat' dir='ltr'><strong>ex</strong></span> <span class='ocrx_word' id='word_1_26' title='bbox 1574 259 1735 313; x_wconf 88' lang='lat' dir='ltr'><strong>obliquo</strong></span> <span class='ocrx_word' id='word_1_27' title='bbox 1752 290 1755 291; x_wconf 15' lang='grc' dir='ltr'><em>γ</em></span> <span class='ocrx_word' id='word_1_28' title='bbox 1772 261 1811 300; x_wconf 92' lang='lat' dir='ltr'><strong>in</strong></span> 
     </span>
     <span class='ocr_line' id='line_1_4' title="bbox 4 316 1813 371; baseline 0.001 -13"><span class='ocrx_word' id='word_1_29' title='bbox 4 317 168 371; x_wconf 84' lang='lat' dir='ltr'><strong>planum</strong></span> <span class='ocrx_word' id='word_1_30' title='bbox 197 316 360 365; x_wconf 84' lang='lat' dir='ltr'><strong>incidat,</strong></span> <span class='ocrx_word' id='word_1_31' title='bbox 394 318 551 369; x_wconf 83' lang='lat' dir='ltr'><strong>ellipsin</strong></span> <span class='ocrx_word' id='word_1_32' title='bbox 581 316 723 371; x_wconf 80' lang='lat' dir='ltr'>pingit,</span> <span class='ocrx_word' id='word_1_33' title='bbox 756 316 870 369; x_wconf 86' lang='lat' dir='ltr'><strong>cujus</strong></span> <span class='ocrx_word' id='word_1_34' title='bbox 901 330 952 356; x_wconf 83' lang='lat' dir='ltr'><strong>ex</strong></span> <span class='ocrx_word' id='word_1_35' title='bbox 982 317 1102 369; x_wconf 85' lang='lat' dir='ltr'><strong>longa</strong></span> <span class='ocrx_word' id='word_1_36' title='bbox 1132 322 1174 356; x_wconf 91' lang='lat' dir='ltr'><strong>et</strong></span> <span class='ocrx_word' id='word_1_37' title='bbox 1205 318 1315 358; x_wconf 86' lang='lat' dir='ltr'><strong>brevi</strong></span> <span class='ocrx_word' id='word_1_38' title='bbox 1349 318 1558 367; x_wconf 88' lang='lat' dir='ltr'><strong>diametro,</strong></span> <span class='ocrx_word' id='word_1_39' title='bbox 1593 318 1627 359; x_wconf 91' lang='lat' dir='ltr'><strong>si</strong></span> <span class='ocrx_word' id='word_1_40' title='bbox 1659 319 1813 371; x_wconf 82' lang='lat' dir='ltr'><strong>ellipsis</strong></span> 
     </span>
     <span class='ocr_line' id='line_1_5' title="bbox 6 374 1813 429; baseline 0 -11"><span class='ocrx_word' id='word_1_41' title='bbox 6 374 110 419; x_wconf 75' lang='lat' dir='ltr'><strong>satis</strong></span> <span class='ocrx_word' id='word_1_42' title='bbox 139 387 287 428; x_wconf 76' lang='lat' dir='ltr'><strong>magna</strong></span> <span class='ocrx_word' id='word_1_43' title='bbox 315 376 391 425; x_wconf 85' lang='lat' dir='ltr'><strong>sit,</strong></span> <span class='ocrx_word' id='word_1_44' title='bbox 424 381 522 428; x_wconf 88' lang='lat' dir='ltr'><strong>puta</strong></span> <span class='ocrx_word' id='word_1_45' title='bbox 553 387 603 416; x_wconf 87' lang='lat' dir='ltr'><strong>ex</strong></span> <span class='ocrx_word' id='word_1_46' title='bbox 635 377 723 416; x_wconf 91' lang='lat' dir='ltr'><strong>loco</strong></span> <span class='ocrx_word' id='word_1_47' title='bbox 755 376 855 423; x_wconf 90' lang='lat' dir='ltr'><strong>alto,</strong></span> <span class='ocrx_word' id='word_1_48' title='bbox 894 376 1011 429; x_wconf 87' lang='lat' dir='ltr'><strong>plura</strong></span> <span class='ocrx_word' id='word_1_49' title='bbox 1041 378 1115 428; x_wconf 85' lang='lat' dir='ltr'><strong>&#39;ego</strong></span> <span class='ocrx_word' id='word_1_50' title='bbox 1147 376 1359 428; x_wconf 87' lang='lat' dir='ltr'><strong>colligam,</strong></span> <span class='ocrx_word' id='word_1_51' title='bbox 1401 389 1518 429; x_wconf 91' lang='lat' dir='ltr'><strong>quam</strong></span> <span class='ocrx_word' id='word_1_52' title='bbox 1550 390 1601 417; x_wconf 86' lang='lat' dir='ltr'><strong>ex</strong></span> <span class='ocrx_word' id='word_1_53' title='bbox 1631 377 1813 418; x_wconf 89' lang='lat' dir='ltr'><strong>omnibus</strong></span> 
     </span>
     <span class='ocr_line' id='line_1_6' title="bbox 7 434 1314 489; baseline 0 -14"><span class='ocrx_word' id='word_1_54' title='bbox 7 434 309 489; x_wconf 65' lang='lat' dir='ltr'><strong>quadrantibus,</strong></span> <span class='ocrx_word' id='word_1_55' title='bbox 341 435 584 483; x_wconf 79' lang='lat' dir='ltr'><strong>astmlabiis,</strong></span> <span class='ocrx_word' id='word_1_56' title='bbox 620 434 802 481; x_wconf 81' lang='lat' dir='ltr'><strong>armillis,</strong></span> <span class='ocrx_word' id='word_1_57' title='bbox 834 435 1000 484; x_wconf 89' lang='lat' dir='ltr'><strong>baculis,</strong></span> <span class='ocrx_word' id='word_1_58' title='bbox 1035 440 1077 475; x_wconf 89' lang='lat' dir='ltr'><strong>et</strong></span> <span class='ocrx_word' id='word_1_59' title='bbox 1106 435 1314 475; x_wconf 87' lang='lat' dir='ltr'><strong>similibus.</strong></span> 
     </span>
    </p>

    <p class='ocr_par' dir='ltr' id='par_1_3' title="bbox 122 493 1813 547">
     <span class='ocr_line' id='line_1_7' title="bbox 122 493 1813 547; baseline 0.001 -13"><span class='ocrx_word' id='word_1_60' title='bbox 122 493 184 534; x_wconf 84' lang='lat' dir='ltr'><strong>De</strong></span> <span class='ocrx_word' id='word_1_61' title='bbox 216 493 559 535; x_wconf 80' lang='lat' dir='ltr'><strong>observationibus</strong></span> <span class='ocrx_word' id='word_1_62' title='bbox 591 494 695 547; x_wconf 90' lang='lat' dir='ltr'><strong>quod</strong></span> <span class='ocrx_word' id='word_1_63' title='bbox 727 506 789 533; x_wconf 89' lang='lat' dir='ltr'><strong>me</strong></span> <span class='ocrx_word' id='word_1_64' title='bbox 821 493 1028 542; x_wconf 84' lang='lat' dir='ltr'><strong>sollicitas,</strong></span> <span class='ocrx_word' id='word_1_65' title='bbox 1055 493 1139 546; x_wconf 87' lang='lat' dir='ltr'><strong>jam</strong></span> <span class='ocrx_word' id='word_1_66' title='bbox 1160 493 1313 545; x_wconf 83' lang='lat' dir='ltr'><strong>pridem</strong></span> <span class='ocrx_word' id='word_1_67' title='bbox 1338 493 1463 534; x_wconf 89' lang='lat' dir='ltr'><strong>habes</strong></span> <span class='ocrx_word' id='word_1_68' title='bbox 1490 493 1590 533; x_wconf 87' lang='lat' dir='ltr'><strong>duas</strong></span> <span class='ocrx_word' id='word_1_69' title='bbox 1615 493 1813 546; x_wconf 88' lang='lat' dir='ltr'><strong>insignio-</strong></span> 
     </span>
    </p>

    <p class='ocr_par' dir='ltr' id='par_1_4' title="bbox 0 551 1864 3111">
     <span class='ocr_line' id='line_1_8' title="bbox 7 551 1812 605; baseline 0 -13"><span class='ocrx_word' id='word_1_70' title='bbox 7 564 72 593; x_wconf 74' lang='lat' dir='ltr'><strong>res</strong></span> <span class='ocrx_word' id='word_1_71' title='bbox 102 551 152 592; x_wconf 87' lang='lat' dir='ltr'><strong>de</strong></span> <span class='ocrx_word' id='word_1_72' title='bbox 183 552 380 593; x_wconf 73' lang='lat' dir='ltr'><strong>Mercurio</strong></span> <span class='ocrx_word' id='word_1_73' title='bbox 410 558 453 593; x_wconf 91' lang='lat' dir='ltr'><strong>et</strong></span> <span class='ocrx_word' id='word_1_74' title='bbox 481 552 642 593; x_wconf 91' lang='lat' dir='ltr'><strong>Polari:</strong></span> <span class='ocrx_word' id='word_1_75' title='bbox 676 552 866 592; x_wconf 88' lang='lat' dir='ltr'><strong>Nonnihil</strong></span> <span class='ocrx_word' id='word_1_76' title='bbox 898 552 1018 592; x_wconf 86' lang='lat' dir='ltr'><strong>etiam</strong></span> <span class='ocrx_word' id='word_1_77' title='bbox 1056 551 1210 592; x_wconf 88' lang='lat' dir='ltr'><strong>videbis</strong></span> <span class='ocrx_word' id='word_1_78' title='bbox 1250 552 1289 592; x_wconf 91' lang='lat' dir='ltr'><strong>in</strong></span> <span class='ocrx_word' id='word_1_79' title='bbox 1334 564 1421 592; x_wconf 89' lang='lat' dir='ltr'><strong>meo</strong></span> <span class='ocrx_word' id='word_1_80' title='bbox 1464 552 1722 605; x_wconf 84' lang='lat' dir='ltr'><strong>prognostico</strong></span> <span class='ocrx_word' id='word_1_81' title='bbox 1760 553 1812 592; x_wconf 90' lang='lat' dir='ltr'><strong>ad</strong></span> 
     </span>
     <span class='ocr_line' id='line_1_9' title="bbox 9 607 1813 664; baseline -0.001 -12"><span class='ocrx_word' id='word_1_82' title='bbox 9 623 154 652; x_wconf 83' lang='lat' dir='ltr'><strong>annum</strong></span> <span class='ocrx_word' id='word_1_83' title='bbox 206 607 336 660; x_wconf 81' lang='lat'><strong>1599,</strong></span> <span class='ocrx_word' id='word_1_84' title='bbox 386 611 490 664; x_wconf 92' lang='lat' dir='ltr'><strong>quod</strong></span> <span class='ocrx_word' id='word_1_85' title='bbox 543 611 583 651; x_wconf 92' lang='lat' dir='ltr'><strong>in</strong></span> <span class='ocrx_word' id='word_1_86' title='bbox 640 611 740 651; x_wconf 90' lang='lat' dir='ltr'><strong>hunc</strong></span> <span class='ocrx_word' id='word_1_87' title='bbox 778 611 894 651; x_wconf 87' lang='lat' dir='ltr'><strong>finem</strong></span> <span class='ocrx_word' id='word_1_88' title='bbox 943 610 1072 662; x_wconf 88' lang='lat' dir='ltr'><strong>adjeci</strong></span> <span class='ocrx_word' id='word_1_89' title='bbox 1117 611 1246 651; x_wconf 88' lang='lat' dir='ltr'><strong>literis</strong></span> <span class='ocrx_word' id='word_1_90' title='bbox 1290 610 1414 651; x_wconf 86' lang='lat' dir='ltr'><strong>hisce.</strong></span> <span class='ocrx_word' id='word_1_91' title='bbox 1478 611 1697 651; x_wconf 88' lang='lat' dir='ltr'><strong>Praeterea</strong></span> <span class='ocrx_word' id='word_1_92' title='bbox 1730 611 1813 652; x_wconf 81' lang='lat' dir='ltr'><strong>fere</strong></span> 
     </span>
     <span class='ocr_line' id='line_1_10' title="bbox 7 667 1813 721; baseline -0.002 -9"><span class='ocrx_word' id='word_1_93' title='bbox 7 669 106 713; x_wconf 85' lang='lat' dir='ltr'><strong>nihil</strong></span> <span class='ocrx_word' id='word_1_94' title='bbox 135 669 285 718; x_wconf 84' lang='lat' dir='ltr'><strong>habeo,</strong></span> <span class='ocrx_word' id='word_1_95' title='bbox 324 669 401 710; x_wconf 76' lang='lat' dir='ltr'><strong>nisi</strong></span> <span class='ocrx_word' id='word_1_96' title='bbox 442 670 540 711; x_wconf 92' lang='lat' dir='ltr'><strong>illud</strong></span> <span class='ocrx_word' id='word_1_97' title='bbox 577 675 617 710; x_wconf 90' lang='lat' dir='ltr'><strong>te</strong></span> <span class='ocrx_word' id='word_1_98' title='bbox 651 671 823 710; x_wconf 83' lang='lat' dir='ltr'><strong>fortasse</strong></span> <span class='ocrx_word' id='word_1_99' title='bbox 856 670 1055 718; x_wconf 88' lang='lat' dir='ltr'><strong>delectet,</strong></span> <span class='ocrx_word' id='word_1_100' title='bbox 1089 669 1152 709; x_wconf 87' lang='lat' dir='ltr'><strong>die</strong></span> <span class='ocrx_word' id='word_1_101' title='bbox 1186 667 1256 711; x_wconf 85' lang='lat'><strong>25.</strong></span> <span class='ocrx_word' id='word_1_102' title='bbox 1290 669 1404 721; x_wconf 88' lang='lat' dir='ltr'><strong>Sept.</strong></span> <span class='ocrx_word' id='word_1_103' title='bbox 1439 682 1554 711; x_wconf 87' lang='lat' dir='ltr'><strong>mane</strong></span> <span class='ocrx_word' id='word_1_104' title='bbox 1587 682 1655 710; x_wconf 91' lang='lat' dir='ltr'><strong>cor</strong></span> <span class='ocrx_word' id='word_1_105' title='bbox 1686 669 1813 710; x_wconf 91' lang='lat' dir='ltr'><strong>leonis</strong></span> 
     </span>
     <span class='ocr_line' id='line_1_11' title="bbox 7 727 1812 782; baseline -0.001 -13"><span class='ocrx_word' id='word_1_106' title='bbox 7 742 34 769; x_wconf 84' lang='lat' dir='ltr'><strong>a</strong></span> <span class='ocrx_word' id='word_1_107' title='bbox 64 729 223 769; x_wconf 81' lang='lat' dir='ltr'><strong>Venere</strong></span> <span class='ocrx_word' id='word_1_108' title='bbox 258 728 424 781; x_wconf 83' lang='lat' dir='ltr'><strong>eclipsin</strong></span> <span class='ocrx_word' id='word_1_109' title='bbox 456 741 546 769; x_wconf 89' lang='lat' dir='ltr'><strong>esse</strong></span> <span class='ocrx_word' id='word_1_110' title='bbox 570 742 747 782; x_wconf 87' lang='lat' dir='ltr'><strong>passum,</strong></span> <span class='ocrx_word' id='word_1_111' title='bbox 780 730 897 781; x_wconf 88' lang='lat' dir='ltr'><strong>plane</strong></span> <span class='ocrx_word' id='word_1_112' title='bbox 930 734 975 769; x_wconf 89' lang='lat' dir='ltr'><strong>ut</strong></span> <span class='ocrx_word' id='word_1_113' title='bbox 1005 733 1099 768; x_wconf 91' lang='lat' dir='ltr'><strong>ante</strong></span> <span class='ocrx_word' id='word_1_114' title='bbox 1131 741 1257 768; x_wconf 91' lang='lat' dir='ltr'><strong>annos</strong></span> <span class='ocrx_word' id='word_1_115' title='bbox 1289 734 1395 770; x_wconf 87' lang='lat' dir='ltr'><strong>octo.</strong></span> <span class='ocrx_word' id='word_1_116' title='bbox 1465 727 1647 780; x_wconf 87' lang='lat' dir='ltr'><strong>Eclipsin</strong></span> <span class='ocrx_word' id='word_1_117' title='bbox 1678 733 1812 768; x_wconf 90' lang='lat' dir='ltr'><strong>tamen</strong></span> 
     </span>
     <span class='ocr_line' id='line_1_12' title="bbox 7 785 1814 842; baseline 0 -14"><span class='ocrx_word' id='word_1_118' title='bbox 7 788 208 842; x_wconf 66' lang='lat' dir='ltr'><strong>ipse&#39;non</strong></span> <span class='ocrx_word' id='word_1_119' title='bbox 249 787 357 836; x_wconf 83' lang='lat' dir='ltr'><strong>vidi,</strong></span> <span class='ocrx_word' id='word_1_120' title='bbox 405 800 505 828; x_wconf 66' lang='lat' dir='ltr'><strong>nec-</strong></span> <span class='ocrx_word' id='word_1_121' title='bbox 528 788 736 841; x_wconf 90' lang='lat' dir='ltr'><strong>quisquam</strong></span> <span class='ocrx_word' id='word_1_122' title='bbox 783 788 822 828; x_wconf 90' lang='lat' dir='ltr'><strong>in</strong></span> <span class='ocrx_word' id='word_1_123' title='bbox 870 788 945 828; x_wconf 92' lang='lat' dir='ltr'><strong>hoc</strong></span> <span class='ocrx_word' id='word_1_124' title='bbox 994 792 1080 826; x_wconf 87' lang='lat' dir='ltr'><strong>toto</strong></span> <span class='ocrx_word' id='word_1_125' title='bbox 1125 786 1344 828; x_wconf 90' lang='lat' dir='ltr'><strong>occidente.</strong></span> <span class='ocrx_word' id='word_1_126' title='bbox 1425 785 1627 838; x_wconf 86' lang='lat' dir='ltr'><strong>Colligere</strong></span> <span class='ocrx_word' id='word_1_127' title='bbox 1679 792 1814 828; x_wconf 89' lang='lat' dir='ltr'><strong>autem</strong></span> 
     </span>
     <span class='ocr_line' id='line_1_13' title="bbox 6 845 1811 900; baseline -0.001 -13"><span class='ocrx_word' id='word_1_128' title='bbox 6 846 118 900; x_wconf 86' lang='lat' dir='ltr'><strong>potui</strong></span> <span class='ocrx_word' id='word_1_129' title='bbox 163 846 301 899; x_wconf 82' lang='lat' dir='ltr'><strong>paucis</strong></span> <span class='ocrx_word' id='word_1_130' title='bbox 345 851 438 886; x_wconf 89' lang='lat' dir='ltr'><strong>ante</strong></span> <span class='ocrx_word' id='word_1_131' title='bbox 477 846 647 886; x_wconf 88' lang='lat' dir='ltr'><strong>Veneris</strong></span> <span class='ocrx_word' id='word_1_132' title='bbox 685 851 813 886; x_wconf 88' lang='lat' dir='ltr'><strong>ortum</strong></span> <span class='ocrx_word' id='word_1_133' title='bbox 855 846 963 886; x_wconf 90' lang='lat' dir='ltr'><strong>horis</strong></span> <span class='ocrx_word' id='word_1_134' title='bbox 1013 845 1222 886; x_wconf 87' lang='lat' dir='ltr'><strong>accidisse.</strong></span> <span class='ocrx_word' id='word_1_135' title='bbox 1296 846 1403 887; x_wconf 87' lang='lat' dir='ltr'><strong>Nam</strong></span> <span class='ocrx_word' id='word_1_136' title='bbox 1452 845 1604 885; x_wconf 88' lang='lat' dir='ltr'><strong>oriente</strong></span> <span class='ocrx_word' id='word_1_137' title='bbox 1650 846 1811 886; x_wconf 84' lang='lat' dir='ltr'><strong>Venere</strong></span> 
     </span>
     <span class='ocr_line' id='line_1_14' title="bbox 7 903 1811 957; baseline -0.002 -9"><span class='ocrx_word' id='word_1_138' title='bbox 7 905 115 948; x_wconf 84' lang='lat' dir='ltr'><strong>nullo</strong></span> <span class='ocrx_word' id='word_1_139' title='bbox 151 905 268 946; x_wconf 89' lang='lat' dir='ltr'><strong>modo</strong></span> <span class='ocrx_word' id='word_1_140' title='bbox 313 905 446 946; x_wconf 87' lang='lat' dir='ltr'><strong>videre</strong></span> <span class='ocrx_word' id='word_1_141' title='bbox 497 918 564 946; x_wconf 89' lang='lat' dir='ltr'><strong>cor</strong></span> <span class='ocrx_word' id='word_1_142' title='bbox 605 905 739 957; x_wconf 88' lang='lat' dir='ltr'><strong>potui,</strong></span> <span class='ocrx_word' id='word_1_143' title='bbox 795 905 867 945; x_wconf 88' lang='lat' dir='ltr'><strong>sed</strong></span> <span class='ocrx_word' id='word_1_144' title='bbox 916 909 1010 957; x_wconf 87' lang='lat' dir='ltr'><strong>post</strong></span> <span class='ocrx_word' id='word_1_145' title='bbox 1053 910 1182 945; x_wconf 89' lang='lat' dir='ltr'><strong>ortum</strong></span> <span class='ocrx_word' id='word_1_146' title='bbox 1225 905 1312 956; x_wconf 91' lang='lat' dir='ltr'><strong>ejus</strong></span> <span class='ocrx_word' id='word_1_147' title='bbox 1349 918 1428 944; x_wconf 91' lang='lat' dir='ltr'><strong>una</strong></span> <span class='ocrx_word' id='word_1_148' title='bbox 1469 903 1570 944; x_wconf 88' lang='lat' dir='ltr'><strong>hora</strong></span> <span class='ocrx_word' id='word_1_149' title='bbox 1607 904 1811 956; x_wconf 76' lang='lat' dir='ltr'><strong>separatio</strong></span> 
     </span>
     <span class='ocr_line' id='line_1_15' title="bbox 6 963 1813 1017; baseline -0.002 -12"><span class='ocrx_word' id='word_1_150' title='bbox 6 969 139 1015; x_wconf 78' lang='lat' dir='ltr'><strong>tanta</strong></span> <span class='ocrx_word' id='word_1_151' title='bbox 166 963 260 1011; x_wconf 83' lang='lat' dir='ltr'><strong>fuit,</strong></span> <span class='ocrx_word' id='word_1_152' title='bbox 311 977 362 1004; x_wconf 89' lang='lat' dir='ltr'><strong>ex</strong></span> <span class='ocrx_word' id='word_1_153' title='bbox 398 976 476 1017; x_wconf 92' lang='lat' dir='ltr'><strong>qua</strong></span> <span class='ocrx_word' id='word_1_154' title='bbox 519 964 746 1016; x_wconf 78' lang='lat' dir='ltr'><strong>conjectata</strong></span> <span class='ocrx_word' id='word_1_155' title='bbox 782 964 1004 1016; x_wconf 90' lang='lat' dir='ltr'><strong>conjunctio</strong></span> <span class='ocrx_word' id='word_1_156' title='bbox 1049 969 1143 1003; x_wconf 89' lang='lat' dir='ltr'><strong>ante</strong></span> <span class='ocrx_word' id='word_1_157' title='bbox 1186 968 1316 1004; x_wconf 89' lang='lat' dir='ltr'><strong>ortum</strong></span> <span class='ocrx_word' id='word_1_158' title='bbox 1357 963 1543 1003; x_wconf 81' lang='lat' dir='ltr'><strong>cadebat.</strong></span> <span class='ocrx_word' id='word_1_159' title='bbox 1623 963 1813 1003; x_wconf 89' lang='lat' dir='ltr'><strong>Vidisses</strong></span> 
     </span>
     <span class='ocr_line' id='line_1_16' title="bbox 9 1015 1813 1076; baseline -0.002 -12"><span class='ocrx_word' id='word_1_160' title='bbox 9 1021 271 1070; x_wconf 76' lang='lat' dir='ltr'><strong>differentiam</strong></span> <span class='ocrx_word' id='word_1_161' title='bbox 305 1022 404 1063; x_wconf 90' lang='lat' dir='ltr'><strong>lucis</strong></span> <span class='ocrx_word' id='word_1_162' title='bbox 442 1023 481 1063; x_wconf 88' lang='lat' dir='ltr'><strong>iu</strong></span> <span class='ocrx_word' id='word_1_163' title='bbox 518 1027 686 1076; x_wconf 90' lang='lat' dir='ltr'><strong>utraque</strong></span> <span class='ocrx_word' id='word_1_164' title='bbox 723 1023 856 1063; x_wconf 86' lang='lat' dir='ltr'><strong>stella.</strong></span> <span class='ocrx_word' id='word_1_165' title='bbox 918 1021 1108 1063; x_wconf 90' lang='lat' dir='ltr'><strong>Rubebat</strong></span> <span class='ocrx_word' id='word_1_166' title='bbox 1138 1022 1243 1062; x_wconf 91' lang='lat' dir='ltr'><strong>enim</strong></span> <span class='ocrx_word' id='word_1_167' title='bbox 1273 1015 1342 1062; x_wconf 77' lang='lat' dir='ltr'><strong>cor</strong></span> <span class='ocrx_word' id='word_1_168' title='bbox 1372 1021 1568 1069; x_wconf 88' lang='lat' dir='ltr'><strong>nonnihil,</strong></span> <span class='ocrx_word' id='word_1_169' title='bbox 1619 1027 1663 1062; x_wconf 90' lang='lat' dir='ltr'><strong>et</strong></span> <span class='ocrx_word' id='word_1_170' title='bbox 1698 1022 1813 1074; x_wconf 87' lang='lat' dir='ltr'><strong>quasi</strong></span> 
     </span>
     <span class='ocr_line' id='line_1_17' title="bbox 7 1080 1812 1136; baseline -0.002 -13"><span class='ocrx_word' id='word_1_171' title='bbox 7 1081 255 1136; x_wconf 81' lang='lat' dir='ltr'><strong>pellucebat,</strong></span> <span class='ocrx_word' id='word_1_172' title='bbox 287 1081 450 1134; x_wconf 86' lang='lat' dir='ltr'><strong>perinde</strong></span> <span class='ocrx_word' id='word_1_173' title='bbox 482 1082 596 1135; x_wconf 89' lang='lat' dir='ltr'><strong>quasi</strong></span> <span class='ocrx_word' id='word_1_174' title='bbox 628 1081 766 1122; x_wconf 90' lang='lat' dir='ltr'><strong>Venus</strong></span> <span class='ocrx_word' id='word_1_175' title='bbox 798 1081 916 1123; x_wconf 89' lang='lat' dir='ltr'><strong>lactis</strong></span> <span class='ocrx_word' id='word_1_176' title='bbox 948 1081 1186 1130; x_wconf 78' lang='lat' dir='ltr'><strong>crassitiem,</strong></span> <span class='ocrx_word' id='word_1_177' title='bbox 1220 1093 1288 1121; x_wconf 90' lang='lat' dir='ltr'><strong>cor</strong></span> <span class='ocrx_word' id='word_1_178' title='bbox 1318 1093 1446 1134; x_wconf 90' lang='lat' dir='ltr'><strong>aquae</strong></span> <span class='ocrx_word' id='word_1_179' title='bbox 1468 1080 1656 1133; x_wconf 86' lang='lat' dir='ltr'><strong>limpidae</strong></span> <span class='ocrx_word' id='word_1_180' title='bbox 1677 1080 1812 1121; x_wconf 89' lang='lat' dir='ltr'><strong>tenui-</strong></span> 
     </span>
     <span class='ocr_line' id='line_1_18' title="bbox 7 1140 402 1185; baseline -0.013 0"><span class='ocrx_word' id='word_1_181' title='bbox 7 1145 137 1185; x_wconf 70' lang='lat' dir='ltr'><strong>tatem</strong></span> <span class='ocrx_word' id='word_1_182' title='bbox 165 1140 402 1181; x_wconf 81' lang='lat' dir='ltr'><strong>imitaretur.</strong></span> 
     </span>
     <span class='ocr_line' id='line_1_19' title="bbox 0 1196 1813 1252; baseline -0.002 -12"><span class='ocrx_word' id='word_1_183' title='bbox 0 1219 8 1224; x_wconf 80' lang='lat'>·</span> <span class='ocrx_word' id='word_1_184' title='bbox 126 1197 297 1246; x_wconf 82' lang='lat' dir='ltr'><strong>Quaeris</strong></span> <span class='ocrx_word' id='word_1_185' title='bbox 334 1204 378 1239; x_wconf 90' lang='lat' dir='ltr'><strong>et</strong></span> <span class='ocrx_word' id='word_1_186' title='bbox 419 1199 468 1239; x_wconf 93' lang='lat' dir='ltr'><strong>de</strong></span> <span class='ocrx_word' id='word_1_187' title='bbox 504 1199 665 1252; x_wconf 88' lang='lat' dir='ltr'><strong>reliquis</strong></span> <span class='ocrx_word' id='word_1_188' title='bbox 697 1198 839 1239; x_wconf 90' lang='lat' dir='ltr'><strong>studiis</strong></span> <span class='ocrx_word' id='word_1_189' title='bbox 883 1199 1003 1246; x_wconf 89' lang='lat' dir='ltr'><strong>meis,</strong></span> <span class='ocrx_word' id='word_1_190' title='bbox 1060 1204 1102 1238; x_wconf 91' lang='lat' dir='ltr'><strong>et</strong></span> <span class='ocrx_word' id='word_1_191' title='bbox 1139 1211 1300 1250; x_wconf 88' lang='lat' dir='ltr'><strong>operam</strong></span> <span class='ocrx_word' id='word_1_192' title='bbox 1335 1197 1538 1249; x_wconf 86' lang='lat' dir='ltr'><strong>polliceris</strong></span> <span class='ocrx_word' id='word_1_193' title='bbox 1579 1196 1813 1248; x_wconf 87' lang='lat' dir='ltr'><strong>adjutandis</strong></span> 
     </span>
     <span class='ocr_line' id='line_1_20' title="bbox 9 1256 1815 1309; baseline -0.002 -10"><span class='ocrx_word' id='word_1_194' title='bbox 9 1258 109 1299; x_wconf 83' lang='lat' dir='ltr'><strong>meis</strong></span> <span class='ocrx_word' id='word_1_195' title='bbox 133 1257 491 1298; x_wconf 84' lang='lat' dir='ltr'><strong>observationibus.</strong></span> <span class='ocrx_word' id='word_1_196' title='bbox 536 1258 590 1298; x_wconf 87' lang='lat' dir='ltr'><strong>Et</strong></span> <span class='ocrx_word' id='word_1_197' title='bbox 621 1258 906 1298; x_wconf 80' lang='lat' dir='ltr'><strong>humanitatem</strong></span> <span class='ocrx_word' id='word_1_198' title='bbox 938 1258 1040 1298; x_wconf 88' lang='lat' dir='ltr'><strong>hauc</strong></span> <span class='ocrx_word' id='word_1_199' title='bbox 1071 1257 1223 1309; x_wconf 88' lang='lat' dir='ltr'><strong>pridem</strong></span> <span class='ocrx_word' id='word_1_200' title='bbox 1242 1257 1401 1309; x_wconf 91' lang='lat' dir='ltr'><strong>quidem</strong></span> <span class='ocrx_word' id='word_1_201' title='bbox 1421 1256 1645 1307; x_wconf 83' lang='lat' dir='ltr'><strong>degustavi,</strong></span> <span class='ocrx_word' id='word_1_202' title='bbox 1673 1260 1815 1308; x_wconf 88' lang='lat' dir='ltr'><strong>gratus</strong></span> 
     </span>
     <span class='ocr_line' id='line_1_21' title="bbox 9 1314 1813 1370; baseline -0.001 -14"><span class='ocrx_word' id='word_1_203' title='bbox 9 1329 198 1370; x_wconf 83' lang='lat' dir='ltr'><strong>agnosco,</strong></span> <span class='ocrx_word' id='word_1_204' title='bbox 230 1329 303 1357; x_wconf 86' lang='lat' dir='ltr'><strong>nec</strong></span> <span class='ocrx_word' id='word_1_205' title='bbox 333 1317 556 1358; x_wconf 86' lang='lat' dir='ltr'><strong>mehercule</strong></span> <span class='ocrx_word' id='word_1_206' title='bbox 588 1323 798 1357; x_wconf 87' lang='lat' dir='ltr'><strong>contemno</strong></span> <span class='ocrx_word' id='word_1_207' title='bbox 831 1322 901 1356; x_wconf 89' lang='lat' dir='ltr'><strong>aut</strong></span> <span class='ocrx_word' id='word_1_208' title='bbox 931 1316 1090 1368; x_wconf 85' lang='lat' dir='ltr'><strong>rejicio:</strong></span> <span class='ocrx_word' id='word_1_209' title='bbox 1124 1321 1302 1356; x_wconf 91' lang='lat' dir='ltr'><strong>ceterum</strong></span> <span class='ocrx_word' id='word_1_210' title='bbox 1333 1315 1372 1354; x_wconf 90' lang='lat' dir='ltr'><strong>in</strong></span> <span class='ocrx_word' id='word_1_211' title='bbox 1404 1315 1503 1354; x_wconf 89' lang='lat' dir='ltr'><strong>haec</strong></span> <span class='ocrx_word' id='word_1_212' title='bbox 1536 1323 1718 1366; x_wconf 89' lang='lat' dir='ltr'><strong>tempora</strong></span> <span class='ocrx_word' id='word_1_213' title='bbox 1748 1314 1813 1355; x_wconf 91' lang='lat' dir='ltr'><strong>in-</strong></span> 
     </span>
     <span class='ocr_line' id='line_1_22' title="bbox 9 1373 1812 1428; baseline -0.002 -11"><span class='ocrx_word' id='word_1_214' title='bbox 9 1375 191 1424; x_wconf 85' lang='lat' dir='ltr'><strong>cidimus,</strong></span> <span class='ocrx_word' id='word_1_215' title='bbox 222 1375 262 1416; x_wconf 88' lang='lat' dir='ltr'><strong>in</strong></span> <span class='ocrx_word' id='word_1_216' title='bbox 293 1375 434 1428; x_wconf 88' lang='lat' dir='ltr'><strong>quibus</strong></span> <span class='ocrx_word' id='word_1_217' title='bbox 466 1376 678 1416; x_wconf 86' lang='lat' dir='ltr'><strong>hebescere</strong></span> <span class='ocrx_word' id='word_1_218' title='bbox 710 1375 964 1416; x_wconf 85' lang='lat' dir='ltr'><strong>solertissimi</strong></span> <span class='ocrx_word' id='word_1_219' title='bbox 997 1375 1187 1427; x_wconf 88' lang='lat' dir='ltr'><strong>cujusque</strong></span> <span class='ocrx_word' id='word_1_220' title='bbox 1214 1375 1353 1419; x_wconf 86' lang='lat' dir='ltr'><strong>aciem,</strong></span> <span class='ocrx_word' id='word_1_221' title='bbox 1381 1373 1588 1414; x_wconf 88' lang='lat' dir='ltr'><strong>deferbere</strong></span> <span class='ocrx_word' id='word_1_222' title='bbox 1616 1373 1812 1421; x_wconf 87' lang='lat' dir='ltr'><strong>ardorem,</strong></span> 
     </span>
     <span class='ocr_line' id='line_1_23' title="bbox 10 1431 1813 1487; baseline -0.002 -12"><span class='ocrx_word' id='word_1_223' title='bbox 10 1439 178 1487; x_wconf 76' lang='lat' dir='ltr'><strong>conatus</strong></span> <span class='ocrx_word' id='word_1_224' title='bbox 208 1433 375 1487; x_wconf 86' lang='lat' dir='ltr'><strong>opprimi</strong></span> <span class='ocrx_word' id='word_1_225' title='bbox 407 1447 570 1475; x_wconf 89' lang='lat' dir='ltr'><strong>necesse</strong></span> <span class='ocrx_word' id='word_1_226' title='bbox 603 1434 668 1474; x_wconf 88' lang='lat' dir='ltr'><strong>sit.</strong></span> <span class='ocrx_word' id='word_1_227' title='bbox 715 1432 821 1480; x_wconf 84' lang='lat' dir='ltr'><strong>Quid</strong></span> <span class='ocrx_word' id='word_1_228' title='bbox 854 1434 984 1474; x_wconf 88' lang='lat' dir='ltr'><strong>enim?</strong></span> <span class='ocrx_word' id='word_1_229' title='bbox 1016 1434 1054 1473; x_wconf 88' lang='grc' dir='ltr'><strong>ἰιι</strong></span> <span class='ocrx_word' id='word_1_230' title='bbox 1088 1432 1226 1486; x_wconf 85' lang='lat' dir='ltr'><strong>Styria</strong></span> <span class='ocrx_word' id='word_1_231' title='bbox 1257 1432 1475 1472; x_wconf 82' lang='lat' dir='ltr'><strong>maneam?</strong></span> <span class='ocrx_word' id='word_1_232' title='bbox 1507 1445 1556 1471; x_wconf 87' lang='lat' dir='ltr'><strong>an</strong></span> <span class='ocrx_word' id='word_1_233' title='bbox 1579 1431 1813 1472; x_wconf 84' lang='lat' dir='ltr'><strong>discedam?</strong></span> 
     </span>
     <span class='ocr_line' id='line_1_24' title="bbox 7 1482 1814 1549; baseline -0.003 -15"><span class='ocrx_word' id='word_1_234' title='bbox 7 1482 148 1549; x_wconf 67' lang='lat' dir='ltr'><strong>Neque</strong></span> <span class='ocrx_word' id='word_1_235' title='bbox 178 1505 242 1533; x_wconf 86' lang='lat' dir='ltr'><strong>me</strong></span> <span class='ocrx_word' id='word_1_236' title='bbox 271 1493 459 1546; x_wconf 86' lang='lat' dir='ltr'><strong>reprimo,</strong></span> <span class='ocrx_word' id='word_1_237' title='bbox 492 1494 557 1546; x_wconf 91' lang='lat' dir='ltr'><strong>qui</strong></span> <span class='ocrx_word' id='word_1_238' title='bbox 587 1493 808 1534; x_wconf 87' lang='lat' dir='ltr'><strong>studiorum</strong></span> <span class='ocrx_word' id='word_1_239' title='bbox 840 1493 912 1532; x_wconf 88' lang='lat' dir='ltr'><strong>tibi</strong></span> <span class='ocrx_word' id='word_1_240' title='bbox 943 1505 1119 1532; x_wconf 88' lang='lat' dir='ltr'><strong>meorum</strong></span> <span class='ocrx_word' id='word_1_241' title='bbox 1151 1505 1270 1544; x_wconf 89' lang='lat' dir='ltr'><strong>quam</strong></span> <span class='ocrx_word' id='word_1_242' title='bbox 1302 1491 1596 1544; x_wconf 86' lang='lat' dir='ltr'><strong>penitissimam</strong></span> <span class='ocrx_word' id='word_1_243' title='bbox 1627 1490 1814 1530; x_wconf 86' lang='lat' dir='ltr'><strong>notitiam</strong></span> 
     </span>
     <span class='ocr_line' id='line_1_25' title="bbox 9 1548 1812 1605; baseline -0.002 -13"><span class='ocrx_word' id='word_1_244' title='bbox 9 1551 148 1605; x_wconf 52' lang='lat' dir='ltr'><strong>aperui</strong></span> <span class='ocrx_word' id='word_1_245' title='bbox 178 1551 315 1605; x_wconf 86' lang='lat' dir='ltr'><strong>(quam</strong></span> <span class='ocrx_word' id='word_1_246' title='bbox 347 1551 580 1592; x_wconf 84' lang='lat' dir='ltr'><strong>facilitatem</strong></span> <span class='ocrx_word' id='word_1_247' title='bbox 615 1551 835 1603; x_wconf 88' lang='lat' dir='ltr'><strong>agnovisti,</strong></span> <span class='ocrx_word' id='word_1_248' title='bbox 869 1557 914 1592; x_wconf 91' lang='lat' dir='ltr'><strong>ut</strong></span> <span class='ocrx_word' id='word_1_249' title='bbox 944 1551 1100 1598; x_wconf 84' lang='lat' dir='ltr'><strong>video),</strong></span> <span class='ocrx_word' id='word_1_250' title='bbox 1141 1551 1232 1603; x_wconf 90' lang='lat' dir='ltr'><strong>quin</strong></span> <span class='ocrx_word' id='word_1_251' title='bbox 1265 1557 1306 1590; x_wconf 88' lang='lat' dir='ltr'><strong>et</strong></span> <span class='ocrx_word' id='word_1_252' title='bbox 1338 1550 1505 1590; x_wconf 87' lang='lat' dir='ltr'><strong>affectus</strong></span> <span class='ocrx_word' id='word_1_253' title='bbox 1538 1548 1663 1588; x_wconf 88' lang='lat' dir='ltr'><strong>animi</strong></span> <span class='ocrx_word' id='word_1_254' title='bbox 1691 1554 1812 1600; x_wconf 85' lang='lat' dir='ltr'><strong>pate-</strong></span> 
     </span>
     <span class='ocr_line' id='line_1_26' title="bbox 0 1607 1815 1663; baseline -0.003 -11"><span class='ocrx_word' id='word_1_255' title='bbox 0 1609 173 1658; x_wconf 58' lang='lat' dir='ltr'><strong>faciam:</strong></span> <span class='ocrx_word' id='word_1_256' title='bbox 212 1608 331 1657; x_wconf 82' lang='lat' dir='ltr'><strong>Quod</strong></span> <span class='ocrx_word' id='word_1_257' title='bbox 359 1615 404 1650; x_wconf 93' lang='lat' dir='ltr'><strong>tu</strong></span> <span class='ocrx_word' id='word_1_258' title='bbox 436 1611 608 1651; x_wconf 81' lang='lat' dir='ltr'><strong>fortasse</strong></span> <span class='ocrx_word' id='word_1_259' title='bbox 641 1611 793 1663; x_wconf 87' lang='lat' dir='ltr'><strong>gaudes</strong></span> <span class='ocrx_word' id='word_1_260' title='bbox 833 1611 898 1657; x_wconf 87' lang='lat' dir='ltr'><strong>(ut</strong></span> <span class='ocrx_word' id='word_1_261' title='bbox 928 1614 1021 1650; x_wconf 91' lang='lat' dir='ltr'><strong>sunt</strong></span> <span class='ocrx_word' id='word_1_262' title='bbox 1052 1610 1264 1658; x_wconf 83' lang='lat' dir='ltr'><strong>humana),</strong></span> <span class='ocrx_word' id='word_1_263' title='bbox 1299 1609 1338 1648; x_wconf 91' lang='lat' dir='ltr'><strong>id</strong></span> <span class='ocrx_word' id='word_1_264' title='bbox 1370 1621 1432 1648; x_wconf 89' lang='lat' dir='ltr'><strong>me</strong></span> <span class='ocrx_word' id='word_1_265' title='bbox 1465 1608 1600 1648; x_wconf 88' lang='lat' dir='ltr'><strong>dolere</strong></span> <span class='ocrx_word' id='word_1_266' title='bbox 1632 1607 1815 1648; x_wconf 88' lang='lat' dir='ltr'><strong>acerbis-</strong></span> 
     </span>
     <span class='ocr_line' id='line_1_27' title="bbox 9 1666 1814 1724; baseline -0.003 -12"><span class='ocrx_word' id='word_1_267' title='bbox 9 1680 128 1724; x_wconf 60' lang='lat' dir='ltr'><em>W</em></span> <span class='ocrx_word' id='word_1_268' title='bbox 139 1681 304 1709; x_wconf 84' lang='lat' dir='ltr'><strong>necesse</strong></span> <span class='ocrx_word' id='word_1_269' title='bbox 335 1675 412 1709; x_wconf 87' lang='lat' dir='ltr'><strong>est.</strong></span> <span class='ocrx_word' id='word_1_270' title='bbox 475 1669 727 1710; x_wconf 88' lang='lat' dir='ltr'><strong>Christianus</strong></span> <span class='ocrx_word' id='word_1_271' title='bbox 758 1681 864 1716; x_wconf 92' lang='lat' dir='ltr'><strong>sum,</strong></span> <span class='ocrx_word' id='word_1_272' title='bbox 909 1669 1188 1721; x_wconf 84' lang='lat' dir='ltr'><strong>Augustanam</strong></span> <span class='ocrx_word' id='word_1_273' title='bbox 1224 1667 1515 1708; x_wconf 84' lang='lat' dir='ltr'><strong>confessionem</strong></span> <span class='ocrx_word' id='word_1_274' title='bbox 1553 1679 1603 1706; x_wconf 81' lang='lat' dir='ltr'><strong>ex</strong></span> <span class='ocrx_word' id='word_1_275' title='bbox 1646 1666 1814 1707; x_wconf 88' lang='lat' dir='ltr'><strong>institu-</strong></span> 
     </span>
     <span class='ocr_line' id='line_1_28' title="bbox 8 1723 1815 1783; baseline -0.002 -16"><span class='ocrx_word' id='word_1_276' title='bbox 8 1723 118 1783; x_wconf 67' lang='lat' dir='ltr'><strong>tione</strong></span> <span class='ocrx_word' id='word_1_277' title='bbox 147 1733 369 1780; x_wconf 87' lang='lat' dir='ltr'><strong>parentum,</strong></span> <span class='ocrx_word' id='word_1_278' title='bbox 402 1741 452 1768; x_wconf 85' lang='lat' dir='ltr'><strong>ex</strong></span> <span class='ocrx_word' id='word_1_279' title='bbox 483 1728 703 1769; x_wconf 90' lang='lat' dir='ltr'><strong>rationibus</strong></span> <span class='ocrx_word' id='word_1_280' title='bbox 736 1727 899 1780; x_wconf 90' lang='lat' dir='ltr'><strong>saepius</strong></span> <span class='ocrx_word' id='word_1_281' title='bbox 931 1729 982 1767; x_wconf 93' lang='lat' dir='ltr'><strong>ad</strong></span> <span class='ocrx_word' id='word_1_282' title='bbox 1014 1727 1207 1768; x_wconf 89' lang='lat' dir='ltr'><strong>trutinam</strong></span> <span class='ocrx_word' id='word_1_283' title='bbox 1227 1726 1441 1775; x_wconf 76' lang='lat' dir='ltr'><strong>revocatis,</strong></span> <span class='ocrx_word' id='word_1_284' title='bbox 1467 1738 1517 1765; x_wconf 84' lang='lat' dir='ltr'><strong>ex</strong></span> <span class='ocrx_word' id='word_1_285' title='bbox 1545 1725 1815 1765; x_wconf 83' lang='lat' dir='ltr'><strong>tentationum</strong></span> 
     </span>
     <span class='ocr_line' id='line_1_29' title="bbox 4 1783 1812 1840; baseline -0.002 -13"><span class='ocrx_word' id='word_1_286' title='bbox 4 1786 252 1840; x_wconf 63' lang='lat' dir='ltr'><strong>quotidianis</strong></span> <span class='ocrx_word' id='word_1_287' title='bbox 283 1786 484 1827; x_wconf 87' lang='lat' dir='ltr'><strong>exercitiis</strong></span> <span class='ocrx_word' id='word_1_288' title='bbox 515 1787 648 1835; x_wconf 91' lang='lat' dir='ltr'><strong>hausi,</strong></span> <span class='ocrx_word' id='word_1_289' title='bbox 694 1787 796 1826; x_wconf 89' lang='lat' dir='ltr'><strong>hauc</strong></span> <span class='ocrx_word' id='word_1_290' title='bbox 835 1787 1073 1838; x_wconf 86' lang='lat' dir='ltr'><strong>amplector,</strong></span> <span class='ocrx_word' id='word_1_291' title='bbox 1113 1786 1298 1826; x_wconf 88' lang='lat' dir='ltr'><strong>simulare</strong></span> <span class='ocrx_word' id='word_1_292' title='bbox 1337 1798 1413 1825; x_wconf 91' lang='lat' dir='ltr'><strong>non</strong></span> <span class='ocrx_word' id='word_1_293' title='bbox 1454 1783 1592 1832; x_wconf 88' lang='lat' dir='ltr'><strong>didici,</strong></span> <span class='ocrx_word' id='word_1_294' title='bbox 1635 1783 1742 1824; x_wconf 88' lang='lat' dir='ltr'><strong>seria</strong></span> <span class='ocrx_word' id='word_1_295' title='bbox 1771 1784 1812 1823; x_wconf 90' lang='lat' dir='ltr'><strong>in</strong></span> 
     </span>
     <span class='ocr_line' id='line_1_30' title="bbox 7 1819 1812 1900; baseline -0.002 -15"><span class='ocrx_word' id='word_1_296' title='bbox 7 1838 265 1900; x_wconf 61' lang='grc' dir='ltr'>ιυῐῖεἰοιιίῑιιιε</span> <span class='ocrx_word' id='word_1_297' title='bbox 297 1850 441 1892; x_wconf 77' lang='lat' dir='ltr'><strong>tracto,</strong></span> <span class='ocrx_word' id='word_1_298' title='bbox 473 1858 549 1886; x_wconf 91' lang='lat' dir='ltr'><strong>non</strong></span> <span class='ocrx_word' id='word_1_299' title='bbox 583 1819 746 1894; x_wconf 83' lang='lat' dir='ltr'><strong>ludicra,</strong></span> <span class='ocrx_word' id='word_1_300' title='bbox 781 1857 900 1898; x_wconf 87' lang='lat' dir='ltr'><strong>quare</strong></span> <span class='ocrx_word' id='word_1_301' title='bbox 927 1850 969 1884; x_wconf 87' lang='lat' dir='ltr'><strong>et</strong></span> <span class='ocrx_word' id='word_1_302' title='bbox 999 1845 1103 1884; x_wconf 85' lang='lat' dir='ltr'><strong>serio</strong></span> <span class='ocrx_word' id='word_1_303' title='bbox 1136 1845 1184 1884; x_wconf 85' lang='lat' dir='ltr'><strong>de</strong></span> <span class='ocrx_word' id='word_1_304' title='bbox 1216 1843 1419 1896; x_wconf 87' lang='lat' dir='ltr'><strong>religionis</strong></span> <span class='ocrx_word' id='word_1_305' title='bbox 1442 1843 1644 1890; x_wconf 79' lang='lat' dir='ltr'><strong>exercitio,</strong></span> <span class='ocrx_word' id='word_1_306' title='bbox 1670 1855 1812 1882; x_wconf 85' lang='lat' dir='ltr'><strong>sacra-</strong></span> 
     </span>
     <span class='ocr_line' id='line_1_31' title="bbox 9 1901 1812 1956; baseline -0.002 -12"><span class='ocrx_word' id='word_1_307' title='bbox 9 1908 232 1954; x_wconf 63' lang='lat' dir='ltr'><strong>mentorum</strong></span> <span class='ocrx_word' id='word_1_308' title='bbox 255 1917 329 1944; x_wconf 87' lang='lat' dir='ltr'><strong>usu</strong></span> <span class='ocrx_word' id='word_1_309' title='bbox 359 1910 516 1956; x_wconf 88' lang='lat' dir='ltr'><strong>satago.</strong></span> <span class='ocrx_word' id='word_1_310' title='bbox 581 1903 685 1950; x_wconf 88' lang='lat' dir='ltr'><strong>Quid</strong></span> <span class='ocrx_word' id='word_1_311' title='bbox 724 1903 883 1943; x_wconf 86' lang='lat' dir='ltr'><strong>autem?</strong></span> <span class='ocrx_word' id='word_1_312' title='bbox 943 1903 1074 1955; x_wconf 88' lang='lat' dir='ltr'><strong>Ejecti</strong></span> <span class='ocrx_word' id='word_1_313' title='bbox 1121 1908 1213 1943; x_wconf 90' lang='lat' dir='ltr'><strong>sunt</strong></span> <span class='ocrx_word' id='word_1_314' title='bbox 1250 1903 1359 1942; x_wconf 87' lang='lat' dir='ltr'><strong>hisce</strong></span> <span class='ocrx_word' id='word_1_315' title='bbox 1397 1901 1631 1955; x_wconf 83' lang='lat' dir='ltr'><strong>provinciis,</strong></span> <span class='ocrx_word' id='word_1_316' title='bbox 1671 1901 1812 1954; x_wconf 85' lang='lat' dir='ltr'><strong>quibus</strong></span> 
     </span>
     <span class='ocr_line' id='line_1_32' title="bbox 5 1960 1810 2016; baseline -0.002 -13"><span class='ocrx_word' id='word_1_317' title='bbox 5 1961 260 2016; x_wconf 62' lang='lat' dir='ltr'><strong>internuntiis</strong></span> <span class='ocrx_word' id='word_1_318' title='bbox 291 1963 484 2004; x_wconf 90' lang='lat' dir='ltr'><strong>hactenus</strong></span> <span class='ocrx_word' id='word_1_319' title='bbox 515 1975 602 2004; x_wconf 92' lang='lat' dir='ltr'><strong>cum</strong></span> <span class='ocrx_word' id='word_1_320' title='bbox 634 1963 719 2003; x_wconf 89' lang='lat' dir='ltr'><strong>Deo</strong></span> <span class='ocrx_word' id='word_1_321' title='bbox 746 1963 829 2015; x_wconf 88' lang='lat' dir='ltr'><strong>egi:</strong></span> <span class='ocrx_word' id='word_1_322' title='bbox 880 1962 1021 2015; x_wconf 91' lang='lat' dir='ltr'><strong>quibus</strong></span> <span class='ocrx_word' id='word_1_323' title='bbox 1071 1962 1161 2002; x_wconf 91' lang='lat' dir='ltr'><strong>aliis</strong></span> <span class='ocrx_word' id='word_1_324' title='bbox 1212 1974 1332 2013; x_wconf 89' lang='lat' dir='ltr'><strong>agere</strong></span> <span class='ocrx_word' id='word_1_325' title='bbox 1372 1973 1532 2013; x_wconf 89' lang='lat' dir='ltr'><strong>possem</strong></span> <span class='ocrx_word' id='word_1_326' title='bbox 1574 1973 1664 2000; x_wconf 93' lang='lat' dir='ltr'><strong>cum</strong></span> <span class='ocrx_word' id='word_1_327' title='bbox 1709 1960 1810 2008; x_wconf 93' lang='lat' dir='ltr'><strong>Deo,</strong></span> 
     </span>
     <span class='ocr_line' id='line_1_33' title="bbox 0 2018 1810 2073; baseline -0.002 -12"><span class='ocrx_word' id='word_1_328' title='bbox 0 2018 147 2066; x_wconf 67' lang='lat' dir='ltr'><strong>iinon</strong></span> <span class='ocrx_word' id='word_1_329' title='bbox 177 2021 451 2062; x_wconf 89' lang='lat' dir='ltr'><strong>admittuntur.</strong></span> <span class='ocrx_word' id='word_1_330' title='bbox 518 2022 584 2061; x_wconf 92' lang='lat' dir='ltr'><strong>Ad</strong></span> <span class='ocrx_word' id='word_1_331' title='bbox 628 2022 726 2062; x_wconf 90' lang='lat' dir='ltr'><strong>haec</strong></span> <span class='ocrx_word' id='word_1_332' title='bbox 764 2021 911 2061; x_wconf 85' lang='lat' dir='ltr'><strong>salario</strong></span> <span class='ocrx_word' id='word_1_333' title='bbox 949 2021 1062 2069; x_wconf 85' lang='lat' dir='ltr'><strong>vivo,</strong></span> <span class='ocrx_word' id='word_1_334' title='bbox 1107 2034 1176 2073; x_wconf 79' lang='lat' dir='ltr'><strong>pro</strong></span> <span class='ocrx_word' id='word_1_335' title='bbox 1215 2019 1441 2060; x_wconf 82' lang='lat' dir='ltr'><strong>conditione</strong></span> <span class='ocrx_word' id='word_1_336' title='bbox 1482 2019 1574 2067; x_wconf 87' lang='lat' dir='ltr'><strong>loci,</strong></span> <span class='ocrx_word' id='word_1_337' title='bbox 1620 2031 1810 2071; x_wconf 88' lang='lat' dir='ltr'><strong>perquam</strong></span> 
     </span>
     <span class='ocr_line' id='line_1_34' title="bbox 10 2076 1811 2136; baseline -0.003 -16"><span class='ocrx_word' id='word_1_338' title='bbox 10 2078 139 2136; x_wconf 48' lang='grc' dir='ltr'><strong>’ἐμπίς</strong></span> <span class='ocrx_word' id='word_1_339' title='bbox 176 2091 270 2132; x_wconf 87' lang='lat' dir='ltr'><strong>spes</strong></span> <span class='ocrx_word' id='word_1_340' title='bbox 307 2087 397 2120; x_wconf 91' lang='lat' dir='ltr'><strong>erat</strong></span> <span class='ocrx_word' id='word_1_341' title='bbox 442 2081 637 2121; x_wconf 88' lang='lat' dir='ltr'><strong>auctionis</strong></span> <span class='ocrx_word' id='word_1_342' title='bbox 669 2081 707 2120; x_wconf 91' lang='lat' dir='ltr'><strong>in</strong></span> <span class='ocrx_word' id='word_1_343' title='bbox 739 2086 961 2132; x_wconf 81' lang='lat' dir='ltr'><strong>posterum3</strong></span> <span class='ocrx_word' id='word_1_344' title='bbox 1002 2079 1088 2132; x_wconf 91' lang='lat' dir='ltr'><strong>quis</strong></span> <span class='ocrx_word' id='word_1_345' title='bbox 1128 2076 1319 2131; x_wconf 71' lang='lat' dir='ltr'><strong>augebit?</strong></span> <span class='ocrx_word' id='word_1_346' title='bbox 1379 2078 1614 2118; x_wconf 90' lang='lat' dir='ltr'><strong>Proceribus</strong></span> <span class='ocrx_word' id='word_1_347' title='bbox 1661 2077 1811 2118; x_wconf 90' lang='lat' dir='ltr'><strong>ademti</strong></span> 
     </span>
     <span class='ocr_line' id='line_1_35' title="bbox 10 2136 1811 2191; baseline -0.001 -14"><span class='ocrx_word' id='word_1_348' title='bbox 10 2142 105 2190; x_wconf 49' lang='lat' dir='ltr'><strong>synt</strong></span> <span class='ocrx_word' id='word_1_349' title='bbox 134 2150 282 2187; x_wconf 89' lang='lat' dir='ltr'><strong>omnes,</strong></span> <span class='ocrx_word' id='word_1_350' title='bbox 317 2139 383 2191; x_wconf 91' lang='lat' dir='ltr'><strong>qui</strong></span> <span class='ocrx_word' id='word_1_351' title='bbox 414 2139 662 2191; x_wconf 88' lang='lat' dir='ltr'><strong>religionem,</strong></span> <span class='ocrx_word' id='word_1_352' title='bbox 697 2139 762 2191; x_wconf 89' lang='lat' dir='ltr'><strong>qui</strong></span> <span class='ocrx_word' id='word_1_353' title='bbox 800 2144 909 2178; x_wconf 88' lang='lat' dir='ltr'><strong>artes</strong></span> <span class='ocrx_word' id='word_1_354' title='bbox 949 2139 1077 2190; x_wconf 87' lang='lat' dir='ltr'><strong>magis</strong></span> <span class='ocrx_word' id='word_1_355' title='bbox 1120 2138 1369 2178; x_wconf 84' lang='lat' dir='ltr'><strong>necessarias</strong></span> <span class='ocrx_word' id='word_1_356' title='bbox 1409 2137 1660 2184; x_wconf 84' lang='lat' dir='ltr'><strong>tractabant;</strong></span> <span class='ocrx_word' id='word_1_357' title='bbox 1700 2136 1811 2175; x_wconf 86' lang='lat' dir='ltr'><strong>solus</strong></span> 
     </span>
     <span class='ocr_line' id='line_1_36' title="bbox 0 2195 1808 2250; baseline -0.002 -14"><span class='ocrx_word' id='word_1_358' title='bbox 0 2202 194 2250; x_wconf 14' lang='lat' dir='ltr'><strong>,superest</strong></span> <span class='ocrx_word' id='word_1_359' title='bbox 221 2197 539 2246; x_wconf 84' lang='lat' dir='ltr'><strong>mathematicus,</strong></span> <span class='ocrx_word' id='word_1_360' title='bbox 573 2211 648 2250; x_wconf 93' lang='lat' dir='ltr'><strong>quo</strong></span> <span class='ocrx_word' id='word_1_361' title='bbox 681 2211 816 2238; x_wconf 87' lang='lat' dir='ltr'><strong>carere</strong></span> <span class='ocrx_word' id='word_1_362' title='bbox 837 2198 1009 2237; x_wconf 90' lang='lat' dir='ltr'><strong>omnium</strong></span> <span class='ocrx_word' id='word_1_363' title='bbox 1031 2197 1218 2236; x_wconf 86' lang='lat' dir='ltr'><strong>facillime</strong></span> <span class='ocrx_word' id='word_1_364' title='bbox 1238 2209 1356 2248; x_wconf 85' lang='lat' dir='ltr'><strong>posse</strong></span> <span class='ocrx_word' id='word_1_365' title='bbox 1382 2208 1616 2248; x_wconf 85' lang='lat' dir='ltr'><strong>persuasum</strong></span> <span class='ocrx_word' id='word_1_366' title='bbox 1645 2195 1808 2234; x_wconf 86' lang='lat' dir='ltr'><strong>habent.</strong></span> 
     </span>
     <span class='ocr_line' id='line_1_37' title="bbox 0 2252 1809 2307; baseline -0.001 -13"><span class='ocrx_word' id='word_1_367' title='bbox 0 2252 59 2299; x_wconf 74' lang='lat' dir='ltr'><strong>v111</strong></span> <span class='ocrx_word' id='word_1_368' title='bbox 87 2259 205 2294; x_wconf 74' lang='lat' dir='ltr'><strong>tanta</strong></span> <span class='ocrx_word' id='word_1_369' title='bbox 234 2256 552 2303; x_wconf 86' lang='lat' dir='ltr'><strong>exacerbatione,</strong></span> <span class='ocrx_word' id='word_1_370' title='bbox 590 2262 651 2296; x_wconf 87' lang='lat' dir='ltr'><strong>tot</strong></span> <span class='ocrx_word' id='word_1_371' title='bbox 681 2257 871 2296; x_wconf 90' lang='lat' dir='ltr'><strong>bonorum</strong></span> <span class='ocrx_word' id='word_1_372' title='bbox 904 2257 1074 2295; x_wconf 81' lang='lat' dir='ltr'><strong>virorum</strong></span> <span class='ocrx_word' id='word_1_373' title='bbox 1107 2255 1250 2303; x_wconf 83' lang='lat' dir='ltr'><strong>exiliis,</strong></span> <span class='ocrx_word' id='word_1_374' title='bbox 1285 2268 1363 2307; x_wconf 92' lang='lat' dir='ltr'><strong>qua</strong></span> <span class='ocrx_word' id='word_1_375' title='bbox 1394 2254 1523 2293; x_wconf 87' lang='lat' dir='ltr'><strong>fronte</strong></span> <span class='ocrx_word' id='word_1_376' title='bbox 1544 2253 1684 2294; x_wconf 88' lang='lat' dir='ltr'><strong>otiosis</strong></span> <span class='ocrx_word' id='word_1_377' title='bbox 1710 2253 1809 2292; x_wconf 88' lang='lat' dir='ltr'><strong>meis</strong></span> 
     </span>
     <span class='ocr_line' id='line_1_38' title="bbox 0 2311 1807 2366; baseline -0.001 -15"><span class='ocrx_word' id='word_1_378' title='bbox 0 2312 349 2365; x_wconf 59' lang='lat' dir='ltr'><strong>gweculationibus</strong></span> <span class='ocrx_word' id='word_1_379' title='bbox 381 2315 551 2366; x_wconf 89' lang='lat' dir='ltr'><strong>amplius</strong></span> <span class='ocrx_word' id='word_1_380' title='bbox 585 2315 783 2366; x_wconf 86' lang='lat' dir='ltr'><strong>quidpiam</strong></span> <span class='ocrx_word' id='word_1_381' title='bbox 815 2314 994 2366; x_wconf 84' lang='lat' dir='ltr'><strong>petiero?</strong></span> <span class='ocrx_word' id='word_1_382' title='bbox 1056 2314 1197 2364; x_wconf 89' lang='lat' dir='ltr'><strong>Itaque</strong></span> <span class='ocrx_word' id='word_1_383' title='bbox 1234 2313 1268 2353; x_wconf 90' lang='lat' dir='ltr'><strong>si</strong></span> <span class='ocrx_word' id='word_1_384' title='bbox 1305 2313 1497 2364; x_wconf 89' lang='lat' dir='ltr'><strong>languent</strong></span> <span class='ocrx_word' id='word_1_385' title='bbox 1539 2325 1629 2351; x_wconf 91' lang='lat' dir='ltr'><strong>mea</strong></span> <span class='ocrx_word' id='word_1_386' title='bbox 1660 2311 1807 2359; x_wconf 88' lang='lat' dir='ltr'><strong>studia,</strong></span> 
     </span>
     <span class='ocr_line' id='line_1_39' title="bbox 0 2367 1810 2430; baseline -0.001 -20"><span class='ocrx_word' id='word_1_387' title='bbox 0 2367 69 2430; x_wconf 38' lang='grc' dir='ltr'><strong>’ἴθι</strong></span> <span class='ocrx_word' id='word_1_388' title='bbox 83 2377 253 2411; x_wconf 90' lang='lat' dir='ltr'><strong>conatus</strong></span> <span class='ocrx_word' id='word_1_389' title='bbox 290 2371 556 2421; x_wconf 86' lang='lat' dir='ltr'><strong>intercidunt,</strong></span> <span class='ocrx_word' id='word_1_390' title='bbox 598 2374 632 2412; x_wconf 90' lang='lat' dir='ltr'><strong>si</strong></span> <span class='ocrx_word' id='word_1_391' title='bbox 673 2372 979 2424; x_wconf 80' lang='lat' dir='ltr'><strong>exoptatissima</strong></span> <span class='ocrx_word' id='word_1_392' title='bbox 1022 2371 1344 2422; x_wconf 83' lang='lat' dir='ltr'><strong>Magnificentiae</strong></span> <span class='ocrx_word' id='word_1_393' title='bbox 1388 2376 1482 2410; x_wconf 88' lang='lat' dir='ltr'><strong>tuae</strong></span> <span class='ocrx_word' id='word_1_394' title='bbox 1526 2370 1810 2422; x_wconf 86' lang='lat' dir='ltr'><strong>promtitudine</strong></span> 
     </span>
     <span class='ocr_line' id='line_1_40' title="bbox 10 2428 1812 2496; baseline -0.002 -26"><span class='ocrx_word' id='word_1_395' title='bbox 10 2428 70 2496; x_wconf 46' lang='lat' dir='ltr'><strong>{l</strong></span> <span class='ocrx_word' id='word_1_396' title='bbox 93 2431 381 2482; x_wconf 85' lang='lat' dir='ltr'><strong>promovendas</strong></span> <span class='ocrx_word' id='word_1_397' title='bbox 413 2444 523 2470; x_wconf 86' lang='lat' dir='ltr'><strong>meas</strong></span> <span class='ocrx_word' id='word_1_398' title='bbox 555 2431 855 2470; x_wconf 87' lang='lat' dir='ltr'><strong>observationes</strong></span> <span class='ocrx_word' id='word_1_399' title='bbox 888 2438 928 2470; x_wconf 91' lang='lat' dir='ltr'><strong>et</strong></span> <span class='ocrx_word' id='word_1_400' title='bbox 960 2430 1202 2470; x_wconf 87' lang='lat' dir='ltr'><strong>conficienda</strong></span> <span class='ocrx_word' id='word_1_401' title='bbox 1229 2430 1492 2470; x_wconf 87' lang='lat' dir='ltr'><strong>instrumenta</strong></span> <span class='ocrx_word' id='word_1_402' title='bbox 1517 2430 1553 2467; x_wconf 92' lang='lat' dir='ltr'><strong>in</strong></span> <span class='ocrx_word' id='word_1_403' title='bbox 1581 2428 1812 2479; x_wconf 80' lang='lat' dir='ltr'><strong>praesentia</strong></span> 
     </span>
     <span class='ocr_line' id='line_1_41' title="bbox 11 2486 1809 2550; baseline -0.002 -22"><span class='ocrx_word' id='word_1_404' title='bbox 11 2487 73 2550; x_wconf 58' lang='lat' dir='ltr'><strong>ai</strong></span> <span class='ocrx_word' id='word_1_405' title='bbox 100 2501 263 2542; x_wconf 87' lang='lat' dir='ltr'><strong>nequeo,</strong></span> <span class='ocrx_word' id='word_1_406' title='bbox 297 2490 559 2530; x_wconf 85' lang='lat' dir='ltr'><strong>habitationis</strong></span> <span class='ocrx_word' id='word_1_407' title='bbox 593 2502 647 2530; x_wconf 88' lang='lat' dir='ltr'><strong>sc.</strong></span> <span class='ocrx_word' id='word_1_408' title='bbox 682 2490 877 2529; x_wconf 89' lang='lat' dir='ltr'><strong>incertus:</strong></span> <span class='ocrx_word' id='word_1_409' title='bbox 911 2490 1067 2540; x_wconf 90' lang='lat' dir='ltr'><strong>culpam</strong></span> <span class='ocrx_word' id='word_1_410' title='bbox 1094 2501 1246 2528; x_wconf 89' lang='lat' dir='ltr'><strong>omnem</strong></span> <span class='ocrx_word' id='word_1_411' title='bbox 1265 2502 1305 2528; x_wconf 89' lang='lat' dir='ltr'><strong>ln</strong></span> <span class='ocrx_word' id='word_1_412' title='bbox 1330 2486 1547 2539; x_wconf 88' lang='lat' dir='ltr'><strong>religionis,</strong></span> <span class='ocrx_word' id='word_1_413' title='bbox 1568 2487 1607 2526; x_wconf 90' lang='lat' dir='ltr'><strong>in</strong></span> <span class='ocrx_word' id='word_1_414' title='bbox 1634 2486 1809 2526; x_wconf 85' lang='lat' dir='ltr'><strong>familiae</strong></span> 
     </span>
     <span class='ocr_line' id='line_1_42' title="bbox 14 2545 1809 2614; baseline -0.002 -27"><span class='ocrx_word' id='word_1_415' title='bbox 14 2551 147 2614; x_wconf 47' lang='grc'>913111</span> <span class='ocrx_word' id='word_1_416' title='bbox 177 2547 370 2588; x_wconf 86' lang='lat' dir='ltr'><strong>conferes.</strong></span> <span class='ocrx_word' id='word_1_417' title='bbox 433 2549 574 2588; x_wconf 86' lang='lat' dir='ltr'><strong>Petam</strong></span> <span class='ocrx_word' id='word_1_418' title='bbox 605 2554 739 2587; x_wconf 88' lang='lat' dir='ltr'><strong>tamen</strong></span> <span class='ocrx_word' id='word_1_419' title='bbox 773 2550 840 2595; x_wconf 90' lang='lat' dir='ltr'><strong>(ne</strong></span> <span class='ocrx_word' id='word_1_420' title='bbox 873 2553 1122 2587; x_wconf 89' lang='lat' dir='ltr'><strong>contemnere</strong></span> <span class='ocrx_word' id='word_1_421' title='bbox 1154 2546 1472 2586; x_wconf 88' lang='lat' dir='ltr'><strong>benevolentiam</strong></span> <span class='ocrx_word' id='word_1_422' title='bbox 1503 2550 1613 2584; x_wconf 85' lang='lat' dir='ltr'><strong>tuam</strong></span> <span class='ocrx_word' id='word_1_423' title='bbox 1637 2545 1809 2592; x_wconf 85' lang='lat' dir='ltr'><strong>videar),</strong></span> 
     </span>
     <span class='ocr_line' id='line_1_43' title="bbox 25 2603 1809 2660; baseline -0.002 -15"><span class='ocrx_word' id='word_1_424' title='bbox 25 2623 42 2660; x_wconf 43' lang='grc' dir='ltr'><strong>χι</strong></span> <span class='ocrx_word' id='word_1_425' title='bbox 75 2605 118 2645; x_wconf 90' lang='lat' dir='ltr'><strong>d</strong></span> <span class='ocrx_word' id='word_1_426' title='bbox 147 2605 242 2647; x_wconf 85' lang='lat' dir='ltr'><strong>mihi</strong></span> <span class='ocrx_word' id='word_1_427' title='bbox 271 2606 362 2646; x_wconf 87' lang='lat' dir='ltr'><strong>vivo</strong></span> <span class='ocrx_word' id='word_1_428' title='bbox 394 2619 550 2658; x_wconf 88' lang='lat' dir='ltr'><strong>semper</strong></span> <span class='ocrx_word' id='word_1_429' title='bbox 581 2607 678 2646; x_wconf 91' lang='lat' dir='ltr'><strong>utile</strong></span> <span class='ocrx_word' id='word_1_430' title='bbox 711 2607 798 2646; x_wconf 88' lang='lat' dir='ltr'><strong>erit.</strong></span> <span class='ocrx_word' id='word_1_431' title='bbox 862 2605 1220 2646; x_wconf 83' lang='lat' dir='ltr'><strong>observationibus</strong></span> <span class='ocrx_word' id='word_1_432' title='bbox 1250 2604 1437 2645; x_wconf 86' lang='lat' dir='ltr'><strong>Werneri</strong></span> <span class='ocrx_word' id='word_1_433' title='bbox 1467 2616 1598 2643; x_wconf 88' lang='lat' dir='ltr'><strong>careo.</strong></span> <span class='ocrx_word' id='word_1_434' title='bbox 1657 2603 1809 2642; x_wconf 86' lang='lat' dir='ltr'><strong>Exem-</strong></span> 
     </span>
     <span class='ocr_line' id='line_1_44' title="bbox 103 2661 1811 2716; baseline -0.003 -12.197"><span class='ocrx_word' id='word_1_435' title='bbox 103 2664 142 2704; x_wconf 84' lang='lat' dir='ltr'><strong>‘a</strong></span> <span class='ocrx_word' id='word_1_436' title='bbox 188 2670 282 2716; x_wconf 91' lang='lat' dir='ltr'><strong>post</strong></span> <span class='ocrx_word' id='word_1_437' title='bbox 335 2670 397 2704; x_wconf 90' lang='lat' dir='ltr'><strong>tot</strong></span> <span class='ocrx_word' id='word_1_438' title='bbox 446 2678 570 2705; x_wconf 89' lang='lat' dir='ltr'><strong>annos</strong></span> <span class='ocrx_word' id='word_1_439' title='bbox 618 2665 812 2704; x_wconf 89' lang='lat' dir='ltr'><strong>distracta</strong></span> <span class='ocrx_word' id='word_1_440' title='bbox 856 2664 986 2703; x_wconf 87' lang='lat' dir='ltr'><strong>omnia</strong></span> <span class='ocrx_word' id='word_1_441' title='bbox 1041 2663 1240 2703; x_wconf 80' lang='lat' dir='ltr'><strong>existimo.</strong></span> <span class='ocrx_word' id='word_1_442' title='bbox 1309 2662 1355 2703; x_wconf 88' lang='lat' dir='ltr'><strong>Si</strong></span> <span class='ocrx_word' id='word_1_443' title='bbox 1398 2662 1501 2714; x_wconf 91' lang='lat' dir='ltr'><strong>quod</strong></span> <span class='ocrx_word' id='word_1_444' title='bbox 1542 2673 1665 2711; x_wconf 88' lang='lat' dir='ltr'><strong>penes</strong></span> <span class='ocrx_word' id='word_1_445' title='bbox 1722 2661 1811 2700; x_wconf 89' lang='lat' dir='ltr'><strong>Vos</strong></span> 
     </span>
     <span class='ocr_line' id='line_1_45' title="bbox 19 2719 1808 2778; baseline -0.003 -16"><span class='ocrx_word' id='word_1_446' title='bbox 19 2723 218 2778; x_wconf 37' lang='lat' dir='ltr'><strong>gmplar</strong></span> <span class='ocrx_word' id='word_1_447' title='bbox 248 2728 323 2771; x_wconf 85' lang='lat' dir='ltr'><strong>est,</strong></span> <span class='ocrx_word' id='word_1_448' title='bbox 345 2723 387 2763; x_wconf 89' lang='lat' dir='ltr'><strong>id</strong></span> <span class='ocrx_word' id='word_1_449' title='bbox 417 2736 602 2776; x_wconf 86' lang='lat' dir='ltr'><strong>proceres</strong></span> <span class='ocrx_word' id='word_1_450' title='bbox 635 2723 759 2763; x_wconf 84' lang='lat' dir='ltr'><strong>nostri</strong></span> <span class='ocrx_word' id='word_1_451' title='bbox 792 2722 930 2762; x_wconf 88' lang='lat' dir='ltr'><strong>libenti</strong></span> <span class='ocrx_word' id='word_1_452' title='bbox 968 2722 1097 2762; x_wconf 91' lang='lat' dir='ltr'><strong>animo</strong></span> <span class='ocrx_word' id='word_1_453' title='bbox 1130 2726 1432 2774; x_wconf 91' lang='lat' dir='ltr'><strong>quantacunque</strong></span> <span class='ocrx_word' id='word_1_454' title='bbox 1464 2720 1631 2771; x_wconf 85' lang='lat' dir='ltr'><strong>pecunia</strong></span> <span class='ocrx_word' id='word_1_455' title='bbox 1660 2719 1808 2758; x_wconf 90' lang='lat' dir='ltr'><strong>biblio-</strong></span> 
     </span>
     <span class='ocr_line' id='line_1_46' title="bbox 53 2777 1809 2832; baseline -0.005 -7"><span class='ocrx_word' id='word_1_456' title='bbox 53 2793 146 2825; x_wconf 48' lang='lat' dir='ltr'><strong>k·</strong></span> <span class='ocrx_word' id='word_1_457' title='bbox 168 2794 281 2821; x_wconf 83' lang='lat' dir='ltr'><strong>snae</strong></span> <span class='ocrx_word' id='word_1_458' title='bbox 313 2788 507 2823; x_wconf 87' lang='lat' dir='ltr'><strong>asserent.</strong></span> <span class='ocrx_word' id='word_1_459' title='bbox 577 2782 659 2822; x_wconf 87' lang='lat' dir='ltr'><strong>Sed</strong></span> <span class='ocrx_word' id='word_1_460' title='bbox 696 2787 737 2821; x_wconf 88' lang='lat' dir='ltr'><strong>et</strong></span> <span class='ocrx_word' id='word_1_461' title='bbox 774 2781 808 2820; x_wconf 91' lang='lat' dir='ltr'><strong>si</strong></span> <span class='ocrx_word' id='word_1_462' title='bbox 852 2781 938 2832; x_wconf 90' lang='lat' dir='ltr'><strong>quis</strong></span> <span class='ocrx_word' id='word_1_463' title='bbox 981 2781 1084 2820; x_wconf 87' lang='lat' dir='ltr'><strong>alius</strong></span> <span class='ocrx_word' id='word_1_464' title='bbox 1122 2780 1423 2819; x_wconf 84' lang='lat' dir='ltr'><strong>observationes</strong></span> <span class='ocrx_word' id='word_1_465' title='bbox 1466 2790 1560 2817; x_wconf 87' lang='lat' dir='ltr'><strong>suas</strong></span> <span class='ocrx_word' id='word_1_466' title='bbox 1601 2777 1639 2816; x_wconf 90' lang='lat' dir='ltr'><strong>in</strong></span> <span class='ocrx_word' id='word_1_467' title='bbox 1682 2778 1809 2817; x_wconf 84' lang='lat' dir='ltr'><strong>lucem</strong></span> 
     </span>
     <span class='ocr_line' id='line_1_47' title="bbox 20 2834 1809 2893; baseline -0.003 -13"><span class='ocrx_word' id='word_1_468' title='bbox 20 2834 208 2879; x_wconf 66' lang='lat' dir='ltr'><strong>&#39;‘⁷&#39;·‘set.</strong></span> <span class='ocrx_word' id='word_1_469' title='bbox 214 2840 348 2891; x_wconf 86' lang='lat' dir='ltr'><strong>,ejus</strong></span> <span class='ocrx_word' id='word_1_470' title='bbox 392 2853 466 2893; x_wconf 87' lang='lat' dir='ltr'><strong>ego</strong></span> <span class='ocrx_word' id='word_1_471' title='bbox 498 2854 637 2880; x_wconf 86' lang='lat' dir='ltr'><strong>nomen</strong></span> <span class='ocrx_word' id='word_1_472' title='bbox 670 2841 706 2880; x_wconf 89' lang='lat' dir='ltr'><strong>si</strong></span> <span class='ocrx_word' id='word_1_473' title='bbox 738 2840 883 2886; x_wconf 88' lang='lat' dir='ltr'><strong>sciero,</strong></span> <span class='ocrx_word' id='word_1_474' title='bbox 929 2839 1206 2878; x_wconf 88' lang='lat' dir='ltr'><strong>adminiculum</strong></span> <span class='ocrx_word' id='word_1_475' title='bbox 1243 2838 1283 2876; x_wconf 92' lang='lat' dir='ltr'><strong>id</strong></span> <span class='ocrx_word' id='word_1_476' title='bbox 1315 2837 1408 2876; x_wconf 89' lang='lat' dir='ltr'><strong>mihi</strong></span> <span class='ocrx_word' id='word_1_477' title='bbox 1441 2836 1518 2876; x_wconf 82' lang='lat' dir='ltr'><strong>eiit</strong></span> <span class='ocrx_word' id='word_1_478' title='bbox 1548 2835 1809 2887; x_wconf 89' lang='lat' dir='ltr'><strong>comparandi</strong></span> 
     </span>
     <span class='ocr_line' id='line_1_48' title="bbox 27 2894 1810 2950; baseline -0.002 -13"><span class='ocrx_word' id='word_1_479' title='bbox 27 2894 34 2905; x_wconf 84' lang='lat'><em>&#39;</em></span> <span class='ocrx_word' id='word_1_480' title='bbox 113 2897 123 2905; x_wconf 89' lang='grc'><em>“</em></span> <span class='ocrx_word' id='word_1_481' title='bbox 151 2927 160 2936; x_wconf 97' lang='grc'><em>.</em></span> <span class='ocrx_word' id='word_1_482' title='bbox 223 2897 328 2944; x_wconf 85' lang='lat' dir='ltr'><strong>Quin</strong></span> <span class='ocrx_word' id='word_1_483' title='bbox 361 2899 437 2939; x_wconf 91' lang='lat' dir='ltr'><strong>imo</strong></span> <span class='ocrx_word' id='word_1_484' title='bbox 471 2900 534 2938; x_wconf 90' lang='lat' dir='ltr'><strong>vel</strong></span> <span class='ocrx_word' id='word_1_485' title='bbox 564 2899 736 2950; x_wconf 86' lang='lat' dir='ltr'><strong>scriptas</strong></span> <span class='ocrx_word' id='word_1_486' title='bbox 769 2911 881 2945; x_wconf 90' lang='lat' dir='ltr'><strong>amo,</strong></span> <span class='ocrx_word' id='word_1_487' title='bbox 926 2898 1042 2936; x_wconf 90' lang='lat' dir='ltr'><strong>modo</strong></span> <span class='ocrx_word' id='word_1_488' title='bbox 1085 2897 1133 2935; x_wconf 91' lang='lat' dir='ltr'><strong>de</strong></span> <span class='ocrx_word' id='word_1_489' title='bbox 1172 2895 1333 2935; x_wconf 83' lang='lat' dir='ltr'><strong>artificis</strong></span> <span class='ocrx_word' id='word_1_490' title='bbox 1376 2900 1417 2934; x_wconf 91' lang='lat' dir='ltr'><strong>et</strong></span> <span class='ocrx_word' id='word_1_491' title='bbox 1449 2894 1701 2934; x_wconf 88' lang='lat' dir='ltr'><strong>amanuensis</strong></span> <span class='ocrx_word' id='word_1_492' title='bbox 1732 2895 1810 2934; x_wconf 87' lang='lat' dir='ltr'><strong>fide</strong></span> 
     </span>
     <span class='ocr_line' id='line_1_49' title="bbox 52 2950 1864 3024; baseline -0.002 -29"><span class='ocrx_word' id='word_1_493' title='bbox 52 2950 105 3010; x_wconf 47' lang='lat' dir='ltr'><strong>,·v.</strong></span> <span class='ocrx_word' id='word_1_494' title='bbox 139 2961 212 2995; x_wconf 88' lang='lat' dir='ltr'><strong>nt.</strong></span> <span class='ocrx_word' id='word_1_495' title='bbox 264 2958 408 3024; x_wconf 85' lang='lat' dir='ltr'><strong>Atque</strong></span> <span class='ocrx_word' id='word_1_496' title='bbox 452 2958 526 2997; x_wconf 86' lang='lat' dir='ltr'><strong>hac</strong></span> <span class='ocrx_word' id='word_1_497' title='bbox 568 2958 608 2997; x_wconf 93' lang='lat' dir='ltr'><strong>in</strong></span> <span class='ocrx_word' id='word_1_498' title='bbox 649 2970 690 2997; x_wconf 91' lang='lat' dir='ltr'><strong>re</strong></span> <span class='ocrx_word' id='word_1_499' title='bbox 730 2963 823 3009; x_wconf 92' lang='lat' dir='ltr'><strong>post</strong></span> <span class='ocrx_word' id='word_1_500' title='bbox 861 2962 1012 2995; x_wconf 87' lang='lat' dir='ltr'><strong>sumtus</strong></span> <span class='ocrx_word' id='word_1_501' title='bbox 1046 2955 1097 2994; x_wconf 92' lang='lat' dir='ltr'><strong>ad</strong></span> <span class='ocrx_word' id='word_1_502' title='bbox 1128 2955 1394 2994; x_wconf 87' lang='lat' dir='ltr'><strong>instrumenta</strong></span> <span class='ocrx_word' id='word_1_503' title='bbox 1424 2953 1522 2992; x_wconf 90' lang='lat' dir='ltr'><strong>nihil</strong></span> <span class='ocrx_word' id='word_1_504' title='bbox 1553 2952 1648 2992; x_wconf 90' lang='lat' dir='ltr'><strong>mihi</strong></span> <span class='ocrx_word' id='word_1_505' title='bbox 1678 2953 1809 3019; x_wconf 82' lang='lat' dir='ltr'><strong>majus</strong></span> <span class='ocrx_word' id='word_1_506' title='bbox 1854 2996 1864 2999; x_wconf 15' lang='grc' dir='ltr'>χ</span> 
     </span>
     <span class='ocr_line' id='line_1_50' title="bbox 110 3011 1810 3068; baseline -0.003 -12.185"><span class='ocrx_word' id='word_1_507' title='bbox 110 3026 181 3055; x_wconf 81' lang='lat' dir='ltr'><strong>rex</strong></span> <span class='ocrx_word' id='word_1_508' title='bbox 210 3015 405 3067; x_wconf 87' lang='lat' dir='ltr'><strong>quispiam</strong></span> <span class='ocrx_word' id='word_1_509' title='bbox 441 3022 647 3067; x_wconf 88' lang='lat' dir='ltr'><strong>praestare</strong></span> <span class='ocrx_word' id='word_1_510' title='bbox 679 3015 821 3068; x_wconf 89' lang='lat' dir='ltr'><strong>possit,</strong></span> <span class='ocrx_word' id='word_1_511' title='bbox 850 3027 967 3067; x_wconf 89' lang='lat' dir='ltr'><strong>quam</strong></span> <span class='ocrx_word' id='word_1_512' title='bbox 999 3012 1270 3065; x_wconf 86' lang='lat' dir='ltr'><strong>hujuscemodi</strong></span> <span class='ocrx_word' id='word_1_513' title='bbox 1296 3012 1619 3052; x_wconf 89' lang='lat' dir='ltr'><strong>observationum</strong></span> <span class='ocrx_word' id='word_1_514' title='bbox 1653 3011 1810 3063; x_wconf 90' lang='lat' dir='ltr'><strong>copiam</strong></span> 
     </span>
     <span class='ocr_line' id='line_1_51' title="bbox 83 3070 212 3117; baseline 0 -6"><span class='ocrx_word' id='word_1_515' title='bbox 83 3070 212 3117; x_wconf 83' lang='lat' dir='ltr'><strong>&#39;endo</strong></span> 
     </span>
    </p>
   </div>
   <div class='ocr_carea' id='block_1_3' title="bbox 14 2615 152 3202">
    <p class='ocr_par' dir='ltr' id='par_1_5' title="bbox 14 2615 152 3202">
     <span class='ocr_line' id='line_1_52' title="bbox 14 2615 113 2804; baseline 0.091 -121"><span class='ocrx_word' id='word_1_516' title='bbox 14 2615 113 2804; x_wconf 95' lang='lat' dir='ltr'><strong>   </strong></span> 
     </span>
     <span class='ocr_line' id='line_1_53' title="bbox 16 2839 152 3096; baseline 0 -43"><span class='ocrx_word' id='word_1_517' title='bbox 16 2839 152 3096; x_wconf 95' lang='lat' dir='ltr'><strong>    </strong></span> 
     </span>
     <span class='ocr_line' id='line_1_54' title="bbox 16 3096 97 3202; baseline 0 66"><span class='ocrx_word' id='word_1_518' title='bbox 16 3096 97 3202; x_wconf 95' lang='lat' dir='ltr'><strong> </strong></span> 
     </span>
    </p>
   </div>
  </div>
 </body>
</html>
