1982 3268
180 89 238 135 48
970 91 1188 126 Prooemium.

180 198 379 241 propositum
408 197 469 239 ipsi
499 197 577 234 fuit,
609 196 822 230 detinendum
853 207 946 235 esse,
978 198 1107 236 donec,
1141 198 1219 242 quid
1248 208 1289 231 ex
1319 208 1430 232 eorum
1454 199 1571 232 animis
1595 200 1857 243 respondendum
1881 205 1980 238 esset.

182 254 423 289 cognoscerem.
473 243 522 276 Ibi
546 244 645 287 igitur
668 254 752 287 quae
777 255 877 286 supra
900 246 1030 288 scripsi,
1055 248 1090 278 in
1113 246 1280 282 mandatis
1303 247 1430 289 accepi.

275 292 370 324 Haec
394 291 600 324 Maestlinus.
645 291 865 330 „Consilium“
892 304 968 326 vero
993 293 1078 335 quod
1093 293 1255 336 Keplerus
1280 295 1341 326 sibi
1366 295 1512 336 expetiit,
1538 304 1644 337 neque
1663 294 1851 329 Hanschius
1875 304 1982 337 neque

180 340 403 381 manuscripta.
435 349 520 381 quae
556 340 753 381 inspeximus
791 341 961 379 exhibent,
1000 350 1197 384 quamquam
1227 341 1414 374 Hanschius
1443 343 1478 374 in
1512 341 1615 381 „Vita
1638 342 1795 385 Kepleri“
1831 340 1878 384 (p.
1903 341 1982 382 XV)

181 392 335 430 spectans
371 386 453 419 illud
486 387 654 419 consilium
685 387 728 419 ad
758 387 818 420 has
844 387 1013 420 Maestlini
1043 389 1156 422 literas
1185 389 1341 422 lectorem
1373 389 1517 433 ablegat.
1568 388 1676 429 Quale
1701 395 1813 424 autem
1843 391 1940 422 fuerit
1964 399 1982 422 e

181 436 329 478 sequenti
353 433 488 476 Kepleri
513 436 721 476 responsione
746 440 884 477 apparet
910 434 958 478 (p.
986 434 1061 476 51).

274 482 482 519 Maestlinus‚
507 491 616 524 pauca
641 482 681 514 de
708 493 826 524 „opere
852 483 1031 526 argenteo“
1058 493 1194 516 monens
1219 482 1307 525 (vide
1331 482 1432 524 infra)
1458 486 1584 527 pergit:
1616 484 1780 526 Tychonis
1804 484 1917 517 literas
1942 483 1982 517 ad

180 535 214 563 te
231 531 375 563 nondum
391 529 534 571 perlatas
553 540 625 562 esse
650 530 798 572 equidem
827 532 934 563 miror.
974 531 1094 563 Earum
1112 542 1188 575 ergo
1207 533 1316 574 copias
1341 533 1400 564 tibi
1417 533 1523 570 mitto,
1548 533 1626 575 quin
1651 537 1686 565 et
1709 537 1837 575 partem
1861 541 1982 570 earum,

181 588 267 621 quae
293 578 335 610 ad
359 588 411 610 me
438 577 538 610 datae
563 581 639 609 sunt
659 601 666 610 .
687 601 694 608 .
715 601 724 609 .
743 600 752 609 .
802 578 902 610 Totus
927 579 1078 611 inhaeret
1111 589 1191 612 snae
1222 579 1410 621 hypothesi,
1447 590 1546 622 quarn
1575 580 1737 613 mordicus
1767 583 1870 613 tenet.
1920 579 1982 612 Sed

182 627 326 659 rationes
353 625 432 657 dicit
456 635 491 657 se
515 626 548 657 in
573 626 637 657 tuis
662 625 763 657 literis
789 626 832 658 ad
856 630 890 658 te
916 626 1000 658 datis
1027 628 1223 668 exposuisse.
1276 626 1438 669 Sperabat
1463 637 1540 670 ergo
1566 629 1708 663 omnino
1734 638 1787 660 me
1811 627 1982 670 aliquando

183 684 295 706 earum
321 674 431 714 copias
458 682 479 704 a
503 677 535 704 te
562 677 783 714 accepturum.
822 673 860 705 In
885 674 950 706 fine
977 674 1078 711 addit.
1105 675 1181 716 quia
1204 675 1396 707 tabellarius
1421 673 1481 708 dcc.
1508 675 1597 715 (vide
1622 676 1851 718 postscriptum
1874 675 1982 707 litera-

181 732 252 754 rum
278 721 441 762 Tychonis
466 731 496 762 p.
523 718 597 760 46).
646 721 684 752 ld
708 721 808 764 igitur
830 722 893 752 nisi
917 722 1041 753 factum
1065 722 1197 760 fuisset,
1230 722 1473 760 animadverto,
1508 723 1594 765 quod
1627 733 1688 756 eae
1720 723 1852 765 penitus
1886 723 1982 755 inter-

183 764 347 802 cidis'·sent
396 767 622 800 Memorabilia
648 774 759 801 autem
785 774 877 802 sunt.
904 778 988 811 quae
1014 769 1054 801 de
1079 779 1137 801 suo
1162 769 1330 811 eclipsium
1356 770 1481 803 calculo
1506 771 1618 803 scribit
1643 770 1701 803 &c-

276 816 316 849 In
340 816 441 848 literis
466 826 540 847 vero
566 815 608 847 ad
633 820 666 848 te
692 817 778 848 datis
802 816 902 851 vides
929 817 1014 859 quod
1038 817 1129 848 nobis
1156 817 1196 849 de
1221 819 1346 850 usitata
1361 817 1522 850 hactenus
1539 819 1739 851 astronomia
1762 819 1815 850 vix
1837 817 1982 850 umbram

182 865 352 906 relinquit,
378 867 415 895 ut
440 863 612 895 dicendum
636 873 735 905 prope
760 864 852 895 nobis
878 865 939 901 sit,
964 865 1057 896 nobis
1081 864 1161 896 nihil
1186 865 1227 897 de
1252 875 1294 898 ea
1317 870 1487 904 constare,
1514 876 1612 908 quam
1635 867 1769 898 unicum
1792 865 1876 903 hoc,
1902 864 1982 907 quod

182 913 216 945 in
241 911 465 944 astronomicis
478 910 556 942 nihil
573 911 725 943 sciamus.
763 911 886 943 Verum
910 916 984 944 utut
1008 913 1060 950 sit,
1088 912 1309 954 Coperniceae
1333 913 1528 955 hypotheses
1552 914 1632 947 mihi
1655 923 1713 955 per
1737 914 1847 946 omnia
1870 913 1982 945 melim

185 959 340 994 arrident,
365 968 427 990 nec
453 958 573 995 dubito,
599 960 686 1001 quin,
712 960 739 990 si
763 969 824 991 sua
848 960 1022 991 ratiocinia
1047 960 1089 991 ad
1115 970 1172 992 eas
1197 961 1349 998 referret,
1377 970 1419 992 ea
1442 961 1486 992 ibi
1509 961 1611 993 multo
1637 961 1840 1003 expeditiora
1865 964 1982 992 essent.

182 1007 267 1039 Puto
293 1010 422 1041 autem,
456 1006 729 1048 quemadmodum
755 1017 793 1039 ex
819 1007 957 1049 epistola
980 1008 1080 1048 ipsius
1105 1007 1148 1039 ad
1172 1007 1354 1040 Peucerum
1391 1008 1472 1040 data
1494 1006 1575 1048 ¹⁶),⁰
1599 1009 1734 1052 colligo,
1765 1008 1871 1040 solum
1897 1007 1982 1048 illud.

136 1068 141 1076 ·
184 1054 269 1097 quod
294 1054 396 1086 Terra
420 1054 454 1085 in
478 1054 579 1086 sacris
604 1054 705 1086 literis
730 1055 866 1086 immota
891 1054 954 1086 dici
970 1055 1106 1094 videtur,
1132 1056 1238 1096 ipsum
1253 1056 1287 1087 in
1306 1065 1379 1088 eam
1397 1057 1596 1088 sententiam
1613 1056 1815 1098 deportasse,
1843 1056 1896 1088 eui
1913 1065 1982 1088 cum

180 1105 250 1144 Jam
275 1102 384 1133 omnia
409 1102 681 1142 superexstruxit,
707 1102 889 1134 valedicere
915 1112 980 1134 non
1004 1106 1122 1144 potest,
1148 1104 1225 1144 quia
1254 1103 1289 1135 id
1320 1112 1478 1147 magnam
1501 1105 1535 1136 in
1558 1113 1661 1147 regno
1685 1113 1744 1135 suo
1769 1104 1982 1136 astronomica

183 1150 398 1181 mutationem
422 1153 562 1190 pareret.
607 1149 743 1181 Utinam
767 1159 842 1181 vero
868 1150 908 1182 de
934 1154 994 1182 tua
1017 1150 1189 1182 harmonia
1214 1160 1254 1182 ex
1279 1149 1299 1182 5
1327 1151 1512 1192 corporibus
1536 1151 1738 1194 regularibus
1763 1155 1872 1183 sumta
1886 1151 1982 1191 ,initia

182 1198 299 1229 fuisset
322 1197 474 1228 monitus.
525 1196 648 1229 Verum
673 1197 826 1239 quoniam
850 1197 1014 1240 intelligo,
1041 1198 1146 1240 ipsum
1169 1202 1334 1231 maturare
1359 1198 1631 1240 publicationem,
1656 1208 1778 1242 magno
1803 1207 1878 1231 cum
1904 1198 1982 1231 desi·

185 1245 272 1278 derio
299 1254 373 1276 eam
399 1248 546 1286 expecto.

278 1292 365 1324 Hinc
391 1292 434 1324 ad
459 1291 577 1324 Ursum
601 1292 720 1323 transit
745 1291 941 1325 Maestlinus
967 1297 1001 1325 et
1026 1293 1069 1325 ad
1095 1292 1350 1347 Chronologica‚
1387 1298 1421 1326 et
1453 1294 1500 1325 sic
1525 1293 1709 1326 concludit:
1747 1293 1833 1326 Vale
1858 1293 1982 1335 optime

184 1340 276 1373 Deus
301 1344 334 1372 te
359 1344 495 1381 tuosque
521 1343 691 1372 conservet
716 1340 985 1377 clementissime,
1020 1344 1057 1372 ut
1086 1341 1190 1382 possis
1215 1351 1348 1373 munere
1373 1345 1429 1373 tuo
1455 1342 1576 1383 optime
1606 1342 1774 1384 perfungi,
1810 1345 1844 1374 et
1865 1341 1946 1373 illud
1971 1349 1982 1373 a

185 1388 257 1420 Deo
282 1388 342 1419 tibi
367 1396 558 1419 concessum
582 1387 745 1419 talentum
771 1388 805 1419 in
834 1398 928 1425 usum
958 1388 1001 1420 ad
1032 1388 1169 1430 gloriam
1194 1387 1258 1420 Dei
1291 1389 1411 1430 optime
1443 1389 1613 1422 collocare.
1664 1389 1835 1432 'tubingae
1872 1388 1982 1431 partin

189 1435 227 1467 11
258 1434 338 1476 (21)
364 1435 483 1476 partim
507 1434 718 1467 illucescente
742 1435 930 1476 propediem
958 1429 1002 1466 12
1029 1433 1107 1475 (22)
1133 1434 1341 1468 Jan.1599.

280 1483 490 1524 Keplerus
515 1483 548 1513 in
573 1482 674 1514 literis
701 1482 743 1514 ad
765 1482 1035 1515 Maestlinum
1060 1483 1146 1515 datis
1173 1481 1220 1523 (d
1247 1480 1320 1524 “72⁶
1341 1483 1434 1516 Febr.
1455 1480 1575 1524 1599),
1600 1483 1685 1516 haec
1710 1483 1751 1516 de
1774 1482 1982 1524 Prodromq

193 1535 227 1563 et
250 1530 442 1571 Tychone
469 1527 661 1571 (respiciens
687 1529 848 1571 Tychonis
873 1530 985 1563 literas
1009 1528 1222 1573 praemissas)
1247 1532 1385 1573 profert,
1420 1540 1514 1564 suam
1540 1535 1574 1564 et
1598 1530 1769 1574 Copernici
1793 1531 1982 1571 sententian

191 1578 325 1611 fimiter
348 1582 465 1610 tenens
492 1581 526 1610 et
551 1577 752 1610 defendens:

985 1673 1029 1714 S.
1061 1673 1107 1713 P.
1141 1673 1192 1713 D.
1975 1688 1982 1709 a

311 1743 394 1784 Vix
426 1756 657 1796 acceperam
691 1743 752 1783 die
786 1741 825 1783 3.
865 1741 916 1783 13
948 1744 1154 1784 Februarii
1185 1750 1277 1784 tuas
1309 1743 1460 1792 literas,
1495 1756 1582 1784 cum
1614 1757 1705 1784 ecce
1736 1744 1802 1784 vel
1831 1743 1952 1784 tande

195 1803 392 1859 Tychonis
436 1803 556 1843 etiam
599 1803 811 1855 epistolam
855 1803 917 1842 die
957 1801 996 1844 8.
1042 1802 1094 1844 18
1132 1803 1258 1855 ejusd.
1297 1802 1537 1855 Witebergfi,
1578 1803 1674 1844 mihi
1723 1803 1936 1844 advolante

195 1863 353 1905 Suuthi
384 1863 459 1902 alis
500 1862 651 1914 opinor.
715 1861 821 1908 Quid
859 1862 915 1902 illi
954 1863 1223 1915 responderim
1265 1862 1442 1914 (quando
1480 1868 1520 1902 te
1558 1861 1599 1903 id
1637 1868 1823 1916 satagere
1854 1862 1946 1903 vide

194 1923 244 1963 ex
275 1923 443 1974 adjecto
466 1920 682 1973 exemplari
714 1934 945 1973 cognosces.
1008 1922 1142 1962 Velim
1180 1926 1313 1962 autem
1351 1921 1580 1971 existimes,
1628 1935 1724 1962 vera
1763 1935 1826 1962 me
1863 1927 1906 1963 et
1944 1934 1966 1961 e

194 1983 324 2023 animo
363 1982 495 2022 omnia
536 1981 769 2033 scripsisse3
814 1981 906 2033 quia
947 1981 1098 2021 veritas
1136 1994 1178 2021 se
1217 1981 1305 2033 ipsa
1343 1986 1408 2020 sat
1446 1986 1534 2021 tuta
1565 1986 1641 2022 est.
1705 1980 1823 2028 Quod
1861 1986 1954 2022 aute

193 2041 464 2082 vehementior
506 2041 546 2080 in
589 2041 716 2092 ipsum
759 2041 904 2081 Ursum
941 2053 1018 2080 non
1057 2053 1159 2089 sum,
1211 2039 1357 2091 partim
1396 2040 1545 2092 pudore
1583 2041 1646 2090 fit,
1687 2041 1834 2093 partim
1871 2045 1953 2081 met

195 2102 323 2149 Quem
355 2101 475 2150 enim,
520 2100 618 2153 proh
651 2100 779 2148 dolor,
819 2104 1028 2152 tantopere
1059 2099 1237 2148 laudavi,
1284 2112 1360 2139 non
1391 2111 1553 2151 possum
1585 2100 1670 2140 sine
1702 2099 1944 2152 inconstanti

194 2161 351 2202 macula
383 2160 467 2212 jam
499 2159 638 2200 statim
674 2158 901 2210 turpissime
942 2160 1164 2199 traducere.
1229 2157 1346 2204 Quod
1385 2158 1419 2199 si
1457 2159 1668 2211 epistolam
1705 2159 1827 2200 etiam
1863 2171 1953 2200 mea

196 2221 330 2274 Tycho
363 2220 469 2272 typis
500 2219 689 2259 mandare
721 2219 841 2258 velit:
882 2219 1093 2259 verendum
1125 2218 1285 2266 fuisset,
1319 2231 1368 2257 ne
1400 2217 1439 2257 in
1469 2219 1661 2271 majorem
1692 2231 1821 2259 meam
1852 2224 1943 2259 cont

194 2280 355 2321 meliam
387 2279 512 2320 Ursus
544 2278 646 2318 alias
678 2277 800 2318 etiam
831 2291 942 2318 meas
973 2278 1212 2330 publicaret,
1252 2283 1295 2317 et
1331 2290 1410 2329 qua
1445 2283 1562 2330 parte
1593 2277 1856 2319 modestiores
1886 2291 1958 2319 sun

197 2340 465 2387 adulteraret,
512 2342 582 2378 aut
625 2337 705 2377 alia
742 2338 808 2377 via
838 2337 932 2377 mihi
963 2337 1229 2377 insidiaretur.
1290 2337 1413 2377 Porro
1445 2337 1543 2378 illud
1572 2339 1613 2378 te
1651 2338 1753 2378 scire
1789 2338 1905 2384 volo,

198 2398 443 2440 sermonibus
474 2397 676 2437 tabellarii
706 2410 767 2436 me
800 2397 1064 2445 intellexisse,
1098 2397 1325 2451 Tychonem
1358 2396 1558 2449 (quamvis
1588 2410 1730 2438 nomen
1762 2397 1846 2449 ejus
1877 2397 1944 2450 ign

196 2459 363 2506 ravelit)
389 2457 475 2509 jam
507 2457 766 2508 Witebergae
799 2469 902 2497 esse.

307 2517 419 2571 Μὶιᾳ
450 2517 608 2572 fortuna
638 2516 715 2555 mei
746 2515 932 2570 Mysterii
963 2514 1303 2572 Cosmograplncl
1366 2514 1478 2556 Nihil
1514 2512 1665 2565 accipio
1702 2526 1774 2566 pro
1806 2526 1942 2567 compe

198 2578 365 2626 satione,
399 2566 440 2616 et
463 2575 548 2628 jam
580 2574 803 2628 desperavi.
851 2575 897 2614 In
924 2574 1095 2615 comitiis
1121 2574 1229 2615 hisce
1260 2572 1491 2626 praeteritis
1522 2572 1617 2613 mihi
1646 2574 1860 2624 petendum
1890 2573 1946 2614 fui

201 2644 284 2678 set:
329 2636 405 2676 nisi
436 2648 583 2687 magna
613 2647 700 2674 cum
733 2634 999 2674 sollicitudine
1038 2646 1109 2686 pro
1149 2646 1196 2673 eo
1231 2633 1365 2686 potius
1401 2632 1498 2672 mihi
1534 2631 1793 2674 laborandum
1831 2633 1908 2683 sit,

200 2697 387 2737 salarium
417 2695 623 2735 retineam.
688 2692 822 2740 Quare
855 2706 939 2733 cum
973 2693 1122 2733 diutius
1153 2698 1194 2733 te
1226 2692 1465 2744 suspendere
1497 2703 1707 2743 nequeam,
1742 2705 1838 2745 rogo
1868 2692 1944 2733 veh
1981 2714 1982 2733 ;

200 2762 370 2802 menter,
402 2767 472 2806 pro
504 2753 685 2794 maximis
719 2759 760 2792 et
789 2753 1017 2793 multifariis
1051 2752 1129 2792 tuis
1161 2751 1363 2792 laboribus
1395 2751 1470 2790 hoc
1503 2750 1685 2802 exiguum
1722 2751 1927 2792 munuscul
1979 2755 1982 2780 ¹

202 2827 325 2866 aequo
358 2814 499 2862 animo,
533 2814 649 2853 rebus
681 2813 738 2853 sic
770 2812 980 2861 stantibus,
1014 2811 1201 2864 accipias.
1253 2809 1442 2850 Poculum
1467 2814 1528 2850 est
1555 2810 1789 2850 deauratum
1808 2810 1927 2863 undiq
1979 2808 1982 2859 4

199 2874 372 2941 pondere
409 2871 459 2913 10
490 2873 590 2912 Lott
621 2878 661 2912 et
690 2871 808 2924 paulo
840 2871 1022 2923 amplius.
1084 2871 1131 2910 Id
1161 2869 1257 2910 mihi
1285 2881 1357 2920 pro
1389 2869 1542 2921 aliquot
1571 2869 1852 2910 nativitatibus
1882 2870 1930 2910 de
1978 2866 1982 2904 1

200 2932 248 2981 is,
284 2932 391 2983 cujus
422 2931 461 2971 iu
494 2931 741 2971 dedicatione
774 2943 917 2971 nomen
949 2942 1180 2982 expressum
1223 2933 1286 2968 est
1316 2927 1659 2976 (Heberstenius).
1727 2929 1927 2970 Decrever

203 2990 426 3043 operculum
455 3002 665 3042 procurare
696 2991 868 3042 pondere
902 2986 928 3032 6
954 2990 1044 3038 lott,
1077 2994 1121 3029 ut
1152 2992 1260 3028 esset
1289 2986 1458 3039 pretium
1486 2987 1616 3039 poculi
1643 2985 1700 3028 20
1719 2988 1774 3037 fl„
1808 2987 1879 3028 sed
1937 3037 1942 3039 Δ

203 3055 290 3091 tato
323 3049 506 3098 consilio,
539 3061 626 3088 cum
658 3049 778 3089 etiam
809 3055 986 3116 tempore
1018 3047 1264 3095 excluderer,
1306 3045 1427 3086 malui
1457 3045 1629 3098 pretium
1659 3046 1788 3098 ipsum
1818 3046 1910 3087 mitt

203 3114 248 3152 ut
277 3107 482 3150 arbitrium
513 3107 629 3161 hujus
659 3108 717 3148 rei
747 3114 856 3148 tuum
886 3108 1010 3161 ipsius
1041 3111 1161 3147 esset.
1211 3105 1398 3158 Accipies
1428 3105 1551 3159 igitur
1581 3106 1687 3147 ultra
1717 3103 1744 3148 6
1765 3106 1800 3147 F
1802 3105 1911 3146 erdm
