2028 3242
784 62 824 93 (ιο
849 62 945 94 rebus
954 93 959 100 ,
969 61 1184 104 ammei..
1795 55 1877 99 301

83 169 140 210 Et
167 173 300 209 tamen
332 167 403 208 illa
432 167 590 218 tragica
619 165 770 218 passim
802 165 840 205 in
859 164 1031 205 Austria
1061 163 1136 204 sub
1167 164 1251 215 ejus
1272 145 1430 203 nomine
1449 164 1681 216 palliantur.
1731 163 1882 203 Astro-

83 226 165 281 logi
194 226 387 275 dicerent,
421 225 555 278 vigere
587 224 847 285 directionem
879 223 966 275 ejus
998 223 1056 262 M.
1079 221 1126 263 C.
1161 222 1211 262 ad
1245 224 1327 269 (9)
1359 227 1400 262 et
1434 220 1525 272 *5-

175 327 238 363 ΗΞ*
261 330 303 363 de
326 330 423 363 rebus
448 329 588 372 politicis
611 329 854 361 narrationibus
879 326 960 359 nihil
986 327 1174 359 addendum
1199 335 1388 364 censemus3
1415 331 1645 369 comparentur
1666 325 1826 358 historici.

175 377 282 417 Quen
306 386 407 419 supra
430 377 510 409 dicit
524 376 700 419 Keplems,
725 375 947 407 Zimmerm
958 383 1110 410 annus,
1134 373 1408 415 superintendens
1425 379 1498 406 erat
1527 374 1740 406 ecclesiarum
1753 372 1884 413 Styriao

82 424 217 457 Iar-'luri
250 424 328 457 fidei
365 424 588 463 addictarum,
622 422 699 455 inde
732 422 776 454 ab
809 431 897 455 anno
923 419 1027 452 1596.
1077 420 1186 453 Natus
1210 425 1262 453 est
1293 429 1381 452 auno
1407 418 1500 452 15⁴0
1522 420 1715 457 Neostadii‚
1745 420 1780 451 in
1805 419 1882 452 civi-

82 475 155 504 tate
187 470 492 514 wurtembergica,
535 475 571 503 et
601 469 779 503 Maestlino
813 468 939 510 pridem
975 468 1123 500 amicitia
1154 470 1349 508 conjunctus
1382 472 1474 504 erat,
1510 477 1585 500 cum
1618 471 1754 508 uterque
1789 465 1886 498 simul

84 527 142 561 per
179 518 303 561 aliquot
338 527 444 550 annos
477 517 719 558 Heidelbergae
751 518 1024 551 commoraretur,
1061 514 1116 547 ille
1149 523 1245 546 sacer
1279 515 1432 556 principis
1472 519 1581 546 orator
1617 518 1650 545 et
1687 522 1709 545 a
1741 512 1884 545 consiliis

84 565 336 602 ecelesiasticis,
368 564 423 597 hic
457 563 645 596 matheseos
677 562 847 604 professor.
898 561 950 594 De
985 561 1242 594 Zimmermanni
1277 560 1343 592 filio
1378 561 1480 594 refert
1512 560 1676 602 Keplerus
1706 559 1883 592 Maestlino

82 621 121 644 su
143 620 184 644 ra
274 633 283 643 .
310 608 370 643 30.

122 621 144 654 P
180 620 302 692 123³·
318 657 455 700 Kepleri
471 656 504 689 d.
526 655 580 688 15.
593 654 706 689 Martii
730 655 897 697 respondit
915 654 1181 688 Maestlinus
1203 655 1349 698 pluribus
1376 653 1551 697 „postridie
1569 652 1736 694 0aLMaj.
1756 651 1881 685 1598.“

81 704 179 746 Quo
202 714 244 738 ax
265 704 316 737 his
344 705 448 737 literis
470 703 535 736 huc
559 704 736 746 pertinent,
762 703 845 735 haec
870 707 962 734 sunt:

174 751 305 784 Literas
321 751 423 788 Tuas.
443 750 586 783 Doctiss.
599 750 668 786 Vir.
695 749 836 782 Domine
854 754 888 781 et
907 750 1012 782 amice
1029 749 1197 791 perchare,
1225 750 1339 790 accepi
1354 748 1433 781 mihi
1450 748 1654 791 gratissimas
1666 757 1689 785 ς·
1700 747 1779 779 mihi
1803 756 1882 789 quo-

81 807 144 840 que
167 802 327 841 pergrata
350 803 402 831 est
423 797 642 839 respondendi
669 798 810 829 occasio.
862 795 928 828 Sed
952 797 1007 828 ubi
1024 797 1146 828 faciam
1170 796 1322 828 initium?
1370 797 1423 828 An
1447 805 1513 827 non
1540 795 1581 827 ab
1607 804 1658 834 eo,
1684 795 1771 836 quod
1786 803 1884 836 super

81 845 212 878 modum
235 846 363 888 ingenti
387 845 555 877 moestitia
578 854 634 877 cor
656 853 766 876 meum
791 843 908 875 afflixit
934 848 968 876 et
993 842 1100 876 adhuc
1126 842 1269 886 affligit?

174 891 285 925 Natus
310 893 373 924 fuit
395 891 477 924 mihi
500 891 603 927 filius.
639 896 737 923 natus
762 895 814 922 est
838 891 940 923 etiam
963 891 1034 922 tibi.
1084 890 1155 922 Ah!
1198 890 1334 923 Utinam
1358 889 1483 922 felicior
1505 893 1582 921 tuus
1607 887 1748 924 evadat,
1783 892 1882 930 atque

81 944 115 972 te
150 942 308 983 tuumque
342 940 492 971 suavium
529 939 624 970 aliter
660 937 836 970 exhiberet.
888 937 1023 979 Speravi
1055 938 1241 970 diuturnam
1272 939 1373 969 vitam
1405 935 1495 969 filioli
1527 937 1610 973 mei;
1652 934 1793 968 confisus
1824 936 1882 972 fui,

81 988 187 1029 ipsum
211 987 391 1019 senectutis
416 985 593 1028 aliquando
626 994 721 1017 meae
745 994 824 1026 prae
850 986 968 1016 ceteris
999 986 1080 1016 meis
1105 985 1214 1017 liberis
1237 985 1306 1016 fore
1330 983 1497 1016 baculum.
1546 982 1682 1015 Promisi
1707 982 1786 1014 mihi
1810 981 1880 1023 plu·

81 1034 166 1066 rima
189 1032 231 1064 de
253 1033 343 1075 ἣρως
369 1033 425 1065 alii
447 1032 527 1064 mihi
551 1042 590 1064 ex
616 1033 724 1064 animo
749 1036 826 1063 sunt
849 1031 1018 1074 gramlati.
1069 1031 1138 1074 Ego
1156 1031 1229 1064 Deo
1254 1040 1335 1075 quas
1359 1031 1575 1073 persolverem
1599 1030 1724 1072 gratias
1747 1029 1882 1066 nescivi,

81 1079 196 1114 sedulo
219 1083 333 1112 tamen
364 1080 599 1112 ardentissimis
627 1078 710 1110 votis
744 1079 850 1120 ipsum
881 1079 1064 1111 sollicitavi.
1116 1078 1238 1111 Verum
1268 1078 1348 1110 illud
1377 1087 1487 1110 meum
1511 1077 1669 1120 gaudium
1694 1076 1882 1108 diuturnum

81 1137 150 1160 nen
171 1126 245 1159 fuit.
292 1125 382 1160 Nam
407 1126 452 1158 ad
475 1126 497 1157 5
523 1127 726 1167 septimanas
757 1136 824 1157 nou
857 1127 1023 1167 peneum
1062 1127 1184 1158 etenim
1214 1126 1267 1158 die
1293 1123 1338 1168 32,
1372 1125 1426 1167 qui
1451 1125 1514 1157 fuit
1538 1123 1594 1156 15.
1620 1123 1699 1156 Feb.
1725 1123 1883 1164 epilepsia

81 1175 231 1208 laborare
255 1174 353 1215 cepit,
377 1173 461 1206 hora
484 1174 592 1206 noctis
618 1171 661 1211 8;
686 1173 762 1205 inde
787 1182 855 1215 seq.
882 1173 935 1204 die
961 1174 1123 1205 continuis
1147 1173 1339 1215 paroxismis
1363 1176 1470 1204 totum
1494 1170 1720 1213 corpusculum
1745 1179 1882 1202 enerva-

78 1228 152 1255 tum
174 1219 247 1258 fuit,
271 1225 312 1252 ut
333 1219 416 1253 hora
439 1221 545 1253 noctis
575 1218 617 1250 10
641 1224 841 1261 postremum
865 1220 1069 1252 exhalaverit
1085 1220 1244 1262 spiritum.
1296 1219 1368 1252 Ah!
1406 1218 1470 1251 Ubi
1486 1227 1562 1250 mea
1578 1218 1636 1249 illa
1652 1216 1748 1258 spes?
1774 1227 1884 1249 meum

80 1265 262 1312 gaudium!
297 1266 376 1300 illae
400 1265 666 1310 gratulationes?
716 1266 753 1298 In
778 1267 998 1304 moestitiam,
1032 1266 1218 1307 lachrymas
1245 1271 1278 1299 et
1302 1265 1556 1307 insuperabilem
1580 1264 1747 1296 tristitiam
1773 1265 1885 1296 omnia

79 1321 158 1348 sunt
181 1313 340 1347 resoluta.
388 1313 498 1346 Natus
522 1315 584 1346 fnit
606 1313 685 1345 mihi
710 1313 796 1344 filius
820 1323 886 1345 non
911 1314 1002 1345 filia:
1044 1319 1079 1346 et
1103 1314 1235 1355 quidem
1259 1323 1298 1346 eo
1322 1318 1468 1354 tempore
1491 1322 1554 1354 quo
1578 1312 1721 1343 maxime
1746 1318 1881 1352 exopta-

79 1371 202 1396 verant·
242 1359 375 1394 Romen
399 1361 442 1393 ab
465 1362 616 1403 Augusto
640 1362 786 1402 principe
811 1362 943 1402 accepit
959 1362 1156 1403 Augustum.
1198 1363 1384 1403 Augustum
1409 1360 1552 1392 futurum
1576 1359 1715 1400 speravi.
1760 1357 1885 1390 Verum

79 1414 184 1442 mone
208 1411 243 1440 et
266 1408 395 1451 quidem
419 1408 613 1450 epileptica.
650 1407 743 1445 dira,
774 1408 857 1444 ista,
882 1417 967 1450 quae
991 1407 1186 1440 videbantur
1210 1408 1402 1441 felicissima
1430 1407 1562 1444 omina,
1598 1407 1634 1437 iu
1664 1404 1800 1438 nihilum
1824 1406 1883 1438 ab·

78 1459 196 1493 ierunt.
1492 1480 1505 1495 ,

173 1500 242 1535 Sed
262 1510 327 1543 quo
350 1501 435 1533 abeo
459 1501 632 1534 affectibus
657 1505 693 1533 et
715 1501 1014 1542 perturbationibus
1050 1498 1089 1540 (a
1114 1500 1246 1543 quibus,
1284 1500 1311 1532 si
1346 1499 1441 1532 frena
1465 1500 1512 1532 eis
1536 1499 1664 1537 laxem,
1696 1508 1749 1530 me
1773 1500 1827 1530 vix
1850 1503 1885 1530 et

77 1550 224 1592 protecto
246 1549 301 1580 vix
323 1556 477 1580 revocare
500 1546 648 1590 possum)
672 1549 810 1580 nimium
839 1548 980 1580 inhians.
1030 1550 1200 1590 Augustus
1225 1551 1276 1579 est
1299 1548 1333 1579 in
1357 1548 1497 1589 glorioso
1522 1551 1663 1589 augusto
1682 1545 1884 1588 Angelorum

79 1597 191 1635 chose.
213 1595 447 1637 conpendio-a
469 1596 524 1627 via
547 1595 592 1627 ad
614 1595 650 1627 id
673 1595 759 1637 quod
783 1595 1006 1636 principaliter
1029 1604 1199 1637 speramus
1225 1596 1382 1636 pervenit.
1433 1596 1479 1626 At
1504 1604 1578 1636 ego,
1604 1595 1667 1626 etsi
1688 1595 1796 1625 omine
1820 1592 1884 1624 hoc

78 1654 145 1676 non
169 1643 326 1684 deceptu
349 1651 438 1679 tum,
475 1652 570 1674 omen
600 1646 713 1674 tamen
743 1642 831 1674 istud
861 1642 959 1684 longe
991 1642 1089 1674 aliter
1119 1640 1198 1674 mihi
1231 1642 1278 1673 fui
1302 1643 1547 1684 interpretatus.
1599 1641 1700 1672 Vivat
1724 1649 1800 1682 ergo
1825 1640 1883 1677 ibi,

79 1691 207 1723 neam
230 1689 345 1731 quibus
368 1698 429 1720 nos
453 1688 561 1721 adhuc
593 1690 627 1720 in
651 1699 708 1730 spe
738 1690 808 1730 ipse
839 1690 873 1720 in
905 1699 956 1727 re,
997 1690 1075 1731 quia
1098 1688 1171 1721 Deo
1205 1689 1255 1720 ita
1287 1689 1391 1720 visum
1423 1693 1490 1721 est:
1531 1689 1661 1720 interim
1694 1691 1808 1719 tamen
1832 1687 1883 1718 sni

85 1733 95 1738 ’
178 1746 235 1769 mn
259 1735 454 1768 desiderium
476 1735 530 1768 hic
554 1736 632 1767 mihi
656 1736 796 1777 reliquit.
844 1735 1071 1768 Veruntamen
1104 1737 1259 1778 quoniam
1293 1735 1518 1768 animadverto
1548 1737 1655 1776 ipsum
1686 1734 1883 1776 longaevum

78 1785 131 1816 vix
152 1783 411 1816 [munimine
435 1780 523 1822 (vide
547 1792 647 1824 supra
669 1793 702 1824 p.
722 1781 819 1822 298),
845 1791 909 1824 ago
934 1782 1008 1814 Deo
1035 1784 1182 1825 gratias,
1206 1782 1294 1823 quod
1318 1793 1383 1815 non
1409 1783 1464 1814 diu
1486 1783 1546 1814 illa
1570 1792 1627 1823 spe
1653 1782 1699 1813 fui
1722 1781 1878 1813 laetatus.

77 1830 238 1864 nonium
262 1829 373 1867 dedit,
410 1829 572 1862 Dominus
596 1830 749 1866 abstulit,
785 1831 827 1861 sit
859 1840 980 1862 nomen
1002 1829 1138 1862 Domini
1174 1828 1243 1870 (Ah
1269 1839 1367 1871 quam
1393 1839 1493 1872 aegre
1516 1829 1602 1861 haec
1627 1838 1668 1861 ex
1690 1828 1882 1869 perturbato

79 1878 177 1911 corde
209 1874 437 1919 prorumpunt)
474 1877 694 1909 benedictum.
743 1877 868 1909 Verum
901 1877 961 1909 fiat
990 1877 1141 1909 voluntas
1175 1883 1251 1914 tna,
1290 1876 1448 1909 Domine!
1504 1876 1604 1909 Plura
1639 1875 1780 1908 scribere
1816 1885 1884 1907 non

170 1971 247 2005 Jam
270 1970 325 2012 ad—
338 1970 416 2002 alia.
465 1969 699 2002 Tristissimum
735 1979 774 2001 ex
804 1969 908 2002 literis
932 1970 998 2001 tuis
1022 1971 1154 2012 percepi
1179 1970 1334 2002 nuncium
1368 1970 1408 2002 de
1433 1973 1538 2002 morte
1563 1969 1646 2001 Rev.
1671 1968 1743 2001 Viri
1766 1968 1810 2001 D.
1835 1968 1880 2001 D.

76 2017 175 2051 wilh.
199 2017 466 2050 Zimmermanni.
516 2017 569 2048 Ah
592 2021 750 2058 quantam
775 2017 917 2048 ecclesia
941 2016 1005 2048 Dei
1029 2017 1091 2048 hoc
1115 2018 1234 2049 amisso
1263 2016 1338 2048 Viro
1356 2012 1443 2049 'fecit
1462 2017 1647 2058 jacturam!
1698 2015 1789 2048 Deus
1815 2016 1882 2048 cle·

77 2069 206 2098 menter
229 2066 300 2105 ejus
322 2065 533 2105 misereatur,
570 2068 604 2095 et
628 2065 663 2095 in
688 2064 795 2095 locum
824 2065 926 2105 ipsius
960 2065 991 2096 ei
1016 2064 1115 2095 alium
1140 2064 1290 2100 fidelem,
1326 2065 1379 2106 qui
1413 2065 1484 2106 pari
1518 2064 1715 2096 dexteritate
1745 2064 1881 2105 praesit,

78 2112 266 2144 substituat.
313 2111 403 2143 Dum
427 2121 468 2142 ex
489 2111 591 2143 literis
615 2112 681 2142 tuis
706 2116 844 2143 mortem
866 2111 963 2151 hujus
986 2111 1044 2142 viri
1070 2111 1202 2153 collegis
1238 2111 1319 2144 meis
1343 2111 1509 2147 referrem,
1535 2121 1647 2143 omnes
1671 2110 1884 2143 vehementer

78 2160 318 2201 ingemuerunt,
352 2157 393 2189 de
428 2157 568 2189 ecclesia
604 2158 796 2199 praesertim
821 2162 1002 2189 vestrorum
1034 2158 1178 2190 locorum
1212 2150 1387 2190 admodum
1420 2158 1562 2190 solliciti.
1613 2157 1679 2190 Sed
1712 2166 1880 2199 speramus

78 2205 206 2242 Deum.
245 2205 299 2246 qui
329 2205 435 2246 ipsum
465 2205 600 2236 tandem
637 2214 678 2236 ex
706 2203 756 2235 his
790 2206 953 2236 aerumnis
986 2204 1155 2239 liberavit.
1195 2204 1357 2237 ecclesiae
1392 2214 1473 2238 suae
1503 2205 1622 2237 iterum
1645 2208 1784 2246 paterne
1809 2214 1881 2236 esse

80 2255 336 2294 prospectui-um.
1765 2269 1767 2271 .

37 2301 43 2304 “
175 2298 271 2338 Quae
303 2297 344 2329 de
379 2300 544 2328 cometa
575 2295 638 2327 dici
663 2296 792 2335 scribis,
829 2306 932 2336 nuper
965 2297 1065 2327 etiam
1090 2296 1222 2328 aliunde
1252 2297 1296 2328 ad
1318 2307 1371 2329 me
1396 2298 1510 2331 delata
1533 2302 1621 2330 suut.
1670 2297 1793 2330 Verum
1818 2307 1880 2339 ego

82 2350 245 2378 cometam
278 2344 404 2376 nullum
435 2343 511 2374 vidi.
560 2342 716 2373 Existimo
747 2347 859 2374 autem
894 2341 941 2381 (id
971 2342 1057 2384 quod
1082 2352 1121 2374 ex
1145 2343 1400 2375 circumstantiis
1425 2345 1562 2388 colligo,
1597 2345 1674 2376 dum
1707 2344 1881 2386 diligenter

81 2402 148 2435 qua
170 2396 265 2434 parte
297 2391 379 2423 coeli
411 2390 498 2421 visus
530 2389 628 2420 fuerit
654 2387 891 2430 explorarem),
928 2391 1007 2420 istos
1042 2389 1190 2421 homines
1221 2391 1390 2422 vicinitate
1415 2391 1445 2430 94
1470 2397 1505 2424 et
1531 2386 1562 2433 ῼ
1589 2391 1744 2432 deceptos
1769 2391 1879 2428 fuisse,

81 2439 215 2481 quando
238 2439 390 2471 nimirum
416 2431 447 2479 ῼ
473 2436 637 2468 interdum
660 2446 718 2477 per
741 2436 844 2467 nubes
870 2436 1016 2467 caudata
1039 2437 1109 2467 visa
1132 2436 1204 2467 fuit.

174 2485 464 2527 Astrologiam
489 2483 583 2515 video
607 2487 641 2515 te
666 2493 731 2514 non
757 2483 909 2523 abjicere.
958 2483 1004 2513 At
1027 2492 1090 2514 nec
1116 2491 1157 2514 ea
1180 2483 1320 2524 priorum
1342 2492 1491 2515 mearum
1505 2483 1674 2516 literarum
1697 2483 1760 2515 fuit
1774 2493 1879 2516 mens.
1902 2510 1910 2526 ,

83 2531 151 2565 Sed
174 2542 251 2575 ego,
274 2542 337 2564 nec
362 2541 427 2563 non
453 2531 509 2562 alii
533 2539 662 2561 mecum
686 2529 894 2561 vehementer
919 2529 1071 2561 admirati
1095 2534 1191 2567 sunt,
1224 2539 1290 2571 qua
1312 2540 1347 2562 re
1371 2531 1406 2562 in
1429 2530 1641 2574 Prognostico
1665 2531 1763 2571 hujus
1790 2529 1880 2563 1598
1908 2532 1912 2550 ¹>

83 2589 158 2612 eam
181 2577 354 2620 tantopere
380 2576 621 2620 exagitaveris?
669 2576 863 2618 Respondes
887 2576 938 2607 his
962 2576 1082 2614 literis,
1118 2580 1152 2608 te
1176 2586 1242 2608 non
1267 2578 1499 2620 astrologiam,
1531 2578 1590 2610 sed
1612 2578 1743 2610 inutilia
1767 2577 1878 2609 domo-

82 2637 155 2659 rum
177 2626 395 2658 numeralium
420 2626 640 2656 instrumenta
666 2628 763 2664 atque
789 2623 829 2654 dc
854 2623 990 2663 speciali
1013 2623 1237 2663 praedictione
1262 2630 1471 2667 arrogantem
1498 2626 1775 2666 praesumtionem
1801 2634 1878 2656 con-

85 2674 201 2706 futare
217 2671 277 2707 ἀι.
327 2673 373 2704 At
403 2672 484 2702 mihi
514 2671 708 2702 videbantur
731 2671 797 2701 ista
820 2670 854 2700 in
880 2670 980 2700 alium
1003 2674 1183 2706 tractatum
1205 2671 1404 2703 reservanda
1426 2672 1536 2710 fuisse,
1564 2673 1599 2703 in
1623 2681 1686 2713 quo
1712 2681 1786 2703 cum
1802 2671 1879 2703 solis

83 2720 217 2752 eruditis
242 2719 401 2760 disputari
424 2722 545 2759 posset.
595 2718 659 2749 Hic
684 2727 716 2748 n.
744 2726 819 2749 cum
842 2717 967 2748 rustica
998 2717 1094 2757 plebe
1118 2721 1153 2749 et
1177 2717 1305 2754 idiotis,
1342 2727 1363 2749 a
1395 2719 1510 2760 quibus
1541 2729 1605 2750 non
1640 2727 1797 2760 arrogans
1820 2718 1880 2750 illa
1906 2730 1912 2757 ι,

82 2767 294 2809 praesumtio.
320 2766 379 2798 sed
401 2766 613 2807 prognostica
637 2765 677 2796 de
701 2764 910 2805 proventibus
936 2764 1026 2800 anni,
1051 2764 1092 2795 de
1116 2764 1209 2796 bellis
1233 2769 1269 2796 et
1291 2774 1376 2806 quae
1402 2766 1561 2805 eJnsmodi
1585 2769 1673 2802 sunt,
1700 2769 1878 2806 expectan-

84 2819 139 2846 tur
163 2818 222 2845 aut
244 2816 447 2854 spectantur,
473 2813 592 2854 agitur.
642 2811 773 2843 Etenim
797 2811 847 2841 his
871 2811 987 2852 ignota
1011 2814 1087 2842 sunt
1110 2811 1327 2843 fundamenta
1350 2813 1513 2843 rationum
1540 2810 1583 2842 12
1601 2812 1769 2843 domorum
1785 2811 1880 2849 coeli.

87 2861 313 2902 triplicitatum
339 2858 398 2891 ἀο.
449 2858 515 2891 Sed
540 2859 580 2903 de
603 2858 654 2890 his
680 2859 780 2889 etiam
805 2858 945 2898 quiesco.
994 2856 1097 2888 Vides
1121 2868 1173 2889 me
1196 2862 1342 2890 mentem
1366 2863 1458 2890 tuam
1482 2869 1548 2890 non
1571 2859 1795 2901 impugnasse,
1820 2859 1879 2891 sed

85 2907 173 2949 quod
194 2907 274 2938 mibi
297 2906 456 2945 videatur,
484 2915 558 2938 eam
582 2906 804 2946 impertinenti
828 2905 899 2935 loco
923 2903 1023 2935 fuisse
1047 2906 1258 2946 propositam,
1283 2906 1435 2937 nimirum
1459 2905 1576 2937 saltem
1600 2906 1635 2937 in
1658 2907 1877 2948 prognostico,
1930 2932 1944 2937 κ

1900 2856 1916 2954 ”ff-Nw-
1918 2839 1921 2846 ἡ

85 2964 170 2996 quac
195 2954 314 2985 durant
337 2963 438 2984 unum
463 2962 602 2990 annum,
630 2962 704 2984 cum
729 2952 796 2984 alia
820 2952 960 2991 scripta,
987 2951 1101 2993 quibus
1125 2951 1183 2983 illa
1206 2953 1347 2984 materia
1371 2952 1570 2984 commodius
1594 2953 1731 2984 tractari
1754 2953 1877 2994 potuis-
1900 2958 1907 2964 “

85 3005 147 3039 set.
171 3005 237 3079 ‘get
258 3004 426 3089 Ἧῐὲξῗιῖ
442 3048 495 3079 As
504 3051 541 3079 tr
551 3046 733 3080 onomico
771 3049 827 3077 tuo
857 3043 1067 3077 vehementer
1105 3044 1210 3078 laetor
1244 3045 1324 3078 mihi
1354 3045 1398 3078 ad
1428 3049 1462 3078 te
1487 3044 1649 3078 scribendi
1673 3046 1878 3079 occasionem
