2028 3242
176 101 263 158 660
874 107 914 146 In
941 104 1050 155 Opera
1075 108 1285 156 Astrologica

172 220 388 264 gerebantur,
413 218 575 260 politicas,
601 227 667 250 non
691 227 861 259 possumus
886 228 952 251 non
978 219 1160 260 conjicere,
1186 219 1366 261 Keplernm
1392 221 1548 259 „animali
1569 220 1623 253 illo
1660 215 1792 264 generis
1815 221 1984 254 neutrius⁸⁴

172 267 375 302 cardinalem
410 267 556 298 innuisse
592 264 867 298 Melchiorem
892 266 1182 303 Khleselium,
1223 268 1410 308 episcopum
1446 268 1668 301 Viennensem
1702 273 1737 300 et
1760 267 1928 301 Matthiae
1963 277 1984 300 a

173 315 315 348 consiliis
336 314 473 346 intimis.
523 313 624 345 Teste
647 312 990 355 Hammer-Purgstall
1025 312 1154 353 (Leben
1190 313 1360 354 Khlesels)
1396 315 1439 346 D.
1468 324 1490 347 a
1512 314 1660 358 Meggau
1696 316 1906 355 intercessit,
1946 319 1984 347 ut

171 364 349 404 imperator
373 361 598 403 acquiesceret
622 360 656 391 in
680 360 930 392 reconciliandis
956 361 1057 394 fratre
1081 361 1308 393 Maximiliano
1335 366 1368 393 et
1392 371 1470 404 rege
1496 362 1647 394 Romano
1672 363 1891 399 Ferdinando‚
1925 363 1981 404 qui

170 409 377 442 Khleselium
400 409 470 449 ipso
494 408 596 439 inscio
622 407 948 448 comprehenderant,
975 418 1037 440 nec
1062 418 1206 450 unquam
1231 418 1266 440 se
1290 409 1467 441 immiscuit
1488 410 1630 441 consiliis
1648 410 1870 446 clandestinis,
1897 419 1981 451 quae

171 457 216 489 illi
242 460 358 489 contra
380 455 587 488 Khleselium
613 455 871 495 concoquebant.
924 454 1034 494 Quare
1059 455 1207 498 Meggau
1232 456 1313 488 forte
1339 456 1521 498 Keplerum
1547 456 1648 494 adiit,
1674 461 1712 489 ut
1735 460 1884 489 moneret
1908 466 1982 489 car-

172 504 315 538 dinalem
339 503 443 536 verbis
469 502 623 541 obscuris,
651 506 688 533 ut
711 503 792 534 vitet
815 502 1039 534 imminentem
1063 503 1252 544 perniciem.
1302 502 1527 535 Concinnasse
1551 504 1680 536 videtur
1705 503 1868 545 Keplerus
1891 503 1980 535 hanc

171 553 427 585 admonitionem
452 553 582 582 aestate
608 550 686 581 anni
714 546 815 586 16¹8,
841 549 1029 581 Khleselius
1053 559 1127 581 vero
1151 551 1339 591 principatu
1364 551 1512 591 dejectus
1538 554 1587 583 est
1605 551 1635 583 d.
1656 549 1714 583 20.
1730 550 1809 583 Julii
1833 551 1980 591 ejusdem

171 600 260 632 anni.
299 599 351 630 De
376 602 522 638 tempore
548 596 688 638 quidem,
715 606 777 638 quo
794 596 958 637 Keplerus
983 598 1121 637 priorem
1138 597 1343 642 Prognostici
1369 602 1496 638 partem
1523 599 1763 639 conscripserit,
1789 607 1856 630 non
1881 598 1979 639 plane

171 649 320 683 constat;
357 645 420 677 hoc
445 647 576 676 tantum
601 647 727 676 certum
752 643 899 680 videtur,
939 647 1017 675 ante
1052 644 1138 676 diem
1164 643 1218 675 21.
1244 644 1323 676 ,Iulii
1351 643 1452 677 1618.
1486 645 1576 678 illam
1613 645 1833 687 conscriptam
1869 645 1981 682 fuisse,

171 703 246 726 curn
281 702 359 735 pag.
386 690 455 723 488
488 692 595 723 dicat:
622 714 629 722 .
658 714 665 722 .
692 690 757 722 Die
783 690 981 722 Finsterniss
1013 691 1070 723 der
1107 690 1241 723 Sonnen
1267 715 1275 723 .
1303 715 1312 723 .
1339 716 1347 723 .
1375 692 1434 724 auf
1463 692 1527 725 den
1553 691 1610 724 21.
1636 692 1717 725 Julii
1742 692 1849 724 dieses
1879 689 1979 724 1618.

169 741 289 774 Jahres
308 763 316 771 .
337 763 344 771 .
365 763 373 772 .
398 738 567 771 werden
594 761 601 769 .
621 761 629 769 .
650 761 658 768 .
678 761 686 768 .
714 738 765 769 die
791 737 1007 770 Amerikaner
1031 738 1142 770 sehen.
1206 738 1350 771 Diversis
1377 743 1488 771 autem
1513 740 1713 781 temporibus
1737 739 1981 782 prognosticum

170 794 389 835 conscriptum
416 801 499 828 esse,
526 795 691 823 testantur
716 790 815 822 verba
840 801 870 832 p.
899 788 986 822 488:
1044 787 1124 828 „ich
1163 787 1269 822 hatte
1298 787 1371 822 diss
1400 787 1496 823 mein
1523 787 1804 834 Prognosticum
1832 788 1889 823 bis
1919 789 1982 822 da-

170 843 260 878 hero
288 841 483 881 verstrsset,
514 839 616 874 siehe
645 841 693 874 da
718 838 849 884 kompt
875 839 942 874 mir
971 840 1027 874 die
1055 839 1228 886 Zeitung‚
1261 841 1331 875 wie
1360 853 1442 876 vom
1470 840 1532 876 27.
1553 843 1651 887 Aug.
1681 841 1742 875 ein
1764 841 1892 876 Comet
1918 852 1984 887 ge-

170 896 282 931 sehen
302 895 451 928 worden
471 892 571 934 &c.‚“
604 897 642 927 et
661 903 698 937 p.
721 891 813 927 493:
850 894 954 933 „dess
976 894 1087 939 Tags,
1118 894 1175 928 als
1201 894 1258 928 ich
1279 894 1352 928 diss
1373 895 1536 939 Concept
1556 905 1639 929 zum
1657 893 1982 940 hinwegsohioken

168 948 388 994 verfertigt“
420 946 616 981 nunciatur
642 945 806 980 Lincium
835 951 1013 981 mortuum
1043 957 1124 981 esse
1152 947 1395 982 Archiducem
1422 946 1714 982 Maximilianum
1743 945 1825 991 (13.
1847 943 1983 990 Nov.);

170 1007 311 1048 denique
335 1005 472 1037 ibidem:
520 999 638 1040 „nach
667 998 768 1033 einer
795 1011 916 1033 neuen
943 1000 1143 1045 Beredung
1170 1000 1236 1035 mit
1263 1001 1344 1034 dem
1370 1000 1541 1047 hiesigen
1567 1000 1755 1042 Drucker,
1788 1001 1980 1036 unterdess

171 1055 238 1089 mir
265 1055 339 1089 diss
367 1053 572 1098 Exemplar
600 1052 714 1086 wider
742 1063 790 1086 zu
818 1053 922 1086 Hans
951 1052 1118 1087 kommen
1149 1052 1236 1088 &c.“
1292 1058 1539 1100 Paragraphum
1558 1057 1598 1089 V.
1627 1055 1672 1099 (p.
1697 1055 1782 1095 488)
1807 1067 1882 1090 vero
1906 1052 1981 1098 post

167 1106 373 1139 Khleselium
399 1105 564 1145 deJectum
590 1104 781 1144 conscripsit
806 1103 968 1144 Keplerus
984 1128 992 1140 ‚
1029 1105 1118 1136 haud
1148 1105 1283 1138 obscure
1320 1105 1510 1147 significans
1544 1109 1711 1137 auctorem
1735 1105 1980 1146 Ferdinandum

170 1159 381 1191 archiducem
406 1156 492 1198 (nat.
519 1158 549 1189 d.
577 1155 609 1188 8.
636 1157 714 1189 Julii
739 1167 768 1188 v.
795 1162 835 1188 st.
867 1155 985 1196 1578),
1013 1158 1157 1190 addens:
1191 1165 1253 1194 „es
1282 1153 1330 1188 ist
1358 1154 1446 1188 kein
1475 1153 1648 1200 Ungliick
1675 1153 1711 1188 in
1738 1153 1984 1199 Regimenten

169 1208 228 1243 nie
258 1219 297 1242 so
326 1218 444 1253 gross,
475 1218 515 1241 es
545 1207 667 1240 haben
695 1206 855 1251 gewisse
885 1210 1070 1252 parteyen
1092 1206 1131 1251 jr
1161 1207 1281 1242 Gliick
1308 1208 1380 1242 und
1403 1207 1517 1252 jhren
1545 1206 1691 1242 Schnitt
1718 1206 1899 1253 darbey.“

291 1268 350 1310 18)
376 1281 408 1312 p.
437 1267 515 1301 494.
569 1268 767 1301 Calendaria
793 1278 951 1301 annorum
977 1269 1244 1302 antecedentium
1269 1270 1545 1325 posteriorumque
1567 1270 1670 1307 nulla,
1696 1274 1732 1302 ut
1750 1270 1898 1307 diximus,
1924 1269 1980 1302 de-

170 1318 409 1360 prehendimus.
459 1316 544 1348 Illud
583 1317 626 1348 ad
660 1326 782 1348 annum
810 1315 899 1347 1617
926 1318 994 1357 ipse
1019 1317 1183 1358 Keplerus
1217 1318 1251 1349 in
1287 1318 1466 1358 praemisso
1492 1317 1591 1349 dicit
1609 1315 1656 1358 (p.
1684 1314 1792 1357 488),
1831 1317 1982 1359 idemque

170 1370 300 1407 spectat
325 1365 483 1406 Georgius
519 1364 700 1405 christoph
741 1364 781 1395 de
814 1363 1020 1396 Schallen
1033 1365 1150 1406 berg
1190 1365 1334 1396 Leobaci
1367 1365 1398 1396 d
1425 1364 1456 1396 2.
1481 1365 1558 1397 Jan.
1589 1362 1688 1396 1617.
1725 1365 1810 1397 haec
1845 1365 1982 1407 perscri—

168 1413 248 1444 bens
285 1411 445 1453 Keplero:
494 1412 557 1443 vidi
590 1411 750 1452 propridie
785 1411 1017 1452 Ephemerides
1061 1415 1136 1443 tuas
1180 1412 1268 1453 apud
1306 1411 1470 1454 quendam
1517 1415 1551 1443 et
1586 1412 1690 1443 obiter
1723 1411 1866 1453 percurri
1904 1411 1983 1444 anni

169 1459 283 1492 thema
307 1463 513 1495 extructum,
546 1460 579 1490 in
614 1468 676 1500 quo
701 1468 758 1499 pro
780 1459 894 1499 judicii
918 1459 982 1490 mei
1020 1459 1184 1491 tenuitate
1215 1459 1313 1500 paulo
1338 1459 1481 1500 penitius
1506 1459 1651 1491 animum
1675 1463 1767 1491 tuum
1796 1458 1983 1500 introspexi,

171 1511 210 1539 ut
234 1507 288 1549 qui
311 1506 424 1538 mundi
448 1507 614 1538 vanitates
640 1505 813 1542 immundi,
852 1507 956 1542 rian,
982 1506 1096 1538 laudes
1123 1509 1155 1537 et
1180 1506 1285 1538 fumos
1310 1507 1416 1544 rides,
1456 1506 1499 1539 ad
1533 1505 1680 1538 sedulam
1713 1506 1853 1538 hortaris
1885 1505 1982 1538 officii

150 1555 305 1594 *verioris
332 1554 493 1586 culturam
519 1557 552 1585 et
577 1553 796 1592 concordiam,
824 1562 907 1595 quae
933 1563 995 1595 quo
1022 1553 1132 1585 animo
1157 1554 1214 1585 abs
1234 1557 1267 1586 te
1285 1553 1375 1586 dicta
1391 1557 1445 1586 sat
1468 1553 1542 1585 novi
1552 1565 1563 1596 ςΔ
1588 1553 1643 1585 alii
1666 1563 1734 1585 non
1758 1554 1847 1593 item,
1871 1555 1910 1584 nt
1925 1553 1981 1594 qui

169 1602 288 1642 partim
313 1605 347 1633 te
375 1600 519 1638 atheum,
554 1601 675 1642 partim
700 1599 926 1636 haereticum,
950 1601 1070 1641 partim
1097 1604 1358 1636 assentatorem,
1386 1600 1581 1642 philautnm,
1608 1604 1642 1632 et
1668 1601 1779 1633 nescio
1805 1599 1882 1642 quid
1905 1609 1979 1641 pro-

171 1648 368 1684 clamarunt,
390 1650 486 1688 Juxta
510 1647 600 1684 illud,
627 1648 681 1689 qui
708 1647 808 1679 aedes
833 1648 866 1679 in
891 1649 946 1679 via
972 1647 1103 1684 extruit,
1129 1657 1263 1680 uxorem
1288 1648 1389 1685 ducit,
1421 1652 1455 1679 et
1478 1647 1576 1679 libros
1602 1647 1680 1684 edit,
1706 1657 1742 1679 se
1767 1647 1909 1679 omnium
1935 1647 1981 1678 ori

169 1696 312 1738 exponit.
365 1694 518 1728 officiose
543 1695 644 1737 igitur
668 1695 785 1736 rogito,
810 1698 848 1726 ut
870 1694 933 1726 hoc
958 1705 1031 1727 meo
1056 1694 1177 1727 famulo
1203 1694 1368 1737 exemplar
1393 1694 1494 1733 illius,
1528 1694 1614 1737 quod
1639 1695 1765 1732 dicunt,
1791 1693 1980 1728 Calendarii

170 1743 245 1775 novi
270 1743 487 1780 transmittas,
514 1752 576 1784 quo
603 1741 790 1784 diligentius
818 1743 1006 1775 examinare
1031 1751 1160 1784 queam.
1212 1741 1247 1774 Si
1273 1746 1307 1774 et
1331 1742 1398 1774 alia
1422 1741 1585 1784 quaedam
1614 1751 1701 1774 nova
1725 1741 1770 1774 ad
1793 1750 1849 1773 vos
1878 1749 1979 1782 appu-

170 1791 289 1827 lerunt,
315 1799 369 1822 me
395 1799 506 1822 eorum
531 1789 631 1821 redde
657 1790 860 1831 participem,
889 1799 963 1822 cum
987 1790 1109 1831 primis,
1136 1790 1163 1820 si
1188 1798 1273 1830 quae
1300 1790 1340 1821 de
1364 1789 1586 1826 fraternitate,
1613 1798 1712 1831 quam
1736 1788 1846 1821 Rosae
1867 1786 1980 1820 Crucis

170 1841 309 1874 vocant,
349 1837 488 1878 adeptus
514 1837 631 1873 fueris,
669 1837 709 1868 de
743 1840 805 1878 quo
830 1838 964 1879 negotio
989 1846 1115 1868 summo
1141 1836 1301 1868 desiderio
1327 1836 1595 1878 tuum‚desidero
1616 1836 1787 1877 judicium.
1849 1834 1981 1867 Videris

170 1885 287 1926 quippe
311 1884 391 1916 mihi
413 1885 448 1916 in
473 1884 587 1916 schola
610 1883 845 1925 philosophica,
871 1885 905 1916 in
930 1893 997 1925 qua
1020 1884 1099 1915 nihil
1123 1883 1307 1925 profanum,
1334 1893 1433 1926 agere
1457 1883 1613 1923 militem,
1639 1892 1702 1915 nec
1722 1884 1803 1925 jugo
1827 1881 1883 1914 illo
1909 1891 1976 1914 ser-

169 1932 239 1963 vitii
272 1932 451 1964 scribarum
486 1935 519 1964 et
553 1931 843 1964 cathedriariorum
878 1930 1074 1964 scholastico
1109 1931 1235 1973 premi,
1274 1931 1333 1964 sed
1362 1931 1434 1973 J'ugi
1467 1930 1612 1973 gaudere
1636 1930 1790 1962 libertate
1815 1932 1850 1962 et
1875 1930 1978 1962 animi

169 1979 418 2021 tranquillitate.
445 1994 492 2000 ·-—

286 2037 511 2078 Keplerus
537 2036 580 2068 ad
605 2037 747 2069 amicum
771 2036 1102 2078 Berneggerum
1129 2034 1356 2077 (Argentorati
1380 2033 1609 2077 professorem)
1633 2035 1718 2068 haec
1743 2035 1850 2068 dedit:
1877 2058 1886 2067 .
1912 2058 1920 2067 .
1939 2059 1948 2067 .
1968 2059 1976 2067 .

167 2088 330 2121 Deseror
349 2097 372 2120 a
393 2085 625 2121 Caesarianis
639 2084 716 2119 fisci
735 2084 1045 2129 procuratoribus,
1076 2096 1148 2118 non
1177 2084 1368 2118 solvuntur
1395 2083 1540 2129 reliqua
1558 2095 1658 2125 mea;
1687 2084 1832 2119 videtur
1859 2088 1977 2120 astro-

169 2139 310 2174 nomiae
340 2138 449 2173 matri
476 2139 674 2182 petendum
702 2137 900 2171 subsidium
929 2138 976 2171 ab
1006 2137 1213 2183 astrologia
1241 2136 1487 2172 meretricula.
1528 2137 1570 2172 In
1598 2137 1632 2172 id
1661 2137 1776 2183 igitur
1805 2136 1979 2172 incumbit

170 2192 429 2238 typographus
457 2201 569 2233 meus,
604 2194 646 2224 ut
673 2201 847 2236 magnum
876 2190 1036 2236 aliquem
1063 2201 1249 2225 numerum
1271 2190 1589 2236 prognosticorum
1607 2201 1768 2227 meorum
1788 2191 1976 2231 extrudat,

169 2245 340 2291 cupitque
370 2244 504 2279 certior
531 2244 619 2284 fieri,
649 2254 734 2278 num
763 2243 895 2289 aliquis
924 2255 1095 2278 numerus
1124 2243 1354 2289 Argentinae
1383 2243 1537 2278 distrahi
1564 2243 1694 2289 possit.
1729 2244 1788 2278 En
1815 2243 1885 2278 tibi
1912 2255 1977 2278 ex-

168 2299 327 2343 emplum
367 2297 473 2332 horni
512 2296 758 2343 prognostici;
800 2297 1070 2342 praefationem
1110 2296 1191 2341 ejus
1233 2296 1356 2342 cogito
1396 2298 1570 2331 recudere
1610 2297 1648 2331 in
1675 2296 1862 2343 sequentis
1891 2296 1977 2331 anni

167 2350 415 2397 prognostico,
447 2350 476 2384 si
504 2350 644 2384 vixero
678 2351 770 2384 Eam
800 2355 850 2390 tu,
882 2361 943 2384 cor
972 2350 1178 2390 amicorum,
1207 2350 1293 2395 lege
1322 2353 1364 2384 ut
1391 2354 1639 2395 personatam.
1670 2350 1861 2385 Certatum
1883 2349 1977 2384 enim

166 2404 261 2439 scias
290 2404 326 2438 in
356 2403 516 2439 Comitiis
546 2405 589 2437 de
618 2415 697 2437 meo
727 2403 887 2445 salario,
931 2403 1231 2448 oppugnantibus
1274 2414 1328 2437 me
1357 2402 1542 2448 plerisque
1571 2415 1621 2438 ex
1649 2402 1810 2448 equestri
1839 2402 1975 2443 ordine,

166 2457 445 2492 defendentibus
487 2456 706 2495 baronibus;
749 2456 890 2501 vicique
933 2455 1067 2499 (rerum
1107 2453 1277 2502 ignarus)
1318 2455 1485 2501 pluribus
1513 2456 1619 2491 votis.
1679 2455 1773 2497 Quin
1801 2455 1911 2490 etiam
1940 2455 1977 2489 in
2024 2490 2028 2493 ⁷

166 2511 337 2546 solatium
378 2509 642 2556 ignominiosae
684 2509 971 2555 oppugnationis
1010 2511 1054 2544 ad
1085 2509 1163 2544 Cal.
1192 2509 1274 2543 Jan.
1310 2510 1495 2543 decretum
1532 2509 1620 2550 mihi
1647 2508 1880 2544 honorarium
1908 2518 1975 2554 pro
2022 2519 2028 2523 ·

165 2563 411 2604 dedicatione;
452 2574 606 2604 vereor,
648 2567 689 2597 ut
717 2562 750 2597 id
781 2563 830 2597 sit
858 2573 881 2597 a
909 2562 1108 2596 victoribus
1138 2563 1183 2596 ad
1211 2563 1480 2606 provocandum
1508 2563 1668 2596 dolorem
1697 2561 1813 2610 partis
1842 2561 1974 2596 victae.

166 2617 261 2652 Nam
290 2617 391 2652 nullo
420 2616 502 2651 velo
531 2616 691 2661 palliata
720 2619 777 2650 est
805 2615 941 2649 invidia
969 2626 1127 2650 meorum
1165 2614 1473 2656 adversarioruin3
1515 2618 1664 2650 constat
1703 2614 1800 2650 inter
1839 2624 1973 2654 omnes,

166 2669 358 2717 religionis
387 2681 469 2704 esse
499 2679 658 2711 causam,
690 2679 925 2714 quaecunque
955 2668 1031 2703 alia
1058 2672 1295 2714 praetexant.

285 2724 389 2758 Haec
417 2726 460 2757 ut
488 2722 593 2756 amici
621 2722 657 2756 in
685 2722 803 2756 sinum
831 2722 987 2756 effundo.
1045 2722 1098 2756 Tu
1127 2722 1223 2764 vale,
1253 2732 1380 2767 meque
1411 2731 1504 2756 ama.

379 2775 495 2811 Lincii
526 2776 559 2810 d.
593 2775 627 2809 7.
657 2775 763 2809 Febr.
798 2773 910 2810 1617.

286 2837 411 2878 Quibus
437 2848 536 2880 quum
560 2837 724 2879 Keplerus
750 2837 911 2869 addiderit
936 2837 1099 2878 quaedam
1125 2837 1166 2869 de
1183 2837 1268 2869 Jano
1293 2837 1394 2869 Grin
1403 2837 1574 2879 galleta,
1601 2845 1697 2878 quem
1721 2836 1782 2877 ipsi
1807 2845 1970 2868 commen·

166 2885 325 2917 daverant
347 2886 646 2928 Berneggerus
673 2889 707 2917 et
731 2885 959 2916 Florianus
986 2883 1157 2916 Crusius
1184 2883 1352 2924 (Polonus,
1377 2884 1462 2916 med.
1491 2883 1613 2920 doctor,
1639 2887 1709 2914 tum
1733 2884 1885 2924 temporis
1909 2884 1971 2915 Ar—

166 2934 323 2974 gentinae
348 2942 483 2965 versans
509 2932 688 2964 studiorum
714 2940 827 2967 causa,
856 2929 1069 2963 Socianorum
1095 2932 1231 2972 posthac
1257 2935 1372 2963 auctor
1397 2930 1560 2968 celeber).
1595 2930 1638 2962 ad
1673 2929 1853 2970 juvandum
1879 2930 1969 2972 Kep-

2012 2783 2028 2851 ἐ

2010 2854 2028 2928 i

163 2978 266 3010 lerum
292 2980 325 3011 in
351 2979 486 3011 calculis
501 3003 509 3016 ‚
537 2984 570 3011 et
595 2989 630 3011 se
656 2979 861 3010 excusaverit
884 2977 968 3010 mole
993 2979 1199 3020 negotiorum
1214 3002 1223 3015 ,
1249 2988 1307 3011 cur
1331 2979 1437 3010 minus
1461 2977 1659 3018 respondeat
1683 2976 1809 3014 Crusio,
1835 2986 1968 3018 respon·
2007 2987 2016 3017 ss

165 3026 289 3057 sionem
323 3026 365 3058 ad
390 3026 523 3068 Kepleri
557 3026 669 3058 literas
706 3027 741 3057 in
765 3035 800 3057 se
827 3025 969 3066 suscepit
995 3024 1174 3057 Crusius
1206 3026 1293 3057 hunc
1318 3026 1352 3057 in
1376 3025 1526 3057 modum:
1554 3023 1664 3059 Tuas,
1701 3023 1749 3054 vir
1785 3033 1910 3056 summe
1937 3027 1970 3055 et
2006 3027 2009 3032 “

166 3073 297 3111 optime,
323 3073 435 3104 literas
461 3082 482 3104 a
505 3073 607 3104 tribus
633 3074 697 3104 tuis
723 3073 857 3104 summis
882 3073 1007 3107 amicis,
1030 3073 1195 3111 servitore,
1223 3073 1430 3104 observatore
1456 3076 1490 3104 et
1515 3070 1647 3109 cultore,
1676 3070 1854 3102 clarissimo
1880 3070 1969 3102 vide·
1999 3067 2007 3107 ἶ

165 3118 242 3151 licet
267 3119 309 3151 D.
338 3119 382 3151 M.
410 3120 637 3163 Bemeggero‚
672 3124 741 3151 tum
778 3118 820 3150 D.
856 3119 1070 3161 Gringalleto,
1108 3125 1140 3151 et
1171 3130 1224 3152 me
1259 3119 1379 3151 dudum
1418 3118 1636 3161 exspectatas,
1662 3116 1719 3149 lv.
1745 3117 1831 3150 Non.
1858 3117 1970 3156 Martii
