1982 3268
762 98 923 131 saisonis
946 98 1142 140 pomam.
1194 129 1201 138 ,
1780 96 1863 139 105

53 202 206 256 reliquo
236 202 357 244 etiam
389 203 550 244 dimidio
582 182 794 244 excurrat?
853 203 890 244 Ε
922 202 1062 258 Styria
1091 204 1290 256 quondam
1304 232 1316 251 ,
1348 210 1393 245 nt
1424 204 1528 253 dixi,
1561 205 1615 245 ad
1645 205 1860 255 Braheum,

53 262 95 303 id
125 267 192 302 est
220 262 273 302 ad
303 275 421 315 opus
450 262 744 303 Tabularum
774 262 1195 315 Rudolphinarum
1226 264 1524 312 maturandum,
1555 264 1762 316 profectus
1792 271 1859 305 est
1924 270 1934 292 1'

53 320 212 361 libellus
241 320 332 370 iste,
365 334 426 362 me
460 322 607 362 latore:
640 322 734 375 quid
765 321 961 370 insolens,
1006 321 1100 374 quid
1136 322 1238 362 adeo
1269 322 1443 362 alienum
1480 337 1504 362 a
1534 323 1707 375 pristino
1737 323 1861 364 insti-
1911 326 1919 363 ἱ.

55 385 143 420 tuto
171 384 322 425 vestro,
354 379 561 428 Proceres,
593 381 685 434 qnid
718 380 886 433 denique
918 393 995 420 non
1026 385 1185 432 gratum
1215 381 1470 421 Ferdinando
1502 381 1739 432 Imperatori
1771 382 1861 424 Au·

53 443 196 491 gusto,
239 438 439 492 Rudolphi
471 444 566 492 post
594 439 814 480 Matthiam
845 438 1088 487 successori,
1133 439 1335 488 feceritis,
1383 439 1419 480 si
1450 446 1720 481 revertentem
1756 455 1861 483 nunc
1912 456 1914 459 ’

5 525 9 530 -
52 497 250 547 libellum,
274 503 453 539 veterem
480 498 664 539 clientem
689 503 879 546 vestrum,
914 498 963 538 de
995 498 1114 538 rebus
1144 497 1301 539 interea
1332 499 1460 551 gestis
1498 499 1691 549 audiatis,
1725 501 1760 541 si
1789 506 1858 542 ta-
1892 505 1894 509 ’

53 556 232 597 bularum
263 569 362 610 opus
394 557 634 598 laboriosum
665 562 706 597 et
737 556 973 603 sollicitum,
1016 555 1051 597 si
1083 557 1249 597 delicias
1282 557 1443 598 humani
1472 559 1652 611 generis,
1700 560 1735 599 si
1772 559 1861 600 Ru·
1898 572 1905 583 ¹>

53 615 189 667 dolphi
213 615 472 668 Imperatoris
503 629 644 656 nomen
675 616 935 668 honoresque,
968 615 1126 656 modica
1145 616 1391 657 liberalitate
1415 618 1708 669 promovendos
1727 618 1860 659 susci-
1928 639 1929 642 ¹

52 673 197 727 piatis:
228 674 264 715 si
294 674 398 715 hanc
417 675 732 716 vetustissimam
757 674 1131 715 mathematicarum
1151 675 1451 728 disciplinarum
1471 676 1701 717 clientelam
1722 677 1862 718 domus

0 754 2 757 v
52 732 288 782 Austriaca,
327 747 376 774 ne
414 733 489 774 hoc
526 734 683 787 quidem
721 733 962 786 gravissimo
998 739 1108 774 motu
1145 745 1360 783 concussa,
1418 735 1692 775 intercedente
1724 742 1863 777 vestra
1924 773 1926 776 .

53 792 353 833 succenturiata
380 793 656 846 providentia,
689 792 869 834 dimittat
899 792 1101 833 exterisve
1132 793 1280 833 cedat?
1896 836 1898 838 ,

169 851 247 891 Hic
276 851 398 903 igitur
428 851 693 892 dedicationis
724 851 842 904 hujus
877 851 1076 903 repetitae
1108 863 1252 904 scopus
1283 856 1397 901 esto,
1437 864 1554 905 quem
1586 852 1621 893 si
1653 866 1679 892 a
1708 858 1860 902 vestra,
1896 863 1933 911 ᾗ

0 986 7 1019 i
51 975 98 1025 ut
125 968 356 1022 priusquam
385 981 461 1022 ego
484 969 762 1023 Rudolphinas
799 969 838 1010 in
878 970 1005 1010 lucem
1043 969 1246 1020 proferam
1282 970 1502 1022 colophone
1540 971 1616 1012 hoc
1648 976 1860 1012 restaura·
1904 996 1905 999 =

52 1027 152 1069 tioni
183 1028 476 1069 astronomicae
506 1029 717 1082 imposito:
757 1033 1007 1069 restauratus
1038 1028 1112 1068 sub
1142 1028 1177 1068 F
1179 1028 1396 1069 erdinando
1427 1030 1481 1069 Il.
1513 1035 1611 1082 post
1647 1042 1773 1070 annos
1812 1031 1864 1072 ab

52 1099 219 1127 excessu
249 1087 490 1128 Ferdinandi
523 1088 555 1129 1.
587 1088 717 1128 minus
747 1086 980 1138 sexaginta,
1013 1086 1307 1139 provinciarum
1332 1088 1638 1129 Austriacarum
1674 1090 1863 1143 antiquus

53 1146 121 1186 ille
151 1145 368 1198 quinarius,
401 1146 596 1198 repressis
628 1146 744 1187 bellis
776 1145 970 1194 civilibus,
1004 1150 1047 1186 et
1071 1158 1172 1198 pace
1199 1159 1330 1187 rerum
1355 1147 1508 1199 optima
1526 1148 1705 1196 reducta,
1734 1149 1863 1190 denuo
1906 1183 1909 1185 a

10 1231 12 1234 >
48 1199 260 1258 pristinum
297 1205 338 1245 in
375 1205 544 1246 nitorem
576 1206 826 1253 efflorescat3
857 1205 960 1257 quod
992 1217 1128 1253 omen,
1163 1205 1378 1258 angoribus
1408 1207 1460 1247 ob
1493 1207 1600 1247 mala
1628 1209 1864 1259 praesentia

14 1359 15 1362 ,
52 1322 169 1374 gnine
203 1323 428 1371 redemtae‚
477 1322 672 1375 propitius
709 1323 850 1367 firmet,
883 1322 982 1362 iram
1022 1335 1137 1363 suam
1183 1323 1346 1363 tandem
1367 1337 1410 1363 ⁴a
1445 1325 1559 1365 nobis
1598 1337 1786 1366 aversam
1822 1327 1861 1366 in

52 1385 194 1434 gentes
230 1381 441 1422 ecclesiam
472 1388 681 1422 vastantes
718 1387 949 1429 convertat,
994 1380 1202 1433 imperium
1238 1381 1481 1424 Ferdinaudi
1518 1384 1568 1424 ΙΙ.
1601 1384 1702 1436 Imp.
1737 1385 1860 1438 Aug„

53 1440 265 1481 exstinctis
305 1440 451 1481 irarum
491 1440 700 1481 incentivis
738 1440 907 1480 salutari
951 1439 1189 1480 clementiae
1227 1453 1327 1481 aura
1371 1442 1600 1494 mitigatum
1631 1450 1862 1497 prosperet;

53 1511 131 1551 qna
160 1500 317 1540 ratione
341 1505 383 1539 et
414 1499 572 1553 Styria,
607 1501 788 1540 fortunae
822 1511 936 1539 meae
965 1498 1096 1550 prima
1121 1499 1378 1546 incunabula,
1418 1513 1584 1554 cumque
1615 1501 1697 1556 illav
1716 1508 1760 1544 et
1788 1515 1862 1544 vos

27 1592 29 1594 .
54 1557 373 1598 reverendissimi
405 1559 779 1611 generosissimique
810 1558 1018 1604 Proceres,
1051 1557 1124 1598 sub
1156 1557 1231 1598 alis
1252 1558 1422 1612 aquilae
1455 1561 1532 1601 tuti
1564 1573 1590 1601 a
1619 1561 1776 1603 vulture
1806 1562 1859 1603 li-

53 1616 243 1665 mitaneo‚
273 1629 481 1671 rerumque
513 1618 685 1658 omnium
717 1617 833 1670 copia
863 1615 1095 1668 locupletes,
1129 1617 1168 1657 iu
1200 1629 1326 1658 annos
1358 1618 1586 1668 innumeros
1612 1620 1859 1673 perduretis:

26 1723 28 1725 ,
55 1675 196 1727 quibus
227 1675 365 1716 debita
395 1689 483 1716 cum
514 1677 771 1717 veneratione
803 1689 864 1715 me
895 1675 1144 1715 commendo.

39 1760 41 1762 -
79 1773 90 1777 ,
172 1734 336 1775 Valete.
398 1735 554 1775 Dabam
586 1734 844 1776 Frankofurti
875 1732 945 1775 20.
980 1731 1095 1782 (30.)
1125 1734 1235 1775 Junii
1265 1731 1390 1776 1621.

106 1795 116 1801 ”
459 1793 562 1835 Rev.
595 1801 638 1835 et
669 1794 772 1835 Gen.
805 1794 916 1845 Mag.
950 1793 1005 1833 V.

1045 1850 1318 1892 deditissimus
1350 1852 1478 1894 cliens

782 1910 972 1951 Joames
1000 1908 1231 1963 Keplerum
1263 1911 1357 1951 olim
1388 1910 1551 1966 Styriae
1581 1924 1801 1964 procerum,

755 1975 849 2022 post
880 1969 1007 2022 Impp.
1031 1967 1174 2010 Caess.
1202 1969 1406 2022 Rudolphi
1437 1977 1479 2011 et
1497 1971 1712 2021 Matthiae,
1746 1972 1772 2013 l.
1807 1987 1860 2015 m.

751 2028 864 2068 ordd.
893 2041 930 2081 q.
953 2027 1145 2069 Austriae
1174 2026 1512 2085 Supr-Anisanae
1533 2031 1860 2073 Mathematicus.

51 909 259 959 Proceres,
291 910 590 964 magnificentia
621 911 732 951 fuero
763 915 1043 962 consequutuS,
1076 910 1117 950 id
1148 923 1264 951 omen
1297 911 1391 951 mihi
1410 912 1626 952 maximum
1651 912 1740 961 erit,
1764 913 1862 961 fore,
1925 925 1930 933 ¹

14 1267 15 1270 ’
51 1276 128 1304 non
159 1264 303 1305 leviter
332 1270 578 1317 quassatum,
612 1265 720 1304 Deus
752 1264 850 1316 Opt.
883 1265 992 1304 Max,
1026 1263 1283 1304 miseratione
1317 1264 1536 1311 ecclesiae,
1569 1266 1638 1306 filii
1670 1266 1733 1306 sui
1764 1280 1863 1307 san·
1920 1267 1922 1274 '
