2028 3242
176 107 262 150 436
913 108 966 140 De
1001 109 1237 141 Fundamentis
1275 139 1280 143 ,

176 217 210 258 si
243 219 432 268 aspectus
464 213 618 253 ratione
650 224 846 264 geneseos
879 212 1090 253 familiaris
1123 214 1178 254 sit
1206 213 1409 255 individuo
1439 215 1524 265 ini,
1557 217 1662 271 quod
1693 213 1982 256 consideratur.

174 277 266 317 Non
298 279 362 314 est
392 273 474 312 ista
499 271 727 325 sympathia
757 277 921 323 propter
952 276 1312 324 temperamentum
1332 275 1520 326 corporis,
1554 281 1599 316 ut
1617 275 1773 317 coelum
1791 273 1832 314 in
1851 269 1983 314 aerem

175 339 284 386 agat,
317 330 382 372 hic
413 331 455 371 in
485 336 846 383 temperamentum
876 331 1072 382 corporis,
1119 336 1160 371 et
1191 332 1266 372 hoc
1297 332 1336 371 in
1369 333 1564 383 animum
1595 331 1669 377 s'ed
1698 337 1839 375 contra
1869 343 1982 373 com-

172 392 326 445 patitur
357 391 510 431 animus
543 390 654 429 coelo
686 401 758 443 pter
789 402 844 437 se,
880 389 972 442 quia
1004 388 1284 442 cognationem
1317 390 1440 436 habet
1470 405 1559 433 cum
1589 391 1745 434 luceet
1762 388 1980 439 harmonia,

173 456 266 504 post
300 450 420 490 etiam
453 461 596 501 corpus
630 461 744 488 suum
774 449 1051 489 transformat.
1113 450 1176 490 Ac
1218 463 1304 490 cum
1343 450 1460 490 homo
1498 450 1554 493 sit
1595 451 1751 493 animal-
1777 446 1981 498 sociabile,

173 510 345 550 maxime
377 508 498 560 igitur
529 508 735 547 sociantur
768 507 886 549 animi
920 509 971 548 ad
1002 508 1203 560 publicum
1236 522 1359 560 opus,
1397 510 1566 551 sociatis
1589 510 1645 550 in
1676 509 1787 551 coelo
1818 519 1983 562 geome-

174 570 273 609 trice
306 568 558 620 planetarum
592 566 730 606 radiis.
787 566 874 606 Hoc
907 573 1040 607 autem
1071 567 1276 619 negotium
1306 573 1421 608 tanto
1453 568 1601 610 rectius
1631 567 1803 610 tractari
1831 571 1981 620 potest,

174 628 209 668 si
241 640 375 667 eorum
410 638 579 678 geneses
611 625 649 665 in
683 629 841 677 promtu
873 626 972 675 sint,
1014 625 1079 678 qui
1118 628 1182 674 (ut
1214 627 1440 680 Tychonico
1464 628 1605 668 'verbo
1647 628 1758 676 utar)
1792 626 1878 668 fata
1906 637 1984 678 pu-

173 687 279 727 blica
310 686 544 738 gubernant.

895 742 1073 783 Thesis
1106 740 1257 784 LXIX.

291 803 350 843 At
381 803 560 854 profecto
594 801 873 842 stultissimum
906 806 992 848 est,
1038 801 1131 842 hinc
1169 802 1362 855 specialia
1391 807 1556 855 petere,
1597 807 1640 843 et
1678 801 1803 850 talia,
1851 800 1985 855 qualia

174 863 318 903 curiosi
350 862 388 900 in
423 860 662 900 calendariis
696 865 904 912 quaerunt.
945 858 1064 906 Quod
1097 860 1202 901 enim
1233 861 1272 901 in
1304 861 1592 913 meteorologia
1623 861 1718 910 dixi,
1745 860 1809 901 hic
1831 871 1984 913 quoque

174 921 413 967 tenendum3
446 919 544 959 nihil
576 919 627 959 ab
660 919 882 971 astrologia
913 919 997 970 peti
1029 932 1169 971 posse,
1215 933 1331 972 quam
1371 932 1579 960 excessum
1610 920 1783 974 aliquem
1811 919 1984 971 impetus

173 981 412 1020 animorum:
446 978 512 1030 qui
544 991 622 1030 qua
653 977 693 1017 in
725 991 767 1018 re
801 978 955 1018 futurus
987 978 1059 1027 sit,
1098 991 1222 1031 penes
1250 978 1494 1020 liberrimum
1531 979 1593 1020 1ιι
1609 978 1784 1031 politicis
1814 974 1984 1019 hominis

173 1038 401 1086 arbitrium,
435 1037 512 1077 Dei
543 1036 774 1088 imaginem,
821 1051 896 1077 non
930 1042 1097 1077 naturae
1129 1037 1324 1087 sobolem,
1358 1050 1560 1091 penesque
1592 1050 1738 1079 causas
1769 1035 1878 1078 alias
1905 1040 1983 1079 est..

172 1099 258 1137 Pax
289 1097 411 1149 igitur
444 1110 494 1135 an
525 1096 674 1135 bellum
706 1095 743 1135 in
779 1096 959 1149 qualibet
989 1096 1151 1148 regione
1185 1097 1358 1137 futurum
1391 1097 1463 1145 sit,
1497 1096 1698 1150 judicent
1712 1109 1844 1138 rerum
1873 1094 1983 1148 poli-

174 1157 341 1197 ticarum
385 1155 528 1206 periti,
576 1154 716 1207 quibus
760 1168 836 1194 non
881 1155 1012 1195 minus
1057 1155 1191 1207 aliqua
1234 1155 1490 1208 praedicendi
1524 1156 1696 1201 facultas
1720 1159 1839 1205 est,-
1864 1166 1982 1207 quam

174 1215 394 1266 astrologo
458 1214 565 1255 Nam
597 1219 639 1253 et
669 1213 814 1265 politia
845 1227 959 1254 suum
992 1214 1114 1254 habet
1145 1227 1319 1260 morem,
1364 1220 1409 1255 ut
1446 1214 1504 1256 ita
1536 1214 1690 1265 dicam,
1734 1227 1812 1254 non
1834 1213 1982 1265 miuus

174 1288 293 1327 quam
325 1273 426 1313 coeli
459 1273 642 1312 influxus.
705 1272 765 1313 At
798 1273 833 1312 si
866 1286 944 1326 qua
975 1273 1012 1313 in
1046 1273 1208 1325 regione
1240 1274 1389 1314 bellum
1422 1273 1516 1322 erit,
1556 1273 1813 1327 sequentibus
1848 1271 1981 1327 potis-

172 1334 312 1373 simum
333 1332 472 1372 diebus
494 1332 615 1371 animi
634 1331 804 1372 militum
826 1333 1048 1385 ducumque
1081 1333 1133 1372 ad
1154 1337 1461 1385 strategemata,
1481 1345 1652 1386 pugnas,
1673 1332 1787 1376 rixas
1800 1331 1982 1387 aliosque

172 1397 303 1432 motus
336 1391 483 1443 promti
515 1397 630 1430 exunt
668 1389 730 1431 12.
765 1390 857 1431 Jan.
904 1389 944 1431 5
971 1389 1049 1432 -1.4
1084 1388 1153 1432 24.
1181 1392 1298 1432 Febr.
1343 1390 1383 1432 5.
1422 1388 1484 1432 14.
1516 1391 1639 1432 Mart.
1686 1388 1726 1432 5.
1747 1388 1817 1432 25.
1849 1388 1980 1443 April.

171 1449 211 1491 4.
256 1447 929 1501 12.31.Maji‚9.21.Junii,
987 1446 2028 1516 8.13.19.Ju111,1.9.15.25.30.A51g.=·

171 1506 240 1551 20.
264 1508 331 1550 27.
357 1508 470 1561 Sept
506 1507 543 1550 3.
567 1508 710 1549 Octob.
744 1507 783 1549 5.
811 1508 875 1550 18.
897 1507 967 1550 30.
990 1510 1158 1550 Novem.
1197 1508 1265 1551 25.
1294 1509 1483 1550 Decemb.
1543 1509 1651 1551 Nam
1681 1508 1723 1551 id
1749 1506 1983 1563 expetentia
2024 1526 2028 1527 ⁷

171 1569 392 1608 confirmat.

910 1626 975 1665 Th
986 1639 1005 1665 e
1015 1626 1082 1666 sis
1115 1626 1245 1666 LXX.

287 1686 423 1724 Motus
457 1689 589 1724 autem
622 1685 871 1724 universales
905 1698 974 1725 seu
1007 1685 1219 1725 admodum
1257 1685 1474 1734 notabiles,
1522 1654 1593 1726 aut
1629 1686 1748 1738 plane
1780 1682 1898 1734 novi,
1909 1696 1982 1728 3Χ
2016 1680 2028 1738 J

169 1745 280 1785 coelo
320 1743 480 1795 quidem
518 1756 595 1782 non
634 1743 821 1783 videntu1
858 1743 1094 1795 significari3
1138 1757 1226 1784 cum
1258 1743 1459 1785 Saturnus
1501 1749 1543 1785 et
1572 1744 1732 1796 Jupiter
1768 1742 1844 1784 hoc
1875 1754 1979 1784 anno

168 1817 245 1843 non
278 1803 587 1854 configurentur,
622 1803 802 1854 quamvis
836 1803 988 1842 coelum
1020 1817 1099 1843 una
1129 1808 1287 1843 tantum
1326 1808 1367 1843 et
1397 1803 1703 1855 generalissima
1738 1814 1866 1846 causa
1892 1801 1980 1854 sig·
2023 1823 2028 1843 ε

169 1875 337 1914 numque
371 1861 427 1901 sit
457 1873 691 1912 magnorum
723 1866 912 1901 motuum.
2023 1849 2028 1898 i

284 1922 387 1960 Nam
421 1920 460 1959 in
494 1920 610 1959 rebus
644 1920 923 1960 subluna1ibus
957 1920 1154 1960 accedunt
1186 1919 1267 1960 alia
1286 1919 1416 1972 magis
1442 1919 1702 1971 particularia
1721 1920 1765 1960 et
1783 1918 1977 1972 genuina,
1975 1880 2028 1977 11

168 1993 268 2032 quae
309 1978 544 2045 praevidere
582 1991 659 2018 non
699 1984 762 2018 est
801 1979 1007 2030 astrologi.
1061 1978 1346 2019 Consideretur
1390 1978 1511 2030 igitur
1547 1978 1614 2019 ille
1646 1978 1795 2024 Terrae
1831 1979 1977 2026 motus,
2009 2001 2028 2020 ι

167 2039 230 2090 qui
264 2037 456 2090 superiori
478 2037 705 2088 Septembri
738 2037 830 2077 anni
868 2035 990 2078 1601.
1026 2042 1155 2077 ιοιιιιιι
1186 2036 1319 2076 Rheni
1352 2042 1525 2078 tractum
1557 2042 1599 2077 et
1622 2036 1783 2089 vicinas
1793 2036 1978 2090 regiones
2006 2021 2028 2091 {⁵

166 2097 326 2136 insolite
373 2096 592 2148 quassavit.
656 2097 760 2135 Nam
803 2101 843 2136 et
883 2096 1108 2136 Insubriam
1153 2108 1239 2135 eum
1277 2095 1390 2135 aiunt
1432 2095 1621 2138 sensisse.
1684 2095 1819 2136 Haec
1835 2106 2008 2137 moneo
2004 2058 2028 2126 1

165 2168 242 2195 ιιοιι
275 2168 325 2194 ex
357 2155 589 2221 astrologia,
625 2167 712 2194 cum
745 2156 891 2195 Terrae
924 2159 1054 2194 motus
1088 2160 1239 2195 astrum
1266 2167 1342 2195 non
1369 2154 1434 2204 sit,
1463 2155 1534 2195 sed
1569 2168 1619 2196 ex
1638 2154 1979 2223 contemplatione
2018 2127 2027 2207 1

166 2214 321 2261 mundi,
361 2219 402 2253 et
440 2213 613 2253 omnium
653 2219 892 2266 temporum,
928 2226 978 2253 ex
1010 2227 1086 2266 qua
1117 2214 1252 2254 videie
1294 2219 1397 2263 est,
1423 2219 1558 2255 motus
1591 2226 1789 2255 armorum
1820 2213 2005 2255 animo-⁵

164 2285 327 2325 rumque
362 2273 489 2312 solere
523 2272 648 2325 sequi

2016 2208 2023 2282 3

2012 2283 2028 2346 5}

881 2331 1059 2371 Thesis
1091 2330 1246 2372 LXXI.

236 2418 239 2421 ,
284 2389 462 2442 Adjungi
507 2402 556 2429 ex
598 2389 820 2442 ast1ologia
863 2395 1032 2442 quatuor
1063 2390 1315 2441 potissimum
1346 2394 1528 2442 possunt,
1577 2401 1678 2441 quae
1703 2373 1979 2441 praecipuam
2012 2404 2015 2437 ;

164 2449 313 2488 habent
345 2449 564 2515 emphasin,
600 2449 761 2500 eclipsis
795 2448 901 2489 Solis
934 2449 974 2488 in
1007 2445 1058 2489 3⁰
1087 2452 1155 2498 ὅ,
1191 2448 1348 2488 sextilis
1381 2447 1544 2491 Saturni
1577 2453 1619 2487 et
1647 2447 1794 2488 Martis
1825 2445 1978 2490 statio·
1995 2480 2014 2513 5

163 2508 281 2555 naiii,
318 2508 381 2559 qui
414 2520 484 2559 per
515 2513 641 2547 totum
675 2503 756 2566 fere
789 2508 1023 2548 Januarium
1057 2513 1098 2547 et
1127 2507 1387 2548 Februarium
1418 2508 1560 2556 durat,
1607 2510 1649 2546 et
1674 2505 1797 2554 Junio
1835 2518 1996 2553 mense·
2004 2515 2012 2558 5

161 2566 400 2606 revertitui:
436 2567 661 2618 conjunctio
693 2567 808 2607 Jovis
842 2572 883 2606 et
913 2566 1060 2607 Martis
1091 2567 1166 2606 fine
1186 2565 1296 2616 Julii,
1329 2565 1554 2618 conjunctio
1574 2563 1740 2605 Saturni
1765 2569 1807 2604 et
1825 2554 1981 2617 Μ3ιιι3
1987 2574 2010 2632 5

159 2638 293 2664 mense
327 2624 571 2677 Septembri.
634 2626 822 2675 Primum,
857 2626 1105 2678 experientia
1136 2630 1311 2665 testatur
1343 2626 1380 2666 in
1413 2636 1558 2677 genere
1590 2623 1718 2664 3013ι3
1746 2635 1838 2663 esse
1858 2615 2008 2691 atto-²553

161 2684 293 2733 nitos,
341 2685 510 2736 pavidos
556 2690 624 2724 aut
669 2690 823 2725 erectos
867 2685 908 2724 in
948 2679 1268 2736 expectationem
1312 2697 1443 2724 rerum
1476 2695 1666 2728 novarum
1697 2680 1850 2721 animos
1895 2660 2007 2733 sab}

159 2744 232 2782 has
263 2743 379 2782 binas
413 2743 726 2795 conjunctiones.
791 2742 904 2789 Quae
938 2756 1002 2783 ies
1034 2743 1073 2782 in
1104 2743 1305 2783 hominum
1331 2754 1480 2793 magna
1504 2739 1756 2781 multitudine
1783 2751 1862 2780 uno
1881 2735 2005 2780 loco

159 2807 418 2853 congregata,
453 2803 518 2842 vel
550 2803 600 2842 ad
631 2803 872 2854 patrandum
904 2801 1071 2855 aliquid,
1105 2803 1169 2842 vel
1202 2802 1250 2841 ad
1284 2801 1438 2849 clades,
1472 2805 1517 2839 ut
1547 2797 1796 2851 experientia
1824 2782 1995 2865 bellica}

158 2865 344 2909 testatur,
380 2874 567 2912 magnum
598 2862 722 2901 habet
753 2867 1009 2902 momentum.
1073 2860 1220 2901 Incidit
1263 2860 1398 2900 clades
1436 2857 1649 2910 Agriensis
1682 2868 1784 2897 anno
1823 2853 1895 2898 96.
1918 2840 2000 2904 in}

160 2893 384 2970 oppositu'm
415 2919 529 2959 Jovis
564 2924 604 2959 et
635 2920 802 2960 Martis:
843 2919 1006 2972 nuptiae
1039 2920 1074 2958 Ι
1077 2919 1281 2959 utetianae
1314 2918 1352 2958 in
1384 2916 1699 2969 conjunctionem
1729 2913 1896 2956 Saturni
1927 2905 1998 2967 eti

158 2977 301 3016 Martis
346 2978 485 3017 itidem
528 2979 567 3018 in
607 2978 824 3030 Scorpione
858 2991 959 3018 anno
996 2975 1121 3018 1572.
1143 2974 1198 3026 ¹⁵)
1261 2975 1352 3022 Qua
1394 2977 1433 3016 in
1473 2973 1793 3019 consideratione
1830 2957 1995 3044 populij

159 3036 372 3087 magistros
405 3046 446 3076 et
478 3042 652 3077 rectores
685 3037 861 3078 exerceri
894 3037 1075 3090 equidem
1107 3049 1184 3077 non
1216 3035 1356 3076 inutile
1389 3033 1624 3075 existimem.
1686 3033 1802 3075 Nam
1825 3032 1877 3098 ad
1894 3045 1964 3073 re-
1986 3051 1992 3057 «·

1971 3067 1991 3116 r}

1969 3111 1989 3173 ᾗ
