<?xml version="1.0" encoding="UTF-8"?>
<!DOCTYPE html PUBLIC "-//W3C//DTD XHTML 1.0 Transitional//EN"
    "http://www.w3.org/TR/xhtml1/DTD/xhtml1-transitional.dtd">
<html xmlns="http://www.w3.org/1999/xhtml" xml:lang="en" lang="en">
 <head>
  <title>
</title>
<meta http-equiv="Content-Type" content="text/html;charset=utf-8" />
  <meta name='ocr-system' content='tesseract 3.04.00' />
  <meta name='ocr-capabilities' content='ocr_page ocr_carea ocr_par ocr_line ocrx_word'/>
</head>
<body>
  <div class='ocr_page' id='page_1' title='image "./operaomniaedidit01kepluoft_0176.png"; bbox 0 0 2028 3242; ppageno 0'>
   <div class='ocr_carea' id='block_1_1' title="bbox 201 64 1327 111">
    <p class='ocr_par' dir='ltr' id='par_1_1' title="bbox 201 64 1327 111">
     <span class='ocr_line' id='line_1_1' title="bbox 201 64 1327 111; baseline -0.009 -3"><span class='ocrx_word' id='word_1_1' title='bbox 201 64 284 108; x_wconf 82' lang='grc'>154</span> <span class='ocrx_word' id='word_1_2' title='bbox 883 65 1034 107; x_wconf 78' lang='lat' dir='ltr'>Mysterii</span> <span class='ocrx_word' id='word_1_3' title='bbox 1059 66 1327 111; x_wconf 76' lang='lat' dir='ltr'>Cosmographici</span> 
     </span>
    </p>
   </div>
   <div class='ocr_carea' id='block_1_2' title="bbox 196 170 2019 934">
    <p class='ocr_par' dir='ltr' id='par_1_2' title="bbox 196 170 2016 507">
     <span class='ocr_line' id='line_1_2' title="bbox 198 170 2013 224; baseline -0.001 -11"><span class='ocrx_word' id='word_1_4' title='bbox 198 172 361 213; x_wconf 89' lang='lat' dir='ltr'>Terreni</span> <span class='ocrx_word' id='word_1_5' title='bbox 393 176 590 220; x_wconf 88' lang='lat' dir='ltr'>mutetur,</span> <span class='ocrx_word' id='word_1_6' title='bbox 638 183 784 213; x_wconf 88' lang='lat' dir='ltr'>novum</span> <span class='ocrx_word' id='word_1_7' title='bbox 816 178 970 212; x_wconf 83' lang='lat' dir='ltr'>struam</span> <span class='ocrx_word' id='word_1_8' title='bbox 1008 172 1215 213; x_wconf 88' lang='lat' dir='ltr'>mundum:</span> <span class='ocrx_word' id='word_1_9' title='bbox 1262 176 1303 211; x_wconf 87' lang='lat' dir='ltr'>et</span> <span class='ocrx_word' id='word_1_10' title='bbox 1326 173 1422 212; x_wconf 70' lang='lat' dir='ltr'>&#39;cum</span> <span class='ocrx_word' id='word_1_11' title='bbox 1459 171 1570 224; x_wconf 83' lang='lat' dir='ltr'>prius</span> <span class='ocrx_word' id='word_1_12' title='bbox 1609 170 1857 224; x_wconf 86' lang='lat' dir='ltr'>investigata</span> <span class='ocrx_word' id='word_1_13' title='bbox 1895 170 2013 212; x_wconf 86' lang='lat' dir='ltr'>fuerit</span> 
     </span>
     <span class='ocr_line' id='line_1_3' title="bbox 198 229 2013 284; baseline -0.002 -13"><span class='ocrx_word' id='word_1_14' title='bbox 198 231 249 271; x_wconf 86' lang='lat' dir='ltr'>ab</span> <span class='ocrx_word' id='word_1_15' title='bbox 282 231 499 270; x_wconf 84' lang='lat' dir='ltr'>artificibus</span> <span class='ocrx_word' id='word_1_16' title='bbox 533 231 748 283; x_wconf 83' lang='lat' dir='ltr'>cujuslibet</span> <span class='ocrx_word' id='word_1_17' title='bbox 772 229 1069 282; x_wconf 71' lang='grc' dir='ltr'><strong><em>ἐκκεντροτητος</em></strong></span> <span class='ocrx_word' id='word_1_18' title='bbox 1101 231 1153 270; x_wconf 85' lang='lat' dir='ltr'>ad</span> <span class='ocrx_word' id='word_1_19' title='bbox 1174 230 1283 271; x_wconf 89' lang='lat' dir='ltr'>orbis</span> <span class='ocrx_word' id='word_1_20' title='bbox 1306 230 1645 271; x_wconf 86' lang='lat' dir='ltr'>semidiametrum</span> <span class='ocrx_word' id='word_1_21' title='bbox 1670 230 1889 284; x_wconf 83' lang='lat' dir='ltr'>proportio,</span> <span class='ocrx_word' id='word_1_22' title='bbox 1922 229 2013 269; x_wconf 84' lang='lat' dir='ltr'>ideo</span> 
     </span>
     <span class='ocr_line' id='line_1_4' title="bbox 198 288 2016 356; baseline -0.001 -27"><span class='ocrx_word' id='word_1_23' title='bbox 198 291 231 329; x_wconf 92' lang='lat' dir='ltr'>si</span> <span class='ocrx_word' id='word_1_24' title='bbox 265 290 359 356; x_wconf 85' lang='lat' dir='ltr'>quid</span> <span class='ocrx_word' id='word_1_25' title='bbox 390 289 429 329; x_wconf 91' lang='lat' dir='ltr'>in</span> <span class='ocrx_word' id='word_1_26' title='bbox 463 290 700 342; x_wconf 82' lang='lat' dir='ltr'>longissima</span> <span class='ocrx_word' id='word_1_27' title='bbox 730 291 793 329; x_wconf 87' lang='lat' dir='ltr'>vel</span> <span class='ocrx_word' id='word_1_28' title='bbox 826 290 1008 342; x_wconf 81' lang='lat' dir='ltr'>proxima</span> <span class='ocrx_word' id='word_1_29' title='bbox 1041 290 1148 329; x_wconf 82' lang='lat' dir='ltr'>orbis</span> <span class='ocrx_word' id='word_1_30' title='bbox 1177 304 1200 329; x_wconf 86' lang='lat' dir='ltr'>a</span> <span class='ocrx_word' id='word_1_31' title='bbox 1233 294 1370 330; x_wconf 82' lang='lat' dir='ltr'>centro</span> <span class='ocrx_word' id='word_1_32' title='bbox 1403 290 1536 330; x_wconf 89' lang='lat' dir='ltr'>mundi</span> <span class='ocrx_word' id='word_1_33' title='bbox 1570 289 1768 332; x_wconf 80' lang='lat' dir='ltr'>distantia</span> <span class='ocrx_word' id='word_1_34' title='bbox 1797 288 2016 331; x_wconf 81' lang='lat' dir='ltr'><strong>mutabitur</strong></span> 
     </span>
     <span class='ocr_line' id='line_1_5' title="bbox 196 347 2014 402; baseline -0.001 -14"><span class='ocrx_word' id='word_1_35' title='bbox 196 361 267 401; x_wconf 85' lang='lat' dir='ltr'>per</span> <span class='ocrx_word' id='word_1_36' title='bbox 299 348 642 400; x_wconf 82' lang='lat' dir='ltr'>interpositionem</span> <span class='ocrx_word' id='word_1_37' title='bbox 675 361 906 402; x_wconf 85' lang='lat' dir='ltr'>corporum,</span> <span class='ocrx_word' id='word_1_38' title='bbox 939 349 979 390; x_wconf 93' lang='lat' dir='ltr'>id</span> <span class='ocrx_word' id='word_1_39' title='bbox 1012 349 1049 389; x_wconf 93' lang='lat' dir='ltr'>in</span> <span class='ocrx_word' id='word_1_40' title='bbox 1083 347 1344 401; x_wconf 72' lang='grc' dir='ltr'><strong><em>ἐκκεηροτητι</em></strong></span> <span class='ocrx_word' id='word_1_41' title='bbox 1377 348 1779 391; x_wconf 85' lang='lat' dir='ltr'>animadvertendum</span> <span class='ocrx_word' id='word_1_42' title='bbox 1811 347 1888 389; x_wconf 87' lang='lat' dir='ltr'>erit</span> <span class='ocrx_word' id='word_1_43' title='bbox 1917 359 2014 400; x_wconf 88' lang='lat' dir='ltr'>pro-</span> 
     </span>
     <span class='ocr_line' id='line_1_6' title="bbox 197 405 2014 460; baseline -0.001 -12"><span class='ocrx_word' id='word_1_44' title='bbox 197 407 487 460; x_wconf 82' lang='lat' dir='ltr'>portionaliter</span> <span class='ocrx_word' id='word_1_45' title='bbox 549 407 710 449; x_wconf 86' lang='lat' dir='ltr'>Initium</span> <span class='ocrx_word' id='word_1_46' title='bbox 742 409 819 449; x_wconf 88' lang='lat' dir='ltr'>erit</span> <span class='ocrx_word' id='word_1_47' title='bbox 850 422 874 448; x_wconf 88' lang='lat' dir='ltr'>a</span> <span class='ocrx_word' id='word_1_48' title='bbox 904 408 1079 449; x_wconf 80' lang='lat' dir='ltr'>maxima</span> <span class='ocrx_word' id='word_1_49' title='bbox 1099 409 1248 448; x_wconf 83' lang='lat' dir='ltr'>Terrae</span> <span class='ocrx_word' id='word_1_50' title='bbox 1276 408 1473 449; x_wconf 80' lang='lat' dir='ltr'>distantia</span> <span class='ocrx_word' id='word_1_51' title='bbox 1504 419 1675 456; x_wconf 84' lang='lat' dir='ltr'>sursum,</span> <span class='ocrx_word' id='word_1_52' title='bbox 1706 405 1871 448; x_wconf 81' lang='lat' dir='ltr'>minima</span> <span class='ocrx_word' id='word_1_53' title='bbox 1894 407 2014 447; x_wconf 89' lang='lat' dir='ltr'>deor-</span> 
     </span>
     <span class='ocr_line' id='line_1_7' title="bbox 201 471 723 515; baseline 0.002 -9"><span class='ocrx_word' id='word_1_54' title='bbox 201 479 302 515; x_wconf 90' lang='lat' dir='ltr'>sum,</span> <span class='ocrx_word' id='word_1_55' title='bbox 336 471 518 507; x_wconf 85' lang='lat' dir='ltr'>centrum</span> <span class='ocrx_word' id='word_1_56' title='bbox 550 479 723 507; x_wconf 85' lang='lat' dir='ltr'>versum.</span> 
     </span>
    </p>

    <p class='ocr_par' dir='ltr' id='par_1_3' title="bbox 196 501 2019 934">
     <span class='ocr_line' id='line_1_8' title="bbox 314 501 2015 578; baseline -0.001 -12"><span class='ocrx_word' id='word_1_57' title='bbox 314 526 424 566; x_wconf 88' lang='lat' dir='ltr'>Ante</span> <span class='ocrx_word' id='word_1_58' title='bbox 463 526 595 566; x_wconf 89' lang='lat' dir='ltr'>omnia</span> <span class='ocrx_word' id='word_1_59' title='bbox 641 532 776 566; x_wconf 85' lang='lat' dir='ltr'>autem</span> <span class='ocrx_word' id='word_1_60' title='bbox 807 525 1015 566; x_wconf 81' lang='lat' dir='ltr'>retexendi</span> <span class='ocrx_word' id='word_1_61' title='bbox 1047 525 1199 567; x_wconf 71' lang='lat' dir='ltr'>numeni</span> <span class='ocrx_word' id='word_1_62' title='bbox 1233 524 1445 578; x_wconf 88' lang='lat' dir='ltr'>Copernici</span> <span class='ocrx_word' id='word_1_63' title='bbox 1487 531 1607 577; x_wconf 81' lang='lat' dir='ltr'>atque</span> <span class='ocrx_word' id='word_1_64' title='bbox 1646 501 1903 577; x_wconf 77' lang='lat' dir='ltr'>peculiariter</span> <span class='ocrx_word' id='word_1_65' title='bbox 1943 537 2015 564; x_wconf 85' lang='lat' dir='ltr'>ao-</span> 
     </span>
     <span class='ocr_line' id='line_1_9' title="bbox 197 583 2013 637; baseline -0.001 -12"><span class='ocrx_word' id='word_1_66' title='bbox 197 585 474 626; x_wconf 81' lang='lat' dir='ltr'>commodandi</span> <span class='ocrx_word' id='word_1_67' title='bbox 507 590 601 625; x_wconf 83' lang='lat' dir='ltr'>sunt</span> <span class='ocrx_word' id='word_1_68' title='bbox 632 586 683 625; x_wconf 84' lang='lat' dir='ltr'>ad</span> <span class='ocrx_word' id='word_1_69' title='bbox 714 597 908 637; x_wconf 83' lang='lat' dir='ltr'>praesens</span> <span class='ocrx_word' id='word_1_70' title='bbox 941 585 1185 625; x_wconf 87' lang='lat' dir='ltr'>institutum</span> <span class='ocrx_word' id='word_1_71' title='bbox 1248 585 1354 625; x_wconf 90' lang='lat' dir='ltr'>Nam</span> <span class='ocrx_word' id='word_1_72' title='bbox 1381 584 1457 624; x_wconf 91' lang='lat' dir='ltr'>etsi</span> <span class='ocrx_word' id='word_1_73' title='bbox 1489 584 1557 624; x_wconf 89' lang='lat' dir='ltr'>ille</span> <span class='ocrx_word' id='word_1_74' title='bbox 1583 583 1670 624; x_wconf 83' lang='lat' dir='ltr'>sine</span> <span class='ocrx_word' id='word_1_75' title='bbox 1690 583 1814 624; x_wconf 85' lang='lat' dir='ltr'>dubio.</span> <span class='ocrx_word' id='word_1_76' title='bbox 1831 588 2013 624; x_wconf 75' lang='lat' dir='ltr'>centrum</span> 
     </span>
     <span class='ocr_line' id='line_1_10' title="bbox 197 642 2013 697; baseline -0.001 -12"><span class='ocrx_word' id='word_1_77' title='bbox 197 644 322 685; x_wconf 89' lang='lat' dir='ltr'>totius</span> <span class='ocrx_word' id='word_1_78' title='bbox 354 643 527 684; x_wconf 88' lang='lat' dir='ltr'>universi</span> <span class='ocrx_word' id='word_1_79' title='bbox 561 644 601 684; x_wconf 89' lang='lat' dir='ltr'>in</span> <span class='ocrx_word' id='word_1_80' title='bbox 633 656 797 697; x_wconf 83' lang='lat' dir='ltr'>corpore</span> <span class='ocrx_word' id='word_1_81' title='bbox 831 643 962 684; x_wconf 88' lang='lat' dir='ltr'>Solari</span> <span class='ocrx_word' id='word_1_82' title='bbox 994 643 1223 692; x_wconf 77' lang='lat' dir='ltr'>constituit,</span> <span class='ocrx_word' id='word_1_83' title='bbox 1263 649 1397 684; x_wconf 85' lang='lat' dir='ltr'>tamen</span> <span class='ocrx_word' id='word_1_84' title='bbox 1437 649 1482 684; x_wconf 90' lang='lat' dir='ltr'>ut</span> <span class='ocrx_word' id='word_1_85' title='bbox 1511 643 1707 684; x_wconf 76' lang='lat' dir='ltr'>calculum</span> <span class='ocrx_word' id='word_1_86' title='bbox 1747 642 1867 694; x_wconf 79' lang='lat' dir='ltr'>juvet</span> <span class='ocrx_word' id='word_1_87' title='bbox 1891 650 2013 683; x_wconf 85' lang='lat' dir='ltr'>&#39;oom-</span> 
     </span>
     <span class='ocr_line' id='line_1_11' title="bbox 197 700 2013 755; baseline 0.001 -12"><span class='ocrx_word' id='word_1_88' title='bbox 197 703 342 755; x_wconf 92' lang='lat' dir='ltr'>pendio</span> <span class='ocrx_word' id='word_1_89' title='bbox 375 707 417 742; x_wconf 90' lang='lat' dir='ltr'>et</span> <span class='ocrx_word' id='word_1_90' title='bbox 447 716 496 742; x_wconf 94' lang='lat' dir='ltr'>ne</span> <span class='ocrx_word' id='word_1_91' title='bbox 530 702 691 743; x_wconf 87' lang='lat' dir='ltr'>nimium</span> <span class='ocrx_word' id='word_1_92' title='bbox 724 717 748 743; x_wconf 91' lang='lat' dir='ltr'>a</span> <span class='ocrx_word' id='word_1_93' title='bbox 778 700 1013 743; x_wconf 83' lang='lat' dir='ltr'>Ptolemaeo</span> <span class='ocrx_word' id='word_1_94' title='bbox 1045 702 1269 743; x_wconf 89' lang='lat' dir='ltr'>recedendo</span> <span class='ocrx_word' id='word_1_95' title='bbox 1301 701 1535 755; x_wconf 75' lang='lat' dir='ltr'>diligentem</span> <span class='ocrx_word' id='word_1_96' title='bbox 1574 701 1660 754; x_wconf 83' lang='lat' dir='ltr'>ejus</span> <span class='ocrx_word' id='word_1_97' title='bbox 1702 701 1892 742; x_wconf 83' lang='lat' dir='ltr'>lectorem</span> <span class='ocrx_word' id='word_1_98' title='bbox 1923 706 2013 745; x_wconf 81' lang='lat' dir='ltr'>tur-</span> 
     </span>
     <span class='ocr_line' id='line_1_12' title="bbox 196 760 2015 816; baseline -0.001 -14"><span class='ocrx_word' id='word_1_99' title='bbox 196 762 277 808; x_wconf 88' lang='lat' dir='ltr'>bet,</span> <span class='ocrx_word' id='word_1_100' title='bbox 309 761 526 801; x_wconf 83' lang='lat' dir='ltr'>distantias</span> <span class='ocrx_word' id='word_1_101' title='bbox 560 763 730 802; x_wconf 89' lang='lat' dir='ltr'>omnium</span> <span class='ocrx_word' id='word_1_102' title='bbox 762 763 1014 814; x_wconf 85' lang='lat' dir='ltr'>planetarum</span> <span class='ocrx_word' id='word_1_103' title='bbox 1045 761 1240 801; x_wconf 83' lang='lat' dir='ltr'>maximas</span> <span class='ocrx_word' id='word_1_104' title='bbox 1262 761 1602 816; x_wconf 62' lang='lat' dir='ltr'>atque‘m‘mimas,</span> <span class='ocrx_word' id='word_1_105' title='bbox 1635 765 1679 801; x_wconf 87' lang='lat' dir='ltr'>ut</span> <span class='ocrx_word' id='word_1_106' title='bbox 1697 765 1740 800; x_wconf 88' lang='lat' dir='ltr'>et</span> <span class='ocrx_word' id='word_1_107' title='bbox 1766 760 1856 800; x_wconf 77' lang='lat' dir='ltr'>loca</span> <span class='ocrx_word' id='word_1_108' title='bbox 1878 772 2015 801; x_wconf 77' lang='lat' dir='ltr'>earum</span> 
     </span>
     <span class='ocr_line' id='line_1_13' title="bbox 198 819 2019 873; baseline -0.001 -13"><span class='ocrx_word' id='word_1_109' title='bbox 198 821 236 860; x_wconf 90' lang='lat' dir='ltr'>in</span> <span class='ocrx_word' id='word_1_110' title='bbox 269 820 433 860; x_wconf 85' lang='lat' dir='ltr'>zodiaco</span> <span class='ocrx_word' id='word_1_111' title='bbox 467 821 588 872; x_wconf 92' lang='lat' dir='ltr'>(quae</span> <span class='ocrx_word' id='word_1_112' title='bbox 621 833 891 873; x_wconf 86' lang='lat' dir='ltr'>apogaeorum</span> <span class='ocrx_word' id='word_1_113' title='bbox 911 827 964 866; x_wconf 63' lang='lat' dir='ltr'>&gt;et</span> <span class='ocrx_word' id='word_1_114' title='bbox 995 821 1273 873; x_wconf 73' lang='lat' dir='ltr'>pei-igaeorum</span> <span class='ocrx_word' id='word_1_115' title='bbox 1293 833 1435 861; x_wconf 88' lang='lat' dir='ltr'>nomen</span> <span class='ocrx_word' id='word_1_116' title='bbox 1460 819 1731 867; x_wconf 86' lang='lat' dir='ltr'>retinuerunt)</span> <span class='ocrx_word' id='word_1_117' title='bbox 1762 819 2019 873; x_wconf 81' lang='lat' dir='ltr'>computavit</span> 
     </span>
     <span class='ocr_line' id='line_1_14' title="bbox 197 877 2018 934; baseline -0.001 -15"><span class='ocrx_word' id='word_1_118' title='bbox 197 891 272 919; x_wconf 92' lang='lat' dir='ltr'>non</span> <span class='ocrx_word' id='word_1_119' title='bbox 306 893 330 919; x_wconf 88' lang='lat' dir='ltr'>a</span> <span class='ocrx_word' id='word_1_120' title='bbox 360 886 498 919; x_wconf 86' lang='lat' dir='ltr'>centro</span> <span class='ocrx_word' id='word_1_121' title='bbox 531 878 653 928; x_wconf 88' lang='lat' dir='ltr'>Solis,</span> <span class='ocrx_word' id='word_1_122' title='bbox 686 880 758 920; x_wconf 88' lang='lat' dir='ltr'>sed</span> <span class='ocrx_word' id='word_1_123' title='bbox 791 894 815 920; x_wconf 89' lang='lat' dir='ltr'>a</span> <span class='ocrx_word' id='word_1_124' title='bbox 846 885 984 919; x_wconf 86' lang='lat' dir='ltr'>centro</span> <span class='ocrx_word' id='word_1_125' title='bbox 1017 879 1123 919; x_wconf 86' lang='lat' dir='ltr'>orbis</span> <span class='ocrx_word' id='word_1_126' title='bbox 1156 879 1304 932; x_wconf 81' lang='lat' dir='ltr'>magni,</span> <span class='ocrx_word' id='word_1_127' title='bbox 1339 879 1454 934; x_wconf 84' lang='lat' dir='ltr'>quasi</span> <span class='ocrx_word' id='word_1_128' title='bbox 1486 877 1582 920; x_wconf 89' lang='lat' dir='ltr'>illud</span> <span class='ocrx_word' id='word_1_129' title='bbox 1603 883 1715 919; x_wconf 85' lang='lat' dir='ltr'>esset</span> <span class='ocrx_word' id='word_1_130' title='bbox 1733 877 2018 920; x_wconf 84' lang='lat' dir='ltr'>universitatis</span> 
     </span>
    </p>
   </div>
   <div class='ocr_carea' id='block_1_3' title="bbox 122 937 2011 990">
    <p class='ocr_par' dir='ltr' id='par_1_4' title="bbox 122 937 2011 990">
     <span class='ocr_line' id='line_1_15' title="bbox 122 937 2011 990; baseline -0.001 -12"><span class='ocrx_word' id='word_1_131' title='bbox 122 954 124 956; x_wconf 90' lang='lat'>·</span> <span class='ocrx_word' id='word_1_132' title='bbox 195 942 387 987; x_wconf 87' lang='lat' dir='ltr'>centrum,</span> <span class='ocrx_word' id='word_1_133' title='bbox 421 950 509 979; x_wconf 88' lang='lat' dir='ltr'>cum</span> <span class='ocrx_word' id='word_1_134' title='bbox 541 943 675 981; x_wconf 89' lang='lat' dir='ltr'>tamen</span> <span class='ocrx_word' id='word_1_135' title='bbox 708 938 806 979; x_wconf 89' lang='lat' dir='ltr'>illud</span> <span class='ocrx_word' id='word_1_136' title='bbox 838 952 863 979; x_wconf 88' lang='lat' dir='ltr'>a</span> <span class='ocrx_word' id='word_1_137' title='bbox 889 937 984 979; x_wconf 89' lang='lat' dir='ltr'>Sole</span> <span class='ocrx_word' id='word_1_138' title='bbox 1016 943 1132 978; x_wconf 84' lang='lat' dir='ltr'>tanto</span> <span class='ocrx_word' id='word_1_139' title='bbox 1165 950 1322 990; x_wconf 89' lang='lat' dir='ltr'>semper</span> <span class='ocrx_word' id='word_1_140' title='bbox 1353 938 1566 990; x_wconf 70' lang='lat' dir='ltr'>intervallo</span> <span class='ocrx_word' id='word_1_141' title='bbox 1587 937 1727 986; x_wconf 87' lang='lat' dir='ltr'>distet,</span> <span class='ocrx_word' id='word_1_142' title='bbox 1762 941 1915 990; x_wconf 87' lang='lat' dir='ltr'>quanta</span> <span class='ocrx_word' id='word_1_143' title='bbox 1947 942 2011 977; x_wconf 88' lang='lat' dir='ltr'>est</span> 
     </span>
    </p>
   </div>
   <div class='ocr_carea' id='block_1_4' title="bbox 196 994 2015 1050">
    <p class='ocr_par' dir='ltr' id='par_1_5' title="bbox 196 994 2015 1050">
     <span class='ocr_line' id='line_1_16' title="bbox 196 994 2015 1050; baseline -0.001 -13"><span class='ocrx_word' id='word_1_144' title='bbox 196 996 338 1049; x_wconf 85' lang='lat' dir='ltr'>quovis</span> <span class='ocrx_word' id='word_1_145' title='bbox 381 1002 560 1049; x_wconf 88' lang='lat' dir='ltr'>tempore</span> <span class='ocrx_word' id='word_1_146' title='bbox 594 997 765 1040; x_wconf 84' lang='lat' dir='ltr'>Telluris</span> <span class='ocrx_word' id='word_1_147' title='bbox 805 998 887 1046; x_wconf 88' lang='lat' dir='ltr'>(vel</span> <span class='ocrx_word' id='word_1_148' title='bbox 921 997 1051 1046; x_wconf 90' lang='lat' dir='ltr'>Solis)</span> <span class='ocrx_word' id='word_1_149' title='bbox 1094 997 1272 1038; x_wconf 82' lang='lat' dir='ltr'>maxima</span> <span class='ocrx_word' id='word_1_150' title='bbox 1308 997 1617 1050; x_wconf 58' lang='lat' dir='ltr'>§nannenus-⁸)</span> <span class='ocrx_word' id='word_1_151' title='bbox 1681 994 1792 1043; x_wconf 81' lang='lat' dir='ltr'>Quos</span> <span class='ocrx_word' id='word_1_152' title='bbox 1831 1008 2015 1037; x_wconf 87' lang='lat' dir='ltr'>numeros</span> 
     </span>
    </p>
   </div>
   <div class='ocr_carea' id='block_1_5' title="bbox 1048 1113 1175 1146">
    <p class='ocr_par' dir='ltr' id='par_1_6' title="bbox 1048 1113 1175 1146">
     <span class='ocr_line' id='line_1_17' title="bbox 1048 1113 1175 1146; baseline 0.008 -7"><span class='ocrx_word' id='word_1_153' title='bbox 1048 1113 1108 1146; x_wconf 65' lang='lat' dir='ltr'>rig.</span> <span class='ocrx_word' id='word_1_154' title='bbox 1130 1113 1175 1140; x_wconf 78' lang='lat'>2³.</span> 
     </span>
    </p>
   </div>
   <div class='ocr_carea' id='block_1_6' title="bbox 713 1624 1297 1630">
    <p class='ocr_par' dir='ltr' id='par_1_7' title="bbox 713 1624 1297 1630">
     <span class='ocr_line' id='line_1_18' title="bbox 713 1624 1297 1630; baseline 0 0"><span class='ocrx_word' id='word_1_155' title='bbox 713 1624 1297 1630; x_wconf 95' lang='lat' dir='ltr'> </span> 
     </span>
    </p>
   </div>
   <div class='ocr_carea' id='block_1_7' title="bbox 336 1361 1308 1693">
    <p class='ocr_par' dir='ltr' id='par_1_8' title="bbox 336 1361 1308 1693">
     <span class='ocr_line' id='line_1_19' title="bbox 402 1361 1184 1476; baseline 0.022 -43"><span class='ocrx_word' id='word_1_156' title='bbox 402 1361 775 1476; x_wconf 32' lang='grc' dir='ltr'>Ιςῖχῖί</span> <span class='ocrx_word' id='word_1_157' title='bbox 815 1450 835 1458; x_wconf 30' lang='lat' dir='ltr'>N</span> <span class='ocrx_word' id='word_1_158' title='bbox 885 1373 982 1472; x_wconf 47' lang='lat' dir='ltr'>‘ff</span> <span class='ocrx_word' id='word_1_159' title='bbox 1066 1366 1184 1467; x_wconf 35' lang='lat' dir='ltr'><em>J</em></span> 
     </span>
     <span class='ocr_line' id='line_1_20' title="bbox 778 1476 1204 1552; baseline -0.005 -74"><span class='ocrx_word' id='word_1_160' title='bbox 778 1476 844 1489; x_wconf 28' lang='lat' dir='ltr'>Nx</span> <span class='ocrx_word' id='word_1_161' title='bbox 875 1495 887 1552; x_wconf 59' lang='lat' dir='ltr'><strong>f</strong></span> <span class='ocrx_word' id='word_1_162' title='bbox 908 1485 1166 1549; x_wconf 15' lang='lat' dir='ltr'>&amp;NS</span> <span class='ocrx_word' id='word_1_163' title='bbox 1200 1493 1204 1514; x_wconf 38' lang='grc' dir='ltr'>Ἰ</span> 
     </span>
     <span class='ocr_line' id='line_1_21' title="bbox 349 1544 1308 1624; baseline 0.001 -49"><span class='ocrx_word' id='word_1_164' title='bbox 349 1589 369 1624; x_wconf 74' lang='lat' dir='ltr'>S</span> <span class='ocrx_word' id='word_1_165' title='bbox 878 1553 907 1621; x_wconf 29' lang='grc' dir='ltr'>χχχ</span> <span class='ocrx_word' id='word_1_166' title='bbox 1095 1544 1308 1598; x_wconf 29' lang='lat' dir='ltr'>NJ&amp;</span> 
     </span>
     <span class='ocr_line' id='line_1_22' title="bbox 336 1606 1258 1693; baseline 0.009 -10"><span class='ocrx_word' id='word_1_167' title='bbox 336 1625 408 1683; x_wconf 56' lang='lat' dir='ltr'><em>T</em></span> <span class='ocrx_word' id='word_1_168' title='bbox 614 1688 680 1691; x_wconf 69' lang='grc'>-</span> <span class='ocrx_word' id='word_1_169' title='bbox 859 1623 917 1630; x_wconf 70' lang='grc'>“·</span> <span class='ocrx_word' id='word_1_170' title='bbox 977 1606 1258 1693; x_wconf 13' lang='lat' dir='ltr'>*fh-42²1„</span> 
     </span>
    </p>
   </div>
   <div class='ocr_carea' id='block_1_8' title="bbox 445 1687 970 1692">
    <p class='ocr_par' dir='ltr' id='par_1_9' title="bbox 445 1687 970 1692">
     <span class='ocr_line' id='line_1_23' title="bbox 445 1687 970 1692; baseline 0 0"><span class='ocrx_word' id='word_1_171' title='bbox 445 1687 970 1692; x_wconf 95' lang='lat' dir='ltr'> </span> 
     </span>
    </p>
   </div>
   <div class='ocr_carea' id='block_1_9' title="bbox 508 1160 1933 3102">
    <p class='ocr_par' dir='ltr' id='par_1_10' title="bbox 508 1160 1933 3102">
     <span class='ocr_line' id='line_1_24' title="bbox 508 1160 1933 3102; baseline 0 0"><span class='ocrx_word' id='word_1_172' title='bbox 508 1160 1933 3102; x_wconf 95' lang='lat' dir='ltr'> </span> 
     </span>
    </p>
   </div>
  </div>
 </body>
</html>
