2028 3242
70 47 73 49 >
113 25 198 69 376
673 26 807 58 Literae
832 26 968 67 Kepleri
994 26 1195 69 aliorumque
1219 3 1372 59 mutuae*

113 132 391 174 accommodat
421 132 665 173 harmonica.
729 129 811 172 Sed
851 131 899 172 de
937 131 1000 172 his
1039 145 1115 172 non
1153 137 1250 184 puto
1289 132 1396 185 loqui
1428 132 1713 175 Reinhardum.
1775 132 1919 175 Dicam

112 193 235 245 igitur
267 192 315 231 de
343 191 523 232 duobus:
562 190 605 240 1)
639 192 687 231 de
719 191 1015 232 harmoniarum
1047 191 1198 244 origine
1218 191 1443 238 Platonica,
1476 191 1524 241 2)
1555 193 1604 234 de
1627 192 1810 247 symbola
1829 204 1918 233 ma-

113 252 168 292 ris
201 255 242 291 et
273 250 444 290 feminae
475 251 515 290 in
547 250 734 291 numeris.

238 321 282 369 1)
317 319 417 361 Cum
456 321 548 361 olim
581 321 810 362 incidissem
847 321 887 361 in
919 317 1104 361 Platonis
1137 321 1367 371 Timaeum,
1415 321 1474 362 sic
1513 319 1726 363 videbatur
1753 321 1807 364 de
1846 321 1922 362 hoc

114 383 213 422 loco.
276 380 431 421 Statuit
455 394 587 420 rerum
618 381 812 434 principia
832 380 910 421 tria
940 393 1042 432 pene
1075 384 1119 421 ut
1143 379 1412 421 Aristoteles:
1453 380 1493 428 1)
1526 380 1672 427 ideam,
1703 379 1752 428 2)
1786 385 1921 421 mate-

114 441 226 489 riam,
261 453 361 492 quae
395 440 471 480 duo
504 440 582 479 alio
602 441 759 480 nornine
786 445 879 480 sunt
911 439 1050 490 οὐσια,
1085 453 1203 492 quam
1224 440 1429 492 componit
1460 453 1510 480 ex
1541 452 1673 490 ταντῳ
1703 436 1923 491 nac-eceptio,

115 506 158 540 ut
190 500 249 539 ita
282 497 328 547 3)
361 512 407 539 το
438 496 572 550 ἕτερον
603 499 657 539 sit
687 500 774 539 loco
806 499 1043 552 privationis
1075 499 1378 540 Aristotelicae.
1442 499 1547 540 Hinc
1571 499 1632 540 illi
1662 510 1757 540 suus
1781 503 1924 539 terna-

116 559 212 608 rius,
247 563 289 598 et
318 571 390 611 per
422 571 465 598 se
492 558 577 598 sine
610 559 686 599 hac
719 559 996 611 speculatione
1029 558 1228 599 ternarius
1260 558 1429 599 habetur
1454 571 1525 611 pro
1545 559 1738 611 perfecto,
1770 557 1925 598 habens

116 618 366 670 principium,
400 617 573 657 medium
606 624 648 658 et
678 619 814 667 finem,
860 623 901 658 et
932 618 1103 658 solidum
1135 630 1277 672 corpus
1310 623 1472 658 constat
1501 618 1630 658 tribus
1662 616 1924 658 dimensioni-

120 679 209 717 bus.
273 677 400 729 Igitur
436 676 453 716 1
491 681 554 717 est
584 683 681 717 nota
719 678 883 726 ideae,
924 675 951 717 2
983 682 1082 717 nota
1122 677 1381 726 materiae;
1430 677 1478 725 1,
1522 675 1550 717 2
1582 682 1680 717 nota
1710 675 1854 726 οὐσιη
1884 680 1928 715 et

119 751 192 777 του
223 750 394 784 ταυτου,
438 736 508 775 sed
555 749 708 776 summa
746 736 794 776 de
832 735 850 776 1
888 741 929 776 et
960 734 1006 786 2,
1053 750 1108 777 sc.
1143 734 1168 777 3
1201 741 1298 776 nota
1329 751 1400 776 του
1430 734 1583 788 ἑτεροει-
1627 736 1763 776 ‘Plato
1803 735 1928 788 igitur

120 795 278 848 putavit
310 808 493 834 numeros
530 794 565 843 1,
600 794 638 843 2,
675 793 713 843 3,
750 808 962 848 eorumque
989 797 1231 848 quadratos:
1268 794 1304 844 1,
1339 793 1380 843 4,
1415 793 1455 843 9,
1489 801 1531 836 et
1544 795 1688 836 cubos:
1725 793 1763 843 1,
1795 791 1836 843 8,
1869 792 1925 834 27

119 855 314 907 praebere
347 854 540 906 originem
570 854 800 894 harmoniis.
834 864 837 866 ’
865 854 1030 895 Series:
1068 854 1104 905 1,
1138 853 1178 903 2,
1213 852 1254 900 3,
1285 852 1326 904 4,
1359 853 1399 903 8,
1435 852 1473 902 9,
1508 852 1580 896 27.
1641 855 1757 894 Hane
1776 853 1925 905 explet,

123 919 165 953 ut
196 913 368 965 undique
402 913 456 952 sit
488 913 711 965 aequaliter
743 913 914 954 divisa·
949 913 1055 960 Quia
1088 915 1191 954 enim
1224 913 1263 953 in
1295 913 1519 965 geometria
1550 912 1669 954 solidi
1700 913 1802 953 duae
1834 916 1930 952 sunt

121 972 275 1013 mediae
317 972 656 1024 proportionales,
701 985 779 1012 non
820 974 974 1026 plures,
1020 973 1111 1014 ideo
1149 973 1306 1026 majora
1345 973 1562 1014 intervalla.
1605 972 1742 1024 explet
1773 971 1930 1012 duabus

121 1031 426 1076 medietatibus,
471 1036 517 1072 ut
557 1031 662 1071 inter
699 1031 717 1072 1
755 1037 797 1072 et
828 1031 855 1073 2
893 1045 963 1073 seu
996 1030 1022 1074 6
1061 1038 1102 1074 et
1139 1030 1191 1072 12
1233 1032 1404 1073 medium
1446 1032 1745 1072 arithmeticum
1788 1035 1855 1071 est
1883 1027 1927 1080 9,

122 1091 313 1132 musicum
346 1089 393 1139 83
427 1090 493 1131 ubi
508 1103 671 1143 ,magna
697 1091 951 1144 jucunditate
978 1093 1097 1133 Plato
1131 1096 1319 1144 expertus
1352 1097 1428 1141 est,
1469 1091 1575 1132 inter
1605 1092 1704 1131 haec
1737 1090 1817 1130 duo
1841 1103 1930 1131 me-

124 1152 191 1191 dia
221 1151 328 1190 idem
360 1163 448 1189 esse
481 1150 756 1199 intervallum,
793 1151 896 1203 quod
930 1157 1051 1192 antea
1081 1151 1120 1192 in
1153 1152 1255 1192 serie
1290 1148 1314 1191 7
1348 1163 1620 1200 numerorum,
1652 1151 1758 1190 inter
1789 1149 1947 1190 oubum-
1986 1171 1991 1173 f

123 1209 266 1251 binarii
312 1214 354 1249 et
399 1209 639 1261 quadratum
682 1211 861 1251 ternarii.
925 1212 1068 1264 Itaque
1113 1216 1203 1251 tota
1248 1211 1464 1250 intervalla
1507 1210 1646 1251 divisit
1689 1207 1797 1250 tonis
1843 1209 1931 1250 sive

130 1268 344 1320 ἐπογδοοις.
397 1268 478 1309 Sed
501 1268 594 1321 quia
615 1274 736 1309 antea
751 1269 788 1309 in
811 1270 914 1310 serie
943 1269 968 1311 7
989 1283 1240 1311 numerorum
1262 1269 1609 1310 constituebantur
1629 1268 1764 1321 dupla,
1795 1268 1932 1322 tripla,

126 1328 417 1381 sesquialtera,
465 1328 725 1380 sesquitertia
757 1329 994 1384 intervalla,
1042 1343 1164 1383 quae,
1206 1333 1345 1380 utpote
1377 1329 1508 1381 prima
1539 1328 1710 1381 origine,
1757 1328 1935 1378 oportuit

125 1400 312 1429 manere:
346 1387 436 1427 ideo
467 1387 508 1426 in
541 1388 842 1428 continuatione
874 1389 994 1429 trium
1013 1394 1195 1430 tonorum
1228 1388 1278 1429 ab
1299 1388 1465 1440 epitriti,
1498 1393 1668 1441 quatuor
1687 1387 1738 1427 ab
1758 1385 1935 1428 hemiolii

130 1446 299 1488 termino
324 1446 538 1486 secabatur
557 1452 676 1487 tonus
701 1453 942 1500 postremus.
1001 1449 1107 1489 Nam
1133 1449 1319 1500 epitritus
1340 1447 1468 1488 minor
1489 1453 1553 1488 est
1577 1447 1706 1488 tribus
1726 1446 1932 1499 epogdois,

128 1506 336 1547 hemiolius
370 1510 540 1558 quatuor
579 1506 785 1558 epogdois.
851 1506 968 1553 Quod
1007 1507 1128 1560 igitur
1166 1508 1202 1547 in
1244 1506 1383 1547 ultimo
1415 1512 1511 1547 tono
1553 1510 1641 1547 erat
1679 1507 1934 1556 superfluum,

129 1570 329 1606 resectum
374 1565 517 1618 quippe
562 1580 586 1605 a
631 1566 800 1606 termino
844 1567 1113 1619 proportionis
1156 1566 1417 1619 antiquioris,
1463 1566 1504 1606 id
1548 1563 1794 1618 geometrica
1835 1577 1935 1605 voce

131 1624 313 1674 ἀποτομη
357 1624 585 1673 dicebatur3
639 1638 886 1678 consequens
930 1626 1075 1679 igitur,
1126 1631 1172 1666 ut
1214 1625 1319 1666 illius
1365 1625 1451 1665 toni
1494 1625 1695 1665 residuum
1738 1621 1938 1665 diceretur

130 1687 286 1733 λειμμα,
306 1683 500 1724 relictum.
552 1683 681 1724 Addit
702 1685 952 1734 scholiastes,
976 1685 1176 1736 ἀποτομην
1196 1685 1318 1725 etiam
1339 1684 1416 1724 dici
1436 1688 1567 1732 διεσιν,
1589 1697 1678 1724 esse
1698 1685 1833 1724 autem
1846 1692 1937 1723 ma-

125 1744 255 1796 jorem
275 1748 453 1796 partem,
486 1742 633 1783 lemma
652 1743 860 1792 minorem,
897 1745 1000 1796 quod
1021 1757 1157 1784 verum
1190 1750 1266 1784 est.
1320 1743 1435 1785 cuba
1455 1743 1559 1783 enim
1577 1743 1768 1784 terminos
1794 1737 1860 1795 ⁹l3,
1893 1746 1959 1782 ut*

132 1804 213 1843 sint
243 1809 327 1843 tres
360 1801 542 1854 epogdoi,
578 1816 633 1842 sc.
659 1798 795 1857 ⁷²⁹s512
823 1817 894 1844 seu
923 1799 1134 1857 ²¹⁸⁷s15³m
1169 1808 1209 1843 et
1229 1804 1343 1843 aufer
1362 1807 1409 1849 (h.
1429 1809 1591 1841 ezdivide
1607 1818 1666 1850 per
1685 1802 1747 1848 “ls)
1779 1797 1822 1856 ⁸),
1852 1801 1937 1842 sive

140 1858 350 1916 ²⁰4⁸s4535,
399 1866 531 1901 restat
582 1857 789 1915 ²¹⁸⁷s2043,
831 1863 905 1902 hoc
946 1863 1126 1902 ablatum
1170 1877 1194 1902 a
1239 1866 1458 1908 (divisumin)
1507 1858 1553 1915 ⁹s9
1597 1862 1681 1901 sive
1734 1855 1937 1915 ²¹⁸²s193„

133 1922 277 1973 linquit
315 1916 516 1975 ²⁰⁵⁸s1944.
581 1921 644 1960 Ita
683 1927 800 1961 tonus
838 1922 879 1961 in
912 1922 1040 1962 diesin
1079 1927 1121 1961 et
1158 1922 1306 1961 lemma
1342 1920 1570 1961 resolvitur.
1632 1920 1772 1962 Diesis
1803 1925 1938 1961 tamen

134 1981 272 2020 exulat
310 1981 414 2031 apud
446 1981 656 2019 Platonem
695 1994 719 2019 a
758 1980 860 2021 serie
892 1994 1032 2025 vocum
1072 1981 1341 2029 musicalium3
1381 1979 1515 2020 omnia
1546 1979 1652 2019 enim
1690 1980 1940 2032 complentur

133 2039 240 2079 tonis
286 2043 327 2078 et
370 2039 634 2082 lemmatibus.
698 2039 811 2080 Haec
855 2040 978 2092 igitur
1022 2045 1085 2080 est
1127 2040 1310 2080 Platonis
1355 2038 1576 2079 harmonia.
1637 2037 1761 2080 Errat
1804 2043 1941 2079 autem

139 2097 181 2146 1)
215 2098 254 2137 in
287 2110 431 2146 causa,
466 2098 723 2146 existimans,
758 2099 988 2139 harmonias
1022 2099 1116 2138 oriri
1148 2112 1198 2138 ex
1229 2098 1403 2139 numeris
1437 2111 1647 2150 eorumque
1678 2097 1942 2151 proprietati-

134 2158 208 2197 bus
248 2156 522 2209 geometricis,
571 2157 856 2210 quadratisque
897 2164 938 2198 et
970 2158 1110 2198 solidis
1149 2158 1302 2210 figuris,
1349 2159 1453 2210 quod
1491 2170 1607 2198 secus
1639 2163 1716 2198 est.
1779 2155 1944 2199 Accidit

137 2217 251 2265 enim,
285 2217 385 2255 haec
417 2217 475 2256 ita
508 2222 746 2257 concurrere
773 2218 939 2266 alicubi;
980 2217 1020 2257 in
1060 2217 1285 2257 universum
1315 2230 1410 2257 vero
1449 2229 1527 2256 non
1557 2218 1803 2269 respondent
1835 2214 1942 2256 invi-

137 2288 238 2316 cem.
300 2275 407 2315 Nam
447 2275 525 2315 etsi
557 2276 714 2315 termini
742 2273 787 2323 9,
821 2275 848 2318 8
875 2278 1027 2330 justum
1060 2276 1290 2316 describunt
1322 2276 1516 2316 ambitum
1547 2276 1653 2324 toni,
1698 2277 1774 2316 hoc
1804 2282 1939 2316 tamen

137 2348 215 2374 non
247 2340 311 2374 est
342 2334 407 2373 vel
440 2348 489 2374 ex
521 2347 588 2382 eo,
623 2336 724 2386 quod
758 2335 825 2375 ille
860 2336 1023 2376 ternarii
1057 2336 1294 2388 quadratus,
1329 2335 1391 2375 hic
1425 2334 1569 2375 binarii
1600 2335 1724 2375 cubus
1756 2339 1839 2383 est,
1874 2333 1939 2373 vel

138 2407 187 2433 ex
220 2407 289 2442 eo,
324 2394 427 2446 quod
458 2394 529 2433 ille
562 2394 758 2434 medietas
793 2395 1064 2443 arithmetica,
1099 2395 1162 2434 hic
1194 2395 1367 2441 musica,
1411 2394 1518 2434 inter
1548 2394 1741 2434 terminos
1771 2392 1941 2434 rationis

140 2454 305 2505 duplae:
339 2454 443 2505 quod
474 2454 675 2505 posterius
707 2459 842 2494 tamen
876 2455 962 2507 ipse
996 2449 1251 2494 Ptolemaeus
1284 2453 1472 2502 credidit,
1508 2452 1574 2506 qui
1605 2453 1819 2493 Platonem
1851 2463 1943 2492 cor-

140 2517 312 2552 rexerat.
378 2511 477 2552 Cum
521 2514 578 2553 sic
620 2514 659 2552 in
705 2527 828 2553 causa
867 2520 973 2554 erret
1003 2514 1144 2561 Plato,
1190 2513 1390 2565 sequitur,
1435 2517 1479 2552 ut
1516 2516 1623 2552 erret
1660 2511 1708 2559 2)
1751 2511 1873 2552 etiam
1904 2510 1943 2549 in

141 2572 296 2618 effectu,
332 2571 511 2611 dividens
546 2573 708 2624 epitrita
742 2578 782 2612 et
812 2573 1000 2613 hemiolia
1031 2573 1069 2613 in
1091 2577 1208 2612 tonos
1241 2585 1311 2612 seu
1328 2572 1510 2624 epogdoa
1541 2575 1583 2611 et
1602 2571 1806 2617 lemmata,
1839 2569 1943 2622 quod

142 2634 206 2669 est
237 2635 376 2670 contra
414 2637 596 2671 naturam
628 2647 699 2672 του
730 2629 983 2683 ἡρμοσμενου
1026 2632 1111 2672 sive
1162 2645 1229 2682 της
1260 2646 1332 2671 του
1353 2628 1556 2680 ’ἐμμελους
1594 2644 1764 2681 φυσεως.
1827 2627 1947 2668 Divi-

146 2689 292 2728 duntur
325 2689 425 2728 enim
459 2690 674 2730 intervalla
705 2691 775 2730 illa
806 2691 843 2731 in
878 2698 994 2731 tonos
1027 2691 1215 2742 maiores,
1250 2691 1438 2738 minores,
1471 2694 1513 2728 et
1544 2689 1769 2736 semitonia,
1810 2687 1850 2727 id
1882 2691 1948 2729 est

144 2748 183 2786 in
211 2743 281 2801 ⁹lg‚
314 2743 401 2800 ¹⁰J9‚
447 2744 558 2802 ¹⁶s,5,
594 2751 698 2801 quod
719 2764 834 2791 aures
866 2751 1039 2803 probant
1059 2756 1100 2789 et
1121 2750 1389 2797 Ptolemaeus,
1423 2748 1575 2788 aurium
1590 2747 1731 2799 judicii
1751 2751 1944 2786 assertor.

264 2822 311 2871 2)
342 2822 435 2863 Jam
477 2826 527 2864 ad
559 2827 780 2879 symbolum
819 2827 942 2868 maris
975 2832 1017 2867 et
1049 2826 1235 2866 feminae.
1297 2826 1353 2865 Et
1384 2825 1499 2864 video
1540 2824 1699 2875 quidem
1737 2821 1947 2862 consilium

145 2887 343 2931 veterum,
391 2883 474 2923 sive
507 2884 613 2924 idem
643 2886 761 2926 Plato
796 2887 934 2934 fuerit,
977 2900 1046 2926 seu
1079 2886 1298 2938 quicunque
1331 2884 1399 2924 alii
1438 2896 1488 2923 ex
1520 2883 1605 2935 ejus
1639 2881 1791 2922 schola.
1855 2880 1949 2921 Sint

1251 2944 1777 2965 “T-‘'—o—'-b—*

147 2959 247 2999 enim
303 2971 422 2999 voces
473 2960 530 3007 A,
580 2962 639 3009 B,
693 2962 744 3011 C,
796 2963 852 3011 D,
904 2963 958 3012 E,
1016 2954 1077 3020 (Ᾰ
1185 2954 1218 3014 1'3
1323 2972 1399 3024 G!
1464 2973 1516 3012 Ε.
1607 2972 1645 3011 D
1783 2950 1805 3013 )
1857 2957 1948 3005 ‚toni
