1982 3268
814 153 1028 188 ruma-im
1405 192 1408 195 ,
1760 146 1817 196 33

26 273 105 305 non
132 265 293 302 moveat
320 260 421 301 haec
451 259 677 302 calumnia?
729 259 935 301 Recordor
963 260 1072 301 illius
1102 260 1162 300 tui
1183 259 1259 300 ‘ovi
1289 257 1816 311 christophorocolumbani.

10 319 195 363 Scilicet
222 319 393 369 homini,
432 332 521 360 cum
555 319 732 368 videret,
771 319 918 360 habere
954 331 1016 360 me
1053 318 1246 359 adversos
1277 319 1411 370 magni
1441 317 1611 358 nominis
1641 317 1749 359 viros
1777 317 1819 357 in

26 390 154 424 msa·
186 378 379 431 conjugii,
418 379 571 431 placuit
606 350 737 431 oleun’i
772 379 928 419 camino
966 377 1114 419 addere
1144 383 1188 418 et
1217 390 1347 418 meam
1377 376 1712 417 existimationem
1741 389 1821 418 una

28 450 117 480 cum
145 437 330 538 cogjugio
359 437 399 479 in
438 438 567 479 fumos
597 449 732 491 agere.
794 435 878 478 Sed
914 437 1029 478 venio
1066 437 1118 477 ad
1160 427 1340 477 tabulam
1382 448 1475 503 pag.
1496 433 1563 477 36
1594 436 1665 477 διο.
1708 435 1820 484 (vide

27 502 162 539 annot.
228 495 271 545 1)

145 554 343 602 Existimo
374 568 437 596 me
467 555 585 596 hodie
615 555 653 595 in
686 554 873 596 tribunali
903 555 1056 596 sedere.
1112 554 1247 607 Usque
1278 554 1379 594 adeo
1410 553 1570 602 obruor
1584 553 1664 593 tuis
1696 565 1820 593 excu-

29 614 264 659 sationibus.
324 614 429 656 Ecce
458 627 579 668 quam
606 626 798 666 operosus
837 627 881 654 es
920 615 960 655 in
999 614 1159 667 negotio
1189 613 1432 654 mendorum.
1492 593 1583 653 Nou
1614 625 1701 652 sum
1731 623 1820 664 ego,

28 674 249 717 clarissime
279 674 317 717 d.
348 674 613 727 Praeceptor,
647 686 699 714 ex
727 686 863 714 eorum
893 683 1081 722 numero,
1112 673 1196 726 qui,
1234 672 1312 714 nisi
1303 671 1571 733 ephippium
1601 683 1690 711 cum
1720 684 1742 711 e
1772 682 1852 727 ιιο

30 735 168 780 dones.
199 746 354 790 ειιιιιιιιι
360 733 506 781 nudum
524 732 745 774 remittunt.
794 733 879 773 Nec
910 733 1028 774 aliter
1058 738 1279 774 erratorum
1309 745 1356 773 ca
1419 743 1537 783 ogum
1567 730 1671 779 misi,
1702 724 1822 783 quain

29 785 455 846 ffibjungatur
484 791 586 833 calci
616 791 759 840 libelli,
792 792 829 832 si
858 805 936 832 non
967 798 1124 845 tempus
1154 791 1195 832 id
1225 791 1472 844 prohibeat.

146 851 322 893 Rursum
351 864 443 892 ecce
474 852 556 892 alia
586 850 793 893 excusatio
818 851 867 891 de
886 851 1049 893 Rhetici
1074 851 1315 900 narratione,
1347 850 1458 902 cujus
1490 861 1565 902 ego
1595 860 1673 888 nou
1702 846 1825 887 aliam

31 911 82 953 ob
112 923 208 959 rem,
241 924 359 964 quam
388 916 553 964 propter
582 915 749 959 sumtus,
775 910 1021 951 mentionem
1052 910 1141 951 feci.
1201 909 1398 962 Equidem
1430 909 1561 956 credo,
1585 906 1824 962 ⁷existimare

32 976 98 1020 te,
136 970 242 1011 lecto
278 983 356 1011 uno
393 975 512 1022 atque
544 970 669 1010 altero
701 969 822 1009 verbo
853 970 960 1010 illius
989 982 1103 1010 meae
1139 969 1362 1021 epistolae,
1404 974 1462 1021 te,
1482 966 1827 1020 penitusflmnem

32 1042 195 1082 operam
223 1029 380 1070 inanem
410 1029 579 1077 locasse,
612 1029 762 1081 tibique
793 1028 880 1080 ejus
911 1030 1016 1081 apud
1047 1042 1109 1069 me
1140 1041 1295 1068 omnem
1319 1027 1487 1080 periisse
1511 1026 1695 1079 gratiam.
1745 1023 1827 1065 Cur

33 1094 169 1130 autem
197 1088 303 1130 illius
333 1101 396 1129 me
424 1087 680 1129 Narrationis
710 1088 939 1140 poeniteat,
982 1101 1101 1141 quam
1139 1088 1288 1140 primus
1325 1099 1400 1139 ego
1436 1085 1670 1139 cupiebam,
1712 1089 1757 1124 ιιι
1786 1083 1826 1123 in

32 1147 204 1200 epistola
233 1147 286 1187 ad
315 1147 366 1188 D.
400 1147 453 1188 D
484 1147 773 1188 Haferefferum
803 1145 1041 1188 Stuccardia
1070 1147 1195 1188 missa
1225 1153 1400 1187 testatus
1438 1158 1544 1193 sum,
1585 1144 1826 1196 subjungere

33 1212 134 1248 meo
154 1206 375 1259 opusculo?
434 1206 535 1246 Tum
566 1212 699 1246 autem
729 1201 795 1247 ille
826 1206 1088 1247 dissuaserat.

33 1307 49 1316 ,
151 1264 349 1307 Carminis
380 1265 432 1305 ad
462 1265 654 1305 tabellam
684 1265 839 1306 authori
871 1266 1090 1311 Leibfrido,
1122 1265 1304 1319 quamvis
1334 1263 1470 1314 ignoto
1501 1262 1551 1303 de
1583 1262 1699 1310 facie,
1729 1273 1828 1313 gra-
1889 1277 1920 1346 q

34 1325 116 1366 tias
145 1337 222 1377 ago
246 1337 319 1377 pro
344 1324 516 1364 honesta
538 1337 612 1364 sua
642 1324 847 1364 voluntate
879 1325 1096 1377 et.judicio
1128 1325 1177 1365 de
1209 1337 1294 1364 me:
1327 1322 1462 1375 illique
1493 1321 1669 1371 vicissim
1687 1268 1871 1415 ηοω.)
1928 1290 1962 1357 Ὗ

34 1383 126 1437 plar
153 1383 333 1436 opusculi
363 1384 479 1431 dono,
511 1383 602 1423 dum
632 1383 725 1435 quid
755 1383 814 1423 illi
848 1395 965 1436 porro
998 1397 1151 1437 quoque
1182 1383 1331 1423 servire
1362 1381 1527 1432 possim,
1557 1380 1790 1432 intelligam.

151 1443 282 1483 Venio
324 1443 377 1483 ad
418 1441 592 1483 Schema
635 1441 733 1494 Cap.
778 1440 847 1483 22.
919 1442 974 1483 Et
1016 1456 1132 1491 saue,
1189 1443 1255 1495 qni
1298 1442 1498 1494 hucusque
1539 1439 1709 1492 legendo
1750 1451 1831 1479 non

35 1501 217 1554 concepit
245 1501 510 1554 suspicionem
539 1501 706 1553 alicujus
738 1507 831 1541 tuae
862 1502 1108 1551 offensionis,
1141 1502 1175 1542 is
1199 1501 1289 1554 jam
1320 1499 1542 1552 concipiet:
1575 1498 1667 1538 dum
1698 1497 1832 1538 omnia

34 1561 158 1603 etiam
185 1561 311 1602 verba
338 1560 507 1613 regeris,
546 1560 660 1613 quasi
697 1560 872 1612 litiganti
903 1561 999 1601 mihi
1029 1561 1220 1602 tenereris
1252 1559 1495 1611 singulorum
1526 1558 1702 1599 rationes
1732 1557 1828 1597 red-

12 1621 142 1663 dere.
201 1619 308 1672 Ego,
348 1632 449 1672 quae
480 1619 745 1672 superioribus
776 1620 905 1660 literis
937 1621 985 1660 de
1017 1620 1092 1660 hac
1122 1633 1165 1660 re
1196 1619 1356 1672 scripsi,
1389 1631 1466 1658 non
1495 1614 1658 1669 scripsi,
1689 1622 1736 1657 ut
1763 1616 1829 1657 in-

0 1692 18 1724 3
37 1679 225 1727 dicarem,
254 1691 317 1719 me
348 1679 476 1719 adhuc
507 1678 657 1732 aliquid
687 1678 935 1728 desiderare;
969 1680 1041 1719 sed
1071 1685 1114 1720 ut
1144 1679 1322 1726 videres,
1355 1689 1475 1730 quam
1503 1676 1559 1717 sit
1587 1675 1683 1716 mihi
1713 1680 1831 1728 grata

2 1731 244 1791 jem-rectio,
275 1743 321 1778 ut
350 1738 416 1791 qui
447 1738 566 1779 etiam
594 1737 685 1790 plus
710 1738 854 1791 corrigi
878 1738 1062 1790 optarim.
1111 1738 1216 1778 Dum
1241 1743 1374 1778 autem
1393 1736 1513 1790 juxta
1530 1733 1831 1789 praeceptorem

0 1793 165 1864 ffmeum
193 1809 313 1849 agere
342 1810 421 1837 non
450 1797 634 1845 desistis,
674 1802 716 1837 et
744 1798 948 1849 negotium
984 1798 1034 1837 de
1071 1803 1268 1850 aequante
1305 1796 1502 1848 explicas,
1543 1794 1665 1843 facis,
1705 1799 1751 1834 ut
1779 1806 1829 1833 ue

0 1861 140 1901 &nnnc
170 1856 326 1909 quidem
355 1869 419 1896 me
449 1862 560 1896 tuum
583 1849 743 1908 jactare
769 1857 1005 1908 discipulum
1030 1856 1224 1896 desistere
1248 1855 1412 1908 possim,
1444 1854 1560 1894 modo
1580 1853 1655 1894 sim
1675 1852 1828 1894 docilis.

0 1917 11 1970 *J
35 1915 95 1965 Et
122 1928 220 1956 sane
252 1915 339 1968 jam
377 1915 533 1955 demum
562 1915 763 1967 negotium
794 1916 988 1967 intelligo.
1050 1916 1135 1956 Nec
1166 1915 1294 1955 miuus
1326 1926 1466 1954 sanum
1496 1919 1539 1953 et
1568 1899 1663 1953 iliud
1696 1912 1831 1952 consi-

0 1972 5 2032 ’ζ
35 1972 134 2016 lium
163 1974 213 2015 de
243 1974 497 2015 moderandis
528 1974 590 2014 his
621 1974 972 2026 speculationibus.
1015 1974 1121 2015 Ecce
1142 1975 1190 2014 de
1210 1974 1324 2014 Luna
1344 1972 1658 2025 philosophema,
1691 1976 1831 2011 natum

35 2032 142 2077 inter
171 2033 439 2082 scribendum,
477 2033 546 2073 vix
582 2033 744 2074 dimisso
782 2034 937 2083 nuntio,
970 2047 1020 2074 'se
1058 2034 1186 2086 ipsum
1223 2032 1318 2074 mihi
1349 2033 1398 2073 de
1431 2032 1609 2072 falsitate
1639 2030 1827 2082 prodidit.

37 2091 204 2134 Scilicet
221 2093 368 2133 accidit
386 2092 493 2142 mihi,
525 2093 658 2146 quod
647 2093 710 2140 iis,
743 2093 810 2146 qui
835 2099 983 2133 motum
1007 2099 1240 2145 perpetuum
1270 2091 1568 2132 machinantur.
1600 2096 1646 2130 ut
1675 2089 1831 2130 scilicet
1909 2074 1954 2110 Ἰ

37 2152 768 2260 wilri-{Qu
801 2158 910 2192 motu
939 2159 1090 2192 motum
1121 2156 1424 2204 compensante:
1459 2150 1515 2190 sic
1541 2134 1829 2202 Luffiffffl:

38 2215 290 2262 tumpernox
317 2222 540 2262 promoven
569 2211 668 2251 debe
699 2216 741 2250 at
785 2217 939 2251 tantum
966 2212 1087 2251 silens
1120 2210 1374 2262 impediretur
1405 2205 1862 2268 (οωιιριιρ-ἳ).

155 2269 251 2309 Jam
279 2269 333 2309 ad
360 2275 520 2321 pactum
551 2270 655 2322 quod
691 2270 861 2310 attinet:
901 2270 1022 2310 etiam
1059 2283 1119 2309 me
1158 2275 1292 2309 sumtu
1330 2269 1464 2308 levare
1495 2272 1710 2308 statueras.
1772 2268 1832 2306 At

39 2340 115 2380 ego
144 2328 255 2378 nolo,
287 2340 375 2380 qum
404 2340 526 2382 ορειει
556 2328 677 2368 etiam
704 2329 915 2381 pecuniam
944 2329 1160 2369 insumasn·
1169 2327 1303 2384 Quin
1335 2333 1379 2367 ut
1408 2338 1532 2394 nuper
1563 2324 1723 2378 scripsi,
1757 2338 1829 2365 ac-

16 2387 142 2447 'cipio
172 2385 259 2428 200
289 2386 542 2438 exemplaria,
574 2381 722 2439 tibique
754 2387 824 2427 illa
855 2385 912 2427 50
926 2387 1113 2440 relinquo
1146 2387 1239 2426 doni
1269 2387 1369 2435 loco,
1402 2386 1436 2426 si
1467 2398 1601 2426 eorum
1630 2385 1704 2425 tibi
1735 2398 1830 2424 usus

14 2451 119 2501 {hst-
180 2445 252 2487 Sin
284 2451 420 2486 autem
449 2457 528 2485 non
558 2445 723 2486 totidem
752 2446 826 2486 tibi
863 2458 961 2497 opus
1000 2451 1083 2494 est,
1121 2459 1193 2494 ea,
1233 2446 1374 2498 quibus
1411 2445 1590 2485 abundas
1627 2444 1732 2483 inter
1762 2456 1831 2483 eos

14 2502 279 2561 {distribuere
315 2504 483 2557 patiaris
527 2502 717 2556 aliquem
733 2505 1054 2572 stipendiarium,
1101 2517 1264 2557 quorum
1304 2504 1368 2543 hic
1406 2503 1555 2556 accipis
1592 2503 1832 2554 catalogum.

27 2563 198 2615 „tv'bus
227 2575 344 2616 porro
376 2563 549 2603 dandum
579 2568 783 2610 autumas,
821 2571 894 2602 me
915 2564 1071 2603 omuino
1102 2564 1377 2603 consentiente
1409 2562 1580 2602 dederis.
1642 2562 1832 2601 Fortasse

22 2621 60 2674 ἃ]
82 2627 215 2684 atuor
243 2622 405 2664 decanis
436 2622 569 2662 danda
605 2621 774 2673 singula.
836 2620 1007 2661 Omnino
1046 2628 1206 2674 praeter
1242 2635 1315 2672 ea,
1360 2621 1501 2674 quibus
1542 2632 1614 2672 pro
1655 2625 1696 2659 te
1734 2633 1834 2672 opus

109 2679 168 2748 u's·
171 2681 480 2735 ,quadraginta
510 2681 550 2720 in
574 2680 884 2731 wirtembergia
912 2686 1113 2722 maneant.
1163 2680 1208 2721 Si
1239 2694 1337 2734 quos
1369 2685 1520 2720 sumtus
1549 2679 1592 2718 in
1622 2678 1836 2730 ligaturam

24 2752 28 2764 ³
70 2741 188 2780 ν·ι’ἰ5
195 2753 321 2792 ,ege
350 2741 580 2792 praestabo.
642 2739 792 2778 Verum
823 2739 1006 2779 existimo
1042 2740 1231 2792 pleraque
1267 2739 1374 2779 nuda
1410 2737 1704 2785 distribuenda,
1745 2750 1834 2783 cum

84 2811 123 2840 ιι
154 2799 305 2839 faciant
328 2799 479 2851 justum
509 2799 697 2839 libellum.
757 2797 819 2837 De
849 2798 1016 2849 pecunia
1046 2811 1162 2850 spero
1193 2811 1255 2837 me
1295 2798 1402 2837 intra
1431 2794 1460 2836 2
1489 2808 1646 2836 menses
1677 2796 1729 2836 ab
1759 2810 1832 2838 ao-

81 2862 174 2898 vitis
204 2858 492 2909 exemplaribus
518 2856 851 2909 Gruppenbachio
875 2862 1186 2908 prospecturum.
1235 2854 1468 2907 Marpachio
1499 2860 1668 2912 expecto
1702 2854 1756 2896 12
1774 2856 1831 2907 fl.‚

65 2916 278 2971 aiblinga
306 2915 334 2958 8
346 2911 387 2970 Ἰ2
425 2915 738 2967 fl.‚Esse1inga
767 2929 792 2955 a
823 2914 993 2967 quodam
1028 2921 1211 2955 curatore
1242 2914 1571 2966 wirtembergico
1600 2886 1831 2955 Heerwarto

26 2984 35 3022 ἰ
67 2979 114 3025 j*
135 2975 196 3024 ss.,
235 2987 354 3028 quam
384 2987 576 3015 summam
605 2975 690 3027 ejus
720 2974 823 3014 filius
855 2973 918 3014 hic
949 2987 974 3012 a
1002 2986 1064 3013 me
1095 2979 1230 3013 mutuo
1261 2973 1421 3021 sumsit,
1460 2979 1503 3013 et
1531 2985 1602 3025 per
1631 2986 1724 3017 suos
1752 2986 1831 3026 pa-

68 3037 74 3042 ”
106 3052 109 3066 ι
148 3052 176 3069 ·;
221 3046 345 3086 usque
382 3034 436 3073 ad
470 3034 616 3074 festum
645 3033 908 3074 Pentecostes
939 3030 1272 3084 Gruppenbachio
1308 3036 1603 3072 numeraturum
1623 3030 1829 3085 promisit.
1892 3074 1897 3079 ,

23 3112 45 3150 ι
70 3105 85 3150 J
117 3091 161 3132 ·il
188 3092 252 3132 hic
282 3092 412 3132 oneris
442 3092 517 3132 tibi
546 3092 744 3144 imponere
776 3092 916 3132 audeo.
977 3091 1068 3142 Ipse
1099 3095 1231 3130 tamen
1264 3089 1618 3143 Gruppenbachius
1645 3091 1830 3132 Esseliu-

42 3164 118 3189 ε
138 3163 213 3190 vm
242 3156 284 3191 et
306 3150 649 3222 Waiblingensem
678 3163 870 3192 summam
902 3150 1028 3202 (apud
1057 3149 1164 3190 illius
1194 3148 1271 3194 loci
1300 3150 1491 3193 decanum
1519 3149 1703 3199 Lucium)
1733 3162 1830 3203 pro-

26 3230 83 3268 ῑ’
144 3218 260 3253 W
277 3219 407 3252 ⁰⁹⁸¹⁸¹⁸
1530 3216 1554 3252 3
