2028 3242
760 106 967 151 Astrblogiae
992 106 1191 140 cereorum.
1791 91 1880 148 437

82 210 255 264 gendum
281 211 572 254 multitudinem
603 211 760 253 omnino
792 216 880 252 arte
911 223 1010 264 opus
1038 216 1124 259 est,
1151 215 1199 253 et
1229 210 1454 262 cognitione
1473 223 1609 253 eorum
1640 223 1749 264 quae*
1766 223 1878 251 com-

78 269 255 312 munitat
282 270 436 323 animos
465 271 702 324 percellunt.
763 264 904 323 Itaque
947 270 1075 311 sicubi
1103 281 1246 322 pacem
1283 275 1325 309 et
1361 269 1534 322 quietem
1574 282 1665 310 esse
1694 274 1880 322 praestat

38 352 46 355 -
82 330 138 370 οἱ
147 318 318 371 semo
330 328 453 370 metui
482 334 633 382 potest,
665 333 883 370 conventus
912 328 1099 381 Augusto
1129 333 1172 368 et
1201 327 1431 380 Septembri
1460 341 1511 369 ne
1541 329 1658 376 fiant,
1690 333 1761 368 ant
1791 327 1877 368 dis-

79 378 286 443 ampetitur,
293 387 382 429 mo
411 401 559 429 causae
591 388 742 429 animos
774 392 1063 440 exasperantes
1093 391 1248 429 mature
1278 386 1493 436 tollantnr3
1532 392 1603 428 aut
1640 387 1800 439 objecta
1834 397 1879 426 re

79 451 199 487 M
215 445 494 499 cogitationes
537 447 736 488 hominum
776 445 1014 487 alterentur.
1075 444 1150 486 Sin
1193 445 1326 486 audax
1362 445 1522 497 aliquod
1559 446 1714 486 facinus
1746 444 1888 485 susci--

78 495 280 557 piendmr,
309 506 415 558 quod
444 505 560 547 illato
589 507 742 547 terrore
773 503 1057 545 conficiendum
1087 502 1152 550 sit,
1184 504 1394 556 Augustus
1426 510 1659 557 occupetur3
1692 503 1754 544 sin
1786 502 1876 543 ani—

78 566 179 603 nius
196 564 320 617 etiam
350 564 402 605 ad
432 564 609 606 laborem
640 563 855 613 durandus,
889 562 1130 615 September
1159 568 1261 603 esto.
1316 562 1376 603 At
1407 563 1442 602 si
1471 563 1600 603 hostis
1632 563 1693 602 his
1725 561 1876 602 mensi-

79 620 154 662 bus
174 613 354 675 diqffl
361 623 523 691 audeat,
555 622 774 664 animorum
805 620 1118 663 consternationi
1149 620 1476 662 convenientibus
1506 620 1692 662 remediis
1719 620 1877 662 obviam

79 685 207 721 eatur.
266 680 373 722 Esse
415 681 517 723 enim
561 681 660 733 haec
702 681 823 722 etiam
865 681 904 721 in
947 685 1152 732 potestate
1182 684 1343 730 nostra,
1388 681 1583 732 quomodo
1608 679 1773 728 cadant,
1804 691 1877 719 nec

79 737 265 781 absolute
291 739 546 789 necessaria,
588 730 903 781 luculentissimo
943 739 1125 791 exemplo
1167 739 1232 779 vel
1269 738 1511 792 praeteritus
1551 752 1677 779 annus
1714 742 1779 779 est
1809 742 1874 778 te-

77 800 225 840 status.
967 819 969 821 ·
1113 830 1116 833 .

783 856 882 896 The
897 855 965 896 sis
995 855 1168 896 LXXII.

193 913 349 955 Deinde
387 925 573 969 magnum
618 914 810 955 exercitui
852 914 1095 967 praesidium
1138 917 1202 954 est
1243 912 1281 952 in
1321 913 1463 954 fiducia
1506 918 1548 954 et
1578 914 1874 955 existimatione

82 971 334 1024 imperatoris
344 984 358 1020 3
389 972 516 1013 omnis
548 973 651 1013 enim
682 972 852 1014 victoria
881 972 1072 1021 inanimi
1102 972 1254 1024 impetu
1284 972 1482 1012 consistit.
1524 974 1584 1012 At
1615 973 1649 1013 si
1679 973 1729 1012 ob
1749 984 1873 1024 gene-

77 1042 170 1071 sees
201 1026 507 1071 afflictationem
537 1032 618 1072 dux
646 1031 686 1076 in
719 1036 923 1072 contemtu
953 1035 1158 1072 versatur:
1202 1030 1419 1082 periculum
1448 1044 1520 1083 per
1551 1030 1873 1083 imaginationem

75 1089 117 1129 in
158 1089 379 1129 exercitum
421 1094 464 1130 et
500 1090 699 1130 fortunam
736 1090 832 1130 belli
874 1090 1085 1130 redundat.
1147 1089 1248 1131 Cum
1279 1089 1413 1141 itaque
1450 1090 1520 1130 illa
1545 1092 1585 1140 0!
1606 1090 1638 1137 Q
1659 1096 1692 1136 ες
1722 1090 1874 1130 Polono

75 1146 118 1187 in
148 1152 279 1189 ortum
310 1147 482 1197 incidat,
517 1153 558 1189 et
588 1147 697 1190 Solis
726 1149 900 1201 eclipsis
931 1148 970 1188 in
1002 1149 1211 1189 Moscovia
1249 1153 1290 1187 et
1320 1148 1486 1188 Polonia
1525 1149 1698 1189 maxima
1741 1147 1873 1196 fuerit,

77 1209 122 1247 et
149 1205 297 1247 bellum
321 1205 409 1258 jam
439 1205 495 1246 sit
531 1206 604 1252 ibi,
647 1212 745 1259 puto
783 1208 938 1248 cladem
976 1206 1034 1248 illi
1063 1206 1304 1259 significari:
1349 1207 1415 1259 qni
1458 1207 1492 1247 si
1535 1207 1636 1247 hanc
1679 1219 1874 1259 geneseos

77 1262 391 1307 stimulationem
422 1266 460 1306 in
492 1265 765 1306 fortitudinem
797 1271 950 1314 vertat,
981 1266 1136 1307 cladem
1168 1266 1253 1318 ipse
1285 1264 1454 1306 inferet:
1499 1265 1560 1305 sin
1598 1278 1679 1318 pax
1704 1265 1874 1318 ,interea

76 1323 191 1367 firma
217 1323 434 1374 coalescat,
466 1325 584 1377 plane
615 1325 765 1365 nullum
798 1329 863 1365 est
891 1324 1107 1378 periculmn
1138 1337 1187 1365 ex
1218 1324 1304 1364 solo
1335 1324 1460 1364 coelo.

780 1383 954 1432 Thespis
982 1383 1176 1423 LXXIII.

193 1438 330 1481 Tertio
372 1445 417 1480 et
450 1445 627 1481 nostram
669 1442 844 1493 patriam
887 1441 1021 1493 signat
1070 1442 1140 1482 illa
1181 1437 1269 1493 jam
1319 1440 1428 1481 dicta
1476 1440 1721 1492 conjunctio,
1772 1453 1872 1492 quae

77 1507 166 1549 eum
195 1497 595 1551 sitspaciosissima,
621 1501 707 1552 jam
739 1514 815 1540 non
847 1501 1020 1545 coelum,
1064 1501 1135 1540 sed
1179 1512 1324 1540 causae
1357 1499 1591 1539 sublunares
1622 1505 1755 1539 certas
1787 1499 1873 1550 ejus

74 1561 214 1609 partes
245 1556 420 1610 signant.
482 1557 588 1598 Nam
633 1559 710 1598 etsi
741 1559 813 1600 Sol
857 1557 1041 1599 universa
1078 1563 1287 1599 contuetur
1328 1563 1369 1597 et
1406 1557 1580 1604 calfacit,
1621 1571 1696 1597 non
1728 1557 1872 1610 ubique

77 1620 212 1656 tamen
243 1615 355 1656 olera
383 1616 580 1668 producit,
613 1630 686 1657 nec
717 1619 794 1658 nisi
825 1618 891 1659 ubi
922 1617 1120 1658 seminata
1151 1622 1256 1657 sunt.
1295 1616 1489 1656 Attamen
1523 1617 1572 1655 ob
1605 1617 1752 1655 Terrae
1782 1628 1871 1656 mo-

76 1677 186 1723 tum,
228 1679 274 1717 et
314 1686 504 1725 geneses,
550 1681 592 1715 et
631 1676 795 1728 eclipsin
828 1677 956 1724 Solis,
998 1689 1099 1728 quae
1132 1675 1253 1716 Gallo
1285 1680 1326 1714 et
1356 1675 1573 1726 Hispaniae
1606 1675 1733 1714 locum
1765 1673 1874 1714 Solis
1910 1720 1915 1726 ,

76 1731 259 1784 attingit,
291 1731 548 1784 peculiariter
577 1734 724 1786 aliquid
757 1735 805 1774 de
837 1735 1004 1783 Suevia‚
1037 1734 1244 1781 Helvetia,
1289 1734 1470 1773 Insubria
1501 1739 1544 1773 et
1575 1733 1703 1775 vicina
1735 1731 1872 1773 Gallia

74 1786 388 1843 expectabimus.

807 1851 902 1891 The
914 1864 981 1891 sis
1013 1850 1205 1891 LXXIV.

13 1953 20 1958 ,
71 1949 74 1952 ⁴
193 1904 389 1947 Sextilem
420 1907 541 1956 illum,
575 1912 620 1947 ut
650 1914 692 1949 et
723 1911 763 1959 c(
780 1909 820 1958 ‘Li
841 1915 875 1955 d
905 1909 995 1949 ideo
1027 1909 1182 1957 addidi,
1223 1909 1315 1961 quia
1345 1919 1514 1960 geneses
1546 1908 1740 1959 quasdam
1770 1909 1872 1948 πολι-

74 1971 244 2011 τονοσας
273 1964 461 2006 attinent.
531 1966 662 2007 Erunt
703 1968 840 2020 itaque
884 1981 1075 2020 operosae
1118 1968 1191 2006 hoc
1230 1979 1352 2015 anno3
1398 1965 1566 2005 feliciter
1605 1980 1655 2006 an
1695 1967 1870 2006 infauste

73 2022 190 2074 (post
217 2023 366 2072 Deum)
397 2036 521 2077 penes
552 2025 727 2077 ipsarum
757 2027 964 2067 arbitrium
1009 2032 1084 2067 est.
1146 2026 1341 2066 Fervidus
1384 2030 1517 2064 tamen
1555 2026 1720 2093 planeta
1759 2026 1872 2065 Mars

47 2085 277 2132 naturam,
316 2082 352 2123 si
381 2095 458 2123 non
490 2084 702 2125 admodum
734 2085 848 2126 fortis
881 2091 962 2134 est,
996 2085 1191 2125 afflictare
1222 2084 1386 2135 possit„
1416 2095 1502 2122 cum
1534 2084 1599 2124 diu
1631 2085 1669 2124 in
1702 2084 1870 2136 Virgine

49 2138 317 2190 obambulet,
350 2147 393 2182 et
421 2155 556 2182 mense
582 2143 732 2183 Martio
764 2144 851 2184 Soli
881 2144 1062 2196 objectus
1095 2143 1272 2183 natalem
1303 2143 1480 2182 infestet.

784 2203 956 2242 Thesis
987 2203 1159 2242 LXXV.

193 2254 287 2303 Scio
302 2258 430 2298 solere
462 2259 689 2311 astrologos
705 2273 754 2299 ex
768 2261 1042 2312 conjunctione
1057 2261 1170 2300 Jovis
1186 2263 1227 2297 et
1247 2258 1406 2307 Martis,
1440 2271 1540 2311 quae
1568 2259 1605 2298 in
1632 2257 1869 2300 17⁰Librae

38 2353 45 2364 ,
75 2313 227 2364 incidit,
259 2321 429 2356 mortem
460 2317 622 2370 egregio
655 2318 774 2358 alicui
804 2319 899 2359 belli
931 2319 1020 2358 duci
1050 2317 1291 2369 praedicere,
1324 2318 1559 2383 praesertim
1588 2317 1621 2356 si
1642 2318 1728 2370 quis
1749 2331 1868 2369 prae-

35 2375 51 2419 ,γ’
71 2372 230 2440 cipuum
260 2374 433 2426 aliquem
464 2376 593 2416 locum
623 2389 818 2428 geneseos
849 2378 903 2417 ibi
935 2377 1096 2417 habeat.
1159 2376 1205 2416 Id
1242 2387 1288 2413 ne
1335 2375 1373 2414 in
1405 2375 1642 2415 calumniam
1674 2377 1868 2423 trahatur,

35 2431 191 2485 qnasi
219 2433 372 2474 coelum
402 2434 604 2475 conditum
635 2435 792 2475 dicatur
823 2436 874 2475 ad
906 2435 1188 2475 interimendos
1226 2433 1439 2481 homines:
1475 2433 1592 2472 aliter
1636 2439 1700 2473 est
1737 2435 1868 2486 expli-

32 2478 258 2542 iocandum.
322 2489 476 2532 Sensus
508 2493 611 2533 enirn
641 2506 783 2533 revera
812 2494 876 2533 hic
908 2499 992 2533 est:
1028 2493 1131 2545 quod
1162 2497 1208 2532 ut
1239 2496 1427 2543 aspectus
1458 2491 1520 2530 hic
1551 2504 1623 2543 per
1649 2506 1692 2531 se
1730 2492 1870 2544 igneus

29 2549 124 2603 {reb
147 2548 342 2590 clarorum
372 2551 623 2602 planetarum
653 2556 742 2599 est,
774 2552 834 2591 ita
865 2552 1110 2604 experientia
1141 2555 1335 2596 testatur,
1381 2554 1422 2589 et
1454 2550 1674 2589 illustribus
1707 2550 1869 2590 familiis

0 2630 43 2670 Ι
39 2608 166 2647 'esse
195 2607 448 2649 familiarem.
509 2611 569 2650 At
601 2623 687 2649 eum
718 2610 844 2650 omnis
877 2611 959 2650 fere
991 2610 1166 2661 corporis
1204 2609 1267 2647 vel
1300 2608 1419 2647 animi
1457 2608 1669 2647 commotio
1707 2614 1777 2648 aut
1818 2609 1871 2648 ad

31 2651 221 2714 {duovum
250 2672 402 2707 statum
431 2668 631 2708 traductio
663 2674 756 2708 tunc
787 2669 882 2718 fiat,
927 2680 1015 2707 cum
1051 2667 1189 2719 genesi
1231 2666 1384 2706 coelum
1421 2667 1636 2718 respondet
1675 2667 1799 2719 (quod
1829 2667 1868 2707 in

29 2710 267 2777 {partubus
296 2725 510 2778 praecipue
541 2727 753 2779 apparet),
782 2727 826 2766 fit
858 2731 902 2766 ut
932 2726 1161 2778 plerumque
1181 2724 1303 2777 aliqui
1334 2724 1510 2764 illustres
1531 2724 1604 2763 sub
1632 2725 1703 2765 hos
1724 2738 1869 2778 aspec-

29 2750 143 2838 ἔθυε
171 2787 215 2823 et
244 2782 394 2824 similes
425 2797 515 2824 sese
547 2789 839 2832 commoveant,
885 2796 974 2824 cum
1010 2784 1050 2823 in
1082 2788 1199 2823 tanta
1228 2782 1478 2822 multitudine
1511 2782 1632 2834 aliqui
1663 2783 1736 2823 sub
1769 2784 1868 2824 tali-

43 2836 151 2881 ‘'“bus
180 2845 223 2881 et
250 2842 337 2882 nati
369 2841 462 2882 sint.
522 2843 600 2882 Illa
630 2854 724 2882 vero
756 2843 968 2882 commotio
999 2841 1058 2881 uti
1089 2842 1192 2881 male
1230 2840 1438 2891 dispositis
1458 2840 1665 2892 subjectis
1703 2842 1741 2881 in
1772 2854 1867 2894 per-

31 2890 219 2939 '‘niciem
241 2900 361 2949 cedit,
394 2900 453 2940 ita
482 2900 686 2949 firmiores,
719 2901 784 2940 vel
815 2900 963 2940 aetatis
996 2900 1061 2940 vel
1079 2898 1320 2939 valetudinis
1346 2900 1513 2947 ratione,
1542 2899 1594 2938 ad
1613 2913 1677 2940 res
1701 2913 1868 2952 magnas

31 2941 233 3006 &metim
266 2970 430 3011 quarum
458 2963 667 3011 utrumque
698 2959 739 2999 in
771 2958 940 2998 diversis
972 2957 1093 2998 etiam
1123 2958 1198 2998 hoc
1230 2969 1352 3007 anno,
1397 2958 1470 2997 sed
1505 2957 1615 2998 nulla
1644 2959 1763 3011 plane
1794 2971 1867 2998 ne-

32 3013 280 3072 smitam,
310 3015 395 3056 fieri
422 3020 573 3069 potest.
