<?xml version="1.0" encoding="UTF-8"?>
<!DOCTYPE html PUBLIC "-//W3C//DTD XHTML 1.0 Transitional//EN"
    "http://www.w3.org/TR/xhtml1/DTD/xhtml1-transitional.dtd">
<html xmlns="http://www.w3.org/1999/xhtml" xml:lang="en" lang="en">
 <head>
  <title>
</title>
<meta http-equiv="Content-Type" content="text/html;charset=utf-8" />
  <meta name='ocr-system' content='tesseract 3.04.00' />
  <meta name='ocr-capabilities' content='ocr_page ocr_carea ocr_par ocr_line ocrx_word'/>
</head>
<body>
  <div class='ocr_page' id='page_1' title='image "./operaomniaedidit01kepluoft/operaomniaedidit01kepluoft_0088.png"; bbox 0 0 1982 3268; ppageno 0'>
   <div class='ocr_carea' id='block_1_1' title="bbox 139 103 1154 147">
    <p class='ocr_par' dir='ltr' id='par_1_1' title="bbox 139 103 1154 147">
     <span class='ocr_line' id='line_1_1' title="bbox 139 103 1154 147; baseline 0.005 -16"><span class='ocrx_word' id='word_1_1' title='bbox 139 103 196 147; x_wconf 78' lang='grc'>66</span> <span class='ocrx_word' id='word_1_2' title='bbox 938 103 1154 136; x_wconf 82' lang='lat' dir='ltr'>Prooemium.</span> 
     </span>
    </p>
   </div>
   <div class='ocr_carea' id='block_1_2' title="bbox 139 207 1972 675">
    <p class='ocr_par' dir='ltr' id='par_1_2' title="bbox 139 207 1958 299">
     <span class='ocr_line' id='line_1_2' title="bbox 139 207 1958 248; baseline -0.001 -4"><span class='ocrx_word' id='word_1_3' title='bbox 139 220 265 245; x_wconf 85' lang='lat' dir='ltr'>annum</span> <span class='ocrx_word' id='word_1_4' title='bbox 288 214 366 242; x_wconf 86' lang='lat' dir='ltr'>ante</span> <span class='ocrx_word' id='word_1_5' title='bbox 392 208 556 242; x_wconf 76' lang='lat' dir='ltr'>Christum</span> <span class='ocrx_word' id='word_1_6' title='bbox 579 212 719 246; x_wconf 89' lang='lat' dir='ltr'>natum,</span> <span class='ocrx_word' id='word_1_7' title='bbox 758 213 836 240; x_wconf 86' lang='lat' dir='ltr'>ante</span> <span class='ocrx_word' id='word_1_8' title='bbox 869 208 954 241; x_wconf 88' lang='lat' dir='ltr'>haec</span> <span class='ocrx_word' id='word_1_9' title='bbox 991 213 1106 241; x_wconf 89' lang='lat' dir='ltr'>nostra</span> <span class='ocrx_word' id='word_1_10' title='bbox 1139 209 1253 242; x_wconf 86' lang='lat' dir='ltr'>secula</span> <span class='ocrx_word' id='word_1_11' title='bbox 1279 207 1370 240; x_wconf 79' lang='lat'>1876</span> <span class='ocrx_word' id='word_1_12' title='bbox 1397 209 1509 248; x_wconf 87' lang='lat' dir='ltr'>annis,</span> <span class='ocrx_word' id='word_1_13' title='bbox 1537 219 1578 242; x_wconf 86' lang='lat' dir='ltr'>ex</span> <span class='ocrx_word' id='word_1_14' title='bbox 1599 209 1792 243; x_wconf 88' lang='lat' dir='ltr'>Ptolemaeo</span> <span class='ocrx_word' id='word_1_15' title='bbox 1816 210 1872 242; x_wconf 85' lang='lat' dir='ltr'>lib.</span> <span class='ocrx_word' id='word_1_16' title='bbox 1899 209 1958 242; x_wconf 87' lang='lat'>111.</span> 
     </span>
     <span class='ocr_line' id='line_1_3' title="bbox 141 254 1675 299; baseline -0.001 -9"><span class='ocrx_word' id='word_1_17' title='bbox 141 267 214 299; x_wconf 88' lang='lat' dir='ltr'>cap.</span> <span class='ocrx_word' id='word_1_18' title='bbox 231 256 251 287; x_wconf 85' lang='lat'><strong><em>2</em></strong></span> <span class='ocrx_word' id='word_1_19' title='bbox 278 257 488 289; x_wconf 86' lang='lat' dir='ltr'>manifestum</span> <span class='ocrx_word' id='word_1_20' title='bbox 514 255 597 288; x_wconf 88' lang='lat' dir='ltr'>est.“</span> <span class='ocrx_word' id='word_1_21' title='bbox 650 255 702 295; x_wconf 85' lang='lat' dir='ltr'>(ln</span> <span class='ocrx_word' id='word_1_22' title='bbox 728 255 871 288; x_wconf 80' lang='lat' dir='ltr'><strong>editione</strong></span> <span class='ocrx_word' id='word_1_23' title='bbox 897 257 1082 298; x_wconf 85' lang='lat' dir='ltr'>Almagesti</span> <span class='ocrx_word' id='word_1_24' title='bbox 1107 256 1296 288; x_wconf 87' lang='lat' dir='ltr'>Venetiana</span> <span class='ocrx_word' id='word_1_25' title='bbox 1322 266 1352 288; x_wconf 89' lang='lat' dir='ltr'>a.</span> <span class='ocrx_word' id='word_1_26' title='bbox 1383 255 1473 288; x_wconf 87' lang='lat'>1515</span> <span class='ocrx_word' id='word_1_27' title='bbox 1499 256 1575 289; x_wconf 82' lang='lat' dir='ltr'>folio</span> <span class='ocrx_word' id='word_1_28' title='bbox 1602 254 1675 297; x_wconf 83' lang='lat'>28.)</span> 
     </span>
    </p>

    <p class='ocr_par' dir='ltr' id='par_1_3' title="bbox 139 301 1972 675">
     <span class='ocr_line' id='line_1_4' title="bbox 236 301 1958 345; baseline 0 -10"><span class='ocrx_word' id='word_1_29' title='bbox 236 303 536 342; x_wconf 85' lang='lat' dir='ltr'>„Mathematicus“</span> <span class='ocrx_word' id='word_1_30' title='bbox 563 303 619 345; x_wconf 89' lang='lat' dir='ltr'>qui</span> <span class='ocrx_word' id='word_1_31' title='bbox 641 302 813 335; x_wconf 87' lang='lat' dir='ltr'>Herwarto</span> <span class='ocrx_word' id='word_1_32' title='bbox 850 304 1052 335; x_wconf 89' lang='lat' dir='ltr'>sententiam</span> <span class='ocrx_word' id='word_1_33' title='bbox 1090 313 1183 335; x_wconf 91' lang='lat' dir='ltr'>suam</span> <span class='ocrx_word' id='word_1_34' title='bbox 1216 304 1256 336; x_wconf 91' lang='lat' dir='ltr'>de</span> <span class='ocrx_word' id='word_1_35' title='bbox 1282 303 1457 335; x_wconf 89' lang='lat' dir='ltr'>Prodromo</span> <span class='ocrx_word' id='word_1_36' title='bbox 1481 303 1670 345; x_wconf 78' lang='lat' dir='ltr'><strong>perscripsit</strong></span> <span class='ocrx_word' id='word_1_37' title='bbox 1695 302 1816 345; x_wconf 89' lang='lat' dir='ltr'>(comp.</span> <span class='ocrx_word' id='word_1_38' title='bbox 1841 301 1958 345; x_wconf 82' lang='lat' dir='ltr'>p.61)‚</span> 
     </span>
     <span class='ocr_line' id='line_1_5' title="bbox 139 350 1962 392; baseline -0.001 -9"><span class='ocrx_word' id='word_1_39' title='bbox 139 352 158 384; x_wconf 86' lang='lat' dir='ltr'><strong>J</strong></span> <span class='ocrx_word' id='word_1_40' title='bbox 171 351 360 383; x_wconf 89' lang='lat' dir='ltr'>ohannes</span> <span class='ocrx_word' id='word_1_41' title='bbox 385 351 635 383; x_wconf 84' lang='lat' dir='ltr'>Praetorius</span> <span class='ocrx_word' id='word_1_42' title='bbox 661 350 743 385; x_wconf 79' lang='lat' dir='ltr'>fuit,</span> <span class='ocrx_word' id='word_1_43' title='bbox 767 351 928 391; x_wconf 86' lang='lat' dir='ltr'>professor</span> <span class='ocrx_word' id='word_1_44' title='bbox 951 354 1022 382; x_wconf 87' lang='lat' dir='ltr'>tum</span> <span class='ocrx_word' id='word_1_45' title='bbox 1048 352 1203 392; x_wconf 89' lang='lat' dir='ltr'>temporis</span> <span class='ocrx_word' id='word_1_46' title='bbox 1227 351 1415 383; x_wconf 84' lang='lat' dir='ltr'>matheseos</span> <span class='ocrx_word' id='word_1_47' title='bbox 1449 352 1483 382; x_wconf 92' lang='lat' dir='ltr'>in</span> <span class='ocrx_word' id='word_1_48' title='bbox 1518 351 1694 383; x_wconf 75' lang='lat' dir='ltr'><strong>academia</strong></span> <span class='ocrx_word' id='word_1_49' title='bbox 1715 350 1903 384; x_wconf 82' lang='lat' dir='ltr'>Altorfiana</span> <span class='ocrx_word' id='word_1_50' title='bbox 1927 356 1962 382; x_wconf 88' lang='lat' dir='ltr'>et</span> 
     </span>
     <span class='ocr_line' id='line_1_6' title="bbox 141 396 1961 439; baseline -0.001 -8"><span class='ocrx_word' id='word_1_51' title='bbox 141 403 346 431; x_wconf 83' lang='lat' dir='ltr'>astronomus</span> <span class='ocrx_word' id='word_1_52' title='bbox 379 399 428 430; x_wconf 88' lang='lat' dir='ltr'>rei</span> <span class='ocrx_word' id='word_1_53' title='bbox 451 398 604 439; x_wconf 85' lang='lat' dir='ltr'>publicae</span> <span class='ocrx_word' id='word_1_54' title='bbox 629 396 911 439; x_wconf 84' lang='lat' dir='ltr'>Norimbergensis</span> <span class='ocrx_word' id='word_1_55' title='bbox 946 397 1002 437; x_wconf 86' lang='lat' dir='ltr'>(ob</span> <span class='ocrx_word' id='word_1_56' title='bbox 1027 408 1144 430; x_wconf 88' lang='lat' dir='ltr'>munus</span> <span class='ocrx_word' id='word_1_57' title='bbox 1179 399 1240 439; x_wconf 90' lang='lat' dir='ltr'>ipsi</span> <span class='ocrx_word' id='word_1_58' title='bbox 1275 398 1468 430; x_wconf 87' lang='lat' dir='ltr'>mandatum</span> <span class='ocrx_word' id='word_1_59' title='bbox 1501 398 1727 431; x_wconf 86' lang='lat' dir='ltr'>conscribendi</span> <span class='ocrx_word' id='word_1_60' title='bbox 1762 396 1961 430; x_wconf 77' lang='lat' dir='ltr'>calendaria</span> 
     </span>
     <span class='ocr_line' id='line_1_7' title="bbox 140 443 1958 487; baseline -0.001 -9"><span class='ocrx_word' id='word_1_61' title='bbox 140 443 402 485; x_wconf 85' lang='lat' dir='ltr'>anniversaria),</span> <span class='ocrx_word' id='word_1_62' title='bbox 436 446 491 487; x_wconf 89' lang='lat' dir='ltr'>qui</span> <span class='ocrx_word' id='word_1_63' title='bbox 527 454 642 486; x_wconf 87' lang='lat' dir='ltr'>parum</span> <span class='ocrx_word' id='word_1_64' title='bbox 679 444 809 486; x_wconf 89' lang='lat' dir='ltr'>quidem</span> <span class='ocrx_word' id='word_1_65' title='bbox 842 445 986 476; x_wconf 87' lang='lat' dir='ltr'>innotuit</span> <span class='ocrx_word' id='word_1_66' title='bbox 1020 446 1210 486; x_wconf 86' lang='lat' dir='ltr'>conscriptis</span> <span class='ocrx_word' id='word_1_67' title='bbox 1246 445 1333 477; x_wconf 89' lang='lat' dir='ltr'>libris</span> <span class='ocrx_word' id='word_1_68' title='bbox 1365 445 1629 482; x_wconf 80' lang='lat' dir='ltr'>mathematicis,</span> <span class='ocrx_word' id='word_1_69' title='bbox 1664 454 1863 487; x_wconf 83' lang='lat' dir='ltr'>quamquam</span> <span class='ocrx_word' id='word_1_70' title='bbox 1885 454 1958 486; x_wconf 87' lang='lat' dir='ltr'>per·</span> 
     </span>
     <span class='ocr_line' id='line_1_8' title="bbox 139 490 1972 535; baseline 0 -11"><span class='ocrx_word' id='word_1_71' title='bbox 139 492 245 524; x_wconf 88' lang='lat' dir='ltr'>multa</span> <span class='ocrx_word' id='word_1_72' title='bbox 277 493 407 535; x_wconf 88' lang='lat' dir='ltr'>reliquit</span> <span class='ocrx_word' id='word_1_73' title='bbox 439 492 666 532; x_wconf 88' lang='lat' dir='ltr'>manuscripta</span> <span class='ocrx_word' id='word_1_74' title='bbox 697 491 740 523; x_wconf 87' lang='lat' dir='ltr'>ad</span> <span class='ocrx_word' id='word_1_75' title='bbox 770 492 935 523; x_wconf 84' lang='lat' dir='ltr'>mathesin</span> <span class='ocrx_word' id='word_1_76' title='bbox 968 493 1265 534; x_wconf 84' lang='lat' dir='ltr'>astronomiamque</span> <span class='ocrx_word' id='word_1_77' title='bbox 1305 493 1506 533; x_wconf 86' lang='lat' dir='ltr'>pertinentia</span> <span class='ocrx_word' id='word_1_78' title='bbox 1547 490 1668 534; x_wconf 87' lang='lat' dir='ltr'>(comp.</span> <span class='ocrx_word' id='word_1_79' title='bbox 1705 491 1972 533; x_wconf 76' lang='lat' dir='ltr'>Doppelmaierz‘</span> 
     </span>
     <span class='ocr_line' id='line_1_9' title="bbox 143 536 1960 581; baseline 0 -11"><span class='ocrx_word' id='word_1_80' title='bbox 143 539 240 578; x_wconf 85' lang='lat' dir='ltr'>„Von</span> <span class='ocrx_word' id='word_1_81' title='bbox 265 539 329 571; x_wconf 89' lang='lat' dir='ltr'>den</span> <span class='ocrx_word' id='word_1_82' title='bbox 353 539 479 572; x_wconf 84' lang='lat' dir='ltr'>Niirnb.</span> <span class='ocrx_word' id='word_1_83' title='bbox 504 538 787 574; x_wconf 85' lang='lat' dir='ltr'>Mathematicis“,</span> <span class='ocrx_word' id='word_1_84' title='bbox 825 549 856 580; x_wconf 89' lang='lat' dir='ltr'>p.</span> <span class='ocrx_word' id='word_1_85' title='bbox 884 536 967 578; x_wconf 87' lang='grc'>86),</span> <span class='ocrx_word' id='word_1_86' title='bbox 1002 540 1108 581; x_wconf 83' lang='lat' dir='ltr'>magis</span> <span class='ocrx_word' id='word_1_87' title='bbox 1145 550 1220 571; x_wconf 88' lang='lat' dir='ltr'>vero</span> <span class='ocrx_word' id='word_1_88' title='bbox 1256 539 1415 572; x_wconf 88' lang='lat' dir='ltr'>confectis</span> <span class='ocrx_word' id='word_1_89' title='bbox 1459 539 1683 576; x_wconf 71' lang='lat' dir='ltr'>instrumentis</span> <span class='ocrx_word' id='word_1_90' title='bbox 1716 538 1960 572; x_wconf 75' lang='lat' dir='ltr'>mathematicis</span> 
     </span>
     <span class='ocr_line' id='line_1_10' title="bbox 139 583 1960 628; baseline -0.001 -9"><span class='ocrx_word' id='word_1_91' title='bbox 139 585 330 626; x_wconf 84' lang='lat' dir='ltr'>(„mensula</span> <span class='ocrx_word' id='word_1_92' title='bbox 351 583 622 626; x_wconf 84' lang='lat' dir='ltr'>Praetoriana“).</span> <span class='ocrx_word' id='word_1_93' title='bbox 672 585 764 617; x_wconf 82' lang='lat' dir='ltr'>Inest</span> <span class='ocrx_word' id='word_1_94' title='bbox 785 586 943 626; x_wconf 82' lang='lat' dir='ltr'>judicium</span> <span class='ocrx_word' id='word_1_95' title='bbox 968 586 1128 618; x_wconf 88' lang='lat' dir='ltr'>Praetorii</span> <span class='ocrx_word' id='word_1_96' title='bbox 1153 583 1278 624; x_wconf 81' lang='lat' dir='ltr'>literis,</span> <span class='ocrx_word' id='word_1_97' title='bbox 1313 585 1344 618; x_wconf 92' lang='lat' dir='ltr'>d.</span> <span class='ocrx_word' id='word_1_98' title='bbox 1371 586 1402 618; x_wconf 91' lang='lat' dir='ltr'>d.</span> <span class='ocrx_word' id='word_1_99' title='bbox 1431 585 1474 618; x_wconf 87' lang='grc'>23</span> <span class='ocrx_word' id='word_1_100' title='bbox 1501 587 1578 628; x_wconf 84' lang='lat' dir='ltr'>Apr.</span> <span class='ocrx_word' id='word_1_101' title='bbox 1605 590 1646 618; x_wconf 91' lang='lat' dir='ltr'>st.</span> <span class='ocrx_word' id='word_1_102' title='bbox 1672 596 1702 618; x_wconf 82' lang='lat' dir='ltr'>v.</span> <span class='ocrx_word' id='word_1_103' title='bbox 1731 584 1843 623; x_wconf 76' lang='lat'><strong>1598,</strong></span> <span class='ocrx_word' id='word_1_104' title='bbox 1877 596 1960 628; x_wconf 84' lang='lat' dir='ltr'>quas</span> 
     </span>
     <span class='ocr_line' id='line_1_11' title="bbox 143 632 1249 675; baseline 0 -9"><span class='ocrx_word' id='word_1_105' title='bbox 143 634 414 675; x_wconf 87' lang='lat' dir='ltr'>deprehendimus</span> <span class='ocrx_word' id='word_1_106' title='bbox 439 634 526 665; x_wconf 86' lang='lat' dir='ltr'>inter</span> <span class='ocrx_word' id='word_1_107' title='bbox 549 633 630 665; x_wconf 90' lang='lat' dir='ltr'>Mss.</span> <span class='ocrx_word' id='word_1_108' title='bbox 656 633 820 664; x_wconf 86' lang='lat' dir='ltr'>Herwarti</span> <span class='ocrx_word' id='word_1_109' title='bbox 845 632 1015 665; x_wconf 88' lang='lat' dir='ltr'>Monachii</span> <span class='ocrx_word' id='word_1_110' title='bbox 1043 638 1249 666; x_wconf 83' lang='lat' dir='ltr'>conservata.</span> 
     </span>
    </p>
   </div>
   <div class='ocr_carea' id='block_1_3' title="bbox 132 691 1982 1442">
    <p class='ocr_par' dir='ltr' id='par_1_4' title="bbox 132 691 1982 1442">
     <span class='ocr_line' id='line_1_12' title="bbox 233 691 1960 733; baseline -0.001 -9"><span class='ocrx_word' id='word_1_111' title='bbox 233 693 328 724; x_wconf 86' lang='lat' dir='ltr'>Haec</span> <span class='ocrx_word' id='word_1_112' title='bbox 363 696 475 724; x_wconf 87' lang='lat' dir='ltr'>autem</span> <span class='ocrx_word' id='word_1_113' title='bbox 511 695 588 723; x_wconf 87' lang='lat' dir='ltr'>sunt</span> <span class='ocrx_word' id='word_1_114' title='bbox 621 691 707 722; x_wconf 89' lang='lat' dir='ltr'>illius</span> <span class='ocrx_word' id='word_1_115' title='bbox 732 692 853 723; x_wconf 86' lang='lat' dir='ltr'>verba:</span> <span class='ocrx_word' id='word_1_116' title='bbox 883 691 936 723; x_wconf 87' lang='lat' dir='ltr'>De</span> <span class='ocrx_word' id='word_1_117' title='bbox 961 692 1120 732; x_wconf 85' lang='lat' dir='ltr'>Koepleri</span> <span class='ocrx_word' id='word_1_118' title='bbox 1144 692 1286 733; x_wconf 87' lang='lat' dir='ltr'>quadam</span> <span class='ocrx_word' id='word_1_119' title='bbox 1311 692 1530 733; x_wconf 71' lang='lat' dir='ltr'>propositione</span> <span class='ocrx_word' id='word_1_120' title='bbox 1563 696 1598 724; x_wconf 88' lang='lat' dir='ltr'>et</span> <span class='ocrx_word' id='word_1_121' title='bbox 1621 691 1790 724; x_wconf 86' lang='lat' dir='ltr'>Prodromi</span> <span class='ocrx_word' id='word_1_122' title='bbox 1820 700 1960 724; x_wconf 78' lang='lat' dir='ltr'>censura</span> 
     </span>
     <span class='ocr_line' id='line_1_13' title="bbox 140 738 1958 782; baseline -0.001 -11"><span class='ocrx_word' id='word_1_123' title='bbox 140 741 312 782; x_wconf 77' lang='lat' dir='ltr'>expetitur.</span> <span class='ocrx_word' id='word_1_124' title='bbox 361 739 415 771; x_wconf 90' lang='lat' dir='ltr'>De</span> <span class='ocrx_word' id='word_1_125' title='bbox 439 739 503 771; x_wconf 87' lang='lat' dir='ltr'>hac</span> <span class='ocrx_word' id='word_1_126' title='bbox 528 739 629 780; x_wconf 90' lang='lat' dir='ltr'>ipsius</span> <span class='ocrx_word' id='word_1_127' title='bbox 654 738 838 770; x_wconf 80' lang='lat' dir='ltr'>subtilitate</span> <span class='ocrx_word' id='word_1_128' title='bbox 862 739 949 770; x_wconf 90' lang='lat' dir='ltr'>malo</span> <span class='ocrx_word' id='word_1_129' title='bbox 975 739 1056 770; x_wconf 89' lang='lat' dir='ltr'>alios</span> <span class='ocrx_word' id='word_1_130' title='bbox 1083 740 1281 771; x_wconf 88' lang='lat' dir='ltr'>sententiam</span> <span class='ocrx_word' id='word_1_131' title='bbox 1308 740 1409 774; x_wconf 81' lang='lat' dir='ltr'>serre,</span> <span class='ocrx_word' id='word_1_132' title='bbox 1443 740 1498 780; x_wconf 92' lang='lat' dir='ltr'>qui</span> <span class='ocrx_word' id='word_1_133' title='bbox 1533 749 1598 771; x_wconf 89' lang='lat' dir='ltr'>non</span> <span class='ocrx_word' id='word_1_134' title='bbox 1632 739 1857 771; x_wconf 75' lang='lat' dir='ltr'>astronomicis</span> <span class='ocrx_word' id='word_1_135' title='bbox 1882 739 1958 770; x_wconf 88' lang='lat' dir='ltr'>sim-</span> 
     </span>
     <span class='ocr_line' id='line_1_14' title="bbox 138 783 1982 828; baseline -0.001 -9"><span class='ocrx_word' id='word_1_136' title='bbox 138 787 267 828; x_wconf 73' lang='lat' dir='ltr'>pliciter</span> <span class='ocrx_word' id='word_1_137' title='bbox 297 786 574 828; x_wconf 85' lang='lat' dir='ltr'>speculationibus</span> <span class='ocrx_word' id='word_1_138' title='bbox 612 786 758 817; x_wconf 88' lang='lat' dir='ltr'>contenti</span> <span class='ocrx_word' id='word_1_139' title='bbox 794 787 972 818; x_wconf 87' lang='lat' dir='ltr'>secretiora</span> <span class='ocrx_word' id='word_1_140' title='bbox 995 790 1135 818; x_wconf 87' lang='lat' dir='ltr'>naturae</span> <span class='ocrx_word' id='word_1_141' title='bbox 1162 786 1297 818; x_wconf 88' lang='lat' dir='ltr'>decreta</span> <span class='ocrx_word' id='word_1_142' title='bbox 1328 786 1472 827; x_wconf 88' lang='lat' dir='ltr'>physicis</span> <span class='ocrx_word' id='word_1_143' title='bbox 1511 789 1545 818; x_wconf 89' lang='lat' dir='ltr'>et</span> <span class='ocrx_word' id='word_1_144' title='bbox 1574 785 1808 827; x_wconf 79' lang='lat' dir='ltr'>metaphysicis</span> <span class='ocrx_word' id='word_1_145' title='bbox 1834 783 1888 826; x_wconf 92' lang='lat' dir='ltr'>(ut</span> <span class='ocrx_word' id='word_1_146' title='bbox 1912 786 1960 819; x_wconf 85' lang='lat' dir='ltr'>ait</span> <span class='ocrx_word' id='word_1_147' title='bbox 1975 783 1982 814; x_wconf 72' lang='lat' dir='ltr'>v3</span> 
     </span>
     <span class='ocr_line' id='line_1_15' title="bbox 143 831 1982 875; baseline 0.001 -9"><span class='ocrx_word' id='word_1_148' title='bbox 143 831 254 873; x_wconf 88' lang='lat' dir='ltr'>autor)</span> <span class='ocrx_word' id='word_1_149' title='bbox 285 833 466 866; x_wconf 86' lang='lat' dir='ltr'>rationibus</span> <span class='ocrx_word' id='word_1_150' title='bbox 507 833 618 864; x_wconf 89' lang='lat' dir='ltr'>rimari</span> <span class='ocrx_word' id='word_1_151' title='bbox 652 837 835 870; x_wconf 89' lang='lat' dir='ltr'>conantur,</span> <span class='ocrx_word' id='word_1_152' title='bbox 872 837 905 865; x_wconf 90' lang='lat' dir='ltr'>et</span> <span class='ocrx_word' id='word_1_153' title='bbox 939 834 1055 865; x_wconf 88' lang='lat' dir='ltr'>iisdem</span> <span class='ocrx_word' id='word_1_154' title='bbox 1088 834 1223 875; x_wconf 84' lang='lat' dir='ltr'>argutiis</span> <span class='ocrx_word' id='word_1_155' title='bbox 1257 833 1474 872; x_wconf 80' lang='lat' dir='ltr'>delectantur.</span> <span class='ocrx_word' id='word_1_156' title='bbox 1522 832 1647 875; x_wconf 81' lang='lat' dir='ltr'>Magno</span> <span class='ocrx_word' id='word_1_157' title='bbox 1673 842 1750 865; x_wconf 89' lang='lat' dir='ltr'>cum</span> <span class='ocrx_word' id='word_1_158' title='bbox 1773 833 1888 866; x_wconf 85' lang='lat' dir='ltr'>ardore</span> <span class='ocrx_word' id='word_1_159' title='bbox 1914 833 1982 874; x_wconf 68' lang='lat' dir='ltr'>ad;</span> 
     </span>
     <span class='ocr_line' id='line_1_16' title="bbox 141 880 1959 922; baseline 0.001 -10"><span class='ocrx_word' id='word_1_160' title='bbox 141 880 213 913; x_wconf 89' lang='lat' dir='ltr'>libri</span> <span class='ocrx_word' id='word_1_161' title='bbox 237 881 334 921; x_wconf 79' lang='lat' dir='ltr'>hujus</span> <span class='ocrx_word' id='word_1_162' title='bbox 359 880 535 912; x_wconf 88' lang='lat' dir='ltr'>lectionem</span> <span class='ocrx_word' id='word_1_163' title='bbox 561 880 778 916; x_wconf 78' lang='lat' dir='ltr'>accedebam,</span> <span class='ocrx_word' id='word_1_164' title='bbox 806 880 883 918; x_wconf 87' lang='lat' dir='ltr'>sed,</span> <span class='ocrx_word' id='word_1_165' title='bbox 910 885 947 912; x_wconf 93' lang='lat' dir='ltr'>ut</span> <span class='ocrx_word' id='word_1_166' title='bbox 973 891 1084 912; x_wconf 88' lang='lat' dir='ltr'>verum</span> <span class='ocrx_word' id='word_1_167' title='bbox 1108 881 1227 920; x_wconf 87' lang='lat' dir='ltr'>fatear,</span> <span class='ocrx_word' id='word_1_168' title='bbox 1255 884 1288 912; x_wconf 89' lang='lat' dir='ltr'>et</span> <span class='ocrx_word' id='word_1_169' title='bbox 1313 880 1399 922; x_wconf 92' lang='lat' dir='ltr'>quod</span> <span class='ocrx_word' id='word_1_170' title='bbox 1422 880 1522 912; x_wconf 91' lang='lat' dir='ltr'>nolim</span> <span class='ocrx_word' id='word_1_171' title='bbox 1547 881 1582 912; x_wconf 90' lang='lat' dir='ltr'>in</span> <span class='ocrx_word' id='word_1_172' title='bbox 1607 880 1731 912; x_wconf 87' lang='lat' dir='ltr'>autoris</span> <span class='ocrx_word' id='word_1_173' title='bbox 1757 884 1982 920; x_wconf 76' lang='lat' dir='ltr'>contemtum</span> 
     </span>
     <span class='ocr_line' id='line_1_17' title="bbox 140 927 1982 970; baseline 0 -10"><span class='ocrx_word' id='word_1_174' title='bbox 140 932 199 960; x_wconf 89' lang='lat' dir='ltr'>aut</span> <span class='ocrx_word' id='word_1_175' title='bbox 234 928 520 970; x_wconf 87' lang='lat' dir='ltr'>reprehensionem</span> <span class='ocrx_word' id='word_1_176' title='bbox 553 927 676 958; x_wconf 90' lang='lat' dir='ltr'>dictum</span> <span class='ocrx_word' id='word_1_177' title='bbox 691 950 699 962; x_wconf 91' lang='lat'><strong><em>‚</em></strong></span> <span class='ocrx_word' id='word_1_178' title='bbox 735 932 858 968; x_wconf 89' lang='lat' dir='ltr'>quanto</span> <span class='ocrx_word' id='word_1_179' title='bbox 891 937 965 959; x_wconf 92' lang='lat' dir='ltr'>cum</span> <span class='ocrx_word' id='word_1_180' title='bbox 990 930 1114 968; x_wconf 84' lang='lat' dir='ltr'>majore</span> <span class='ocrx_word' id='word_1_181' title='bbox 1139 933 1261 960; x_wconf 90' lang='lat' dir='ltr'>conatu</span> <span class='ocrx_word' id='word_1_182' title='bbox 1286 938 1400 959; x_wconf 80' lang='lat' dir='ltr'>nervos</span> <span class='ocrx_word' id='word_1_183' title='bbox 1432 927 1604 960; x_wconf 82' lang='lat' dir='ltr'>intendere</span> <span class='ocrx_word' id='word_1_184' title='bbox 1641 927 1814 969; x_wconf 86' lang='lat' dir='ltr'>cupiebam</span> <span class='ocrx_word' id='word_1_185' title='bbox 1860 931 1894 960; x_wconf 89' lang='lat' dir='ltr'>et</span> <span class='ocrx_word' id='word_1_186' title='bbox 1925 928 1982 966; x_wconf 45' lang='lat' dir='ltr'>inst</span> 
     </span>
     <span class='ocr_line' id='line_1_18' title="bbox 138 971 1982 1018; baseline 0 -12"><span class='ocrx_word' id='word_1_187' title='bbox 138 975 279 1018; x_wconf 87' lang='lat' dir='ltr'>legendo</span> <span class='ocrx_word' id='word_1_188' title='bbox 304 975 451 1017; x_wconf 84' lang='lat' dir='ltr'>pergere,</span> <span class='ocrx_word' id='word_1_189' title='bbox 478 978 571 1006; x_wconf 87' lang='lat' dir='ltr'>tanto</span> <span class='ocrx_word' id='word_1_190' title='bbox 596 974 781 1016; x_wconf 85' lang='lat' dir='ltr'>languidior</span> <span class='ocrx_word' id='word_1_191' title='bbox 806 975 925 1014; x_wconf 78' lang='lat' dir='ltr'>factus,</span> <span class='ocrx_word' id='word_1_192' title='bbox 953 976 1039 1006; x_wconf 91' lang='lat' dir='ltr'>omni</span> <span class='ocrx_word' id='word_1_193' title='bbox 1065 985 1122 1016; x_wconf 90' lang='lat' dir='ltr'>spe</span> <span class='ocrx_word' id='word_1_194' title='bbox 1147 975 1323 1007; x_wconf 86' lang='lat' dir='ltr'>frustratus</span> <span class='ocrx_word' id='word_1_195' title='bbox 1348 975 1404 1007; x_wconf 84' lang='lat' dir='ltr'>fui.</span> <span class='ocrx_word' id='word_1_196' title='bbox 1438 975 1482 1006; x_wconf 87' lang='lat' dir='ltr'>Et</span> <span class='ocrx_word' id='word_1_197' title='bbox 1506 975 1532 1006; x_wconf 88' lang='lat' dir='ltr'>si</span> <span class='ocrx_word' id='word_1_198' title='bbox 1551 983 1687 1007; x_wconf 86' lang='lat' dir='ltr'>causam</span> <span class='ocrx_word' id='word_1_199' title='bbox 1713 975 1784 1016; x_wconf 89' lang='lat' dir='ltr'>quis</span> <span class='ocrx_word' id='word_1_200' title='bbox 1808 971 1982 1017; x_wconf 59' lang='grc' dir='ltr'><strong>(11100108,ξῖ</strong></span> 
     </span>
     <span class='ocr_line' id='line_1_19' title="bbox 140 1021 1972 1066; baseline 0 -12"><span class='ocrx_word' id='word_1_201' title='bbox 140 1022 289 1065; x_wconf 86' lang='lat' dir='ltr'>equidem</span> <span class='ocrx_word' id='word_1_202' title='bbox 315 1023 410 1054; x_wconf 89' lang='lat' dir='ltr'>aliter</span> <span class='ocrx_word' id='word_1_203' title='bbox 434 1022 630 1062; x_wconf 88' lang='lat' dir='ltr'>respondere</span> <span class='ocrx_word' id='word_1_204' title='bbox 655 1031 721 1052; x_wconf 89' lang='grc'><strong>0011</strong></span> <span class='ocrx_word' id='word_1_205' title='bbox 745 1023 876 1062; x_wconf 88' lang='lat' dir='ltr'>possim,</span> <span class='ocrx_word' id='word_1_206' title='bbox 903 1031 1002 1064; x_wconf 89' lang='lat' dir='ltr'>quam</span> <span class='ocrx_word' id='word_1_207' title='bbox 1027 1023 1112 1064; x_wconf 88' lang='lat' dir='ltr'>quod</span> <span class='ocrx_word' id='word_1_208' title='bbox 1136 1023 1305 1054; x_wconf 83' lang='lat' dir='ltr'>minimam</span> <span class='ocrx_word' id='word_1_209' title='bbox 1331 1022 1449 1054; x_wconf 85' lang='lat' dir='ltr'>harum</span> <span class='ocrx_word' id='word_1_210' title='bbox 1474 1032 1582 1055; x_wconf 88' lang='lat' dir='ltr'>rerum</span> <span class='ocrx_word' id='word_1_211' title='bbox 1606 1025 1737 1063; x_wconf 86' lang='lat' dir='ltr'>partem</span> <span class='ocrx_word' id='word_1_212' title='bbox 1761 1021 1969 1066; x_wconf 78' lang='lat' dir='ltr'>intelligam</span> <span class='ocrx_word' id='word_1_213' title='bbox 1966 1024 1972 1031; x_wconf 84' lang='lat'><em>&#39;</em></span> 
     </span>
     <span class='ocr_line' id='line_1_20' title="bbox 132 1068 1971 1111; baseline -0.001 -9"><span class='ocrx_word' id='word_1_214' title='bbox 132 1072 174 1102; x_wconf 77' lang='lat' dir='ltr'>&#39;et</span> <span class='ocrx_word' id='word_1_215' title='bbox 198 1069 284 1111; x_wconf 88' lang='lat' dir='ltr'>quod</span> <span class='ocrx_word' id='word_1_216' title='bbox 309 1070 502 1106; x_wconf 84' lang='lat' dir='ltr'>existimem,</span> <span class='ocrx_word' id='word_1_217' title='bbox 529 1069 613 1100; x_wconf 88' lang='lat' dir='ltr'>haec</span> <span class='ocrx_word' id='word_1_218' title='bbox 639 1077 660 1100; x_wconf 90' lang='lat' dir='ltr'>a</span> <span class='ocrx_word' id='word_1_219' title='bbox 684 1078 781 1109; x_wconf 90' lang='lat' dir='ltr'>scopo</span> <span class='ocrx_word' id='word_1_220' title='bbox 807 1070 1026 1101; x_wconf 83' lang='lat' dir='ltr'>astronomiae</span> <span class='ocrx_word' id='word_1_221' title='bbox 1051 1069 1198 1101; x_wconf 86' lang='lat' dir='ltr'>nonnihil</span> <span class='ocrx_word' id='word_1_222' title='bbox 1225 1070 1399 1106; x_wconf 85' lang='lat' dir='ltr'>aberrare,</span> <span class='ocrx_word' id='word_1_223' title='bbox 1426 1070 1477 1101; x_wconf 87' lang='lat' dir='ltr'>vel</span> <span class='ocrx_word' id='word_1_224' title='bbox 1505 1070 1613 1110; x_wconf 88' lang='lat' dir='ltr'>potius</span> <span class='ocrx_word' id='word_1_225' title='bbox 1638 1068 1682 1101; x_wconf 86' lang='lat' dir='ltr'>ad</span> <span class='ocrx_word' id='word_1_226' title='bbox 1697 1069 1868 1110; x_wconf 79' lang='lat' dir='ltr'>physicam</span> <span class='ocrx_word' id='word_1_227' title='bbox 1884 1071 1971 1111; x_wconf 64' lang='lat' dir='ltr'>per-23⁴</span> 
     </span>
     <span class='ocr_line' id='line_1_21' title="bbox 138 1112 1971 1166; baseline -0.001 -18"><span class='ocrx_word' id='word_1_228' title='bbox 138 1117 254 1152; x_wconf 81' lang='lat' dir='ltr'>tinere,</span> <span class='ocrx_word' id='word_1_229' title='bbox 281 1126 366 1158; x_wconf 85' lang='lat' dir='ltr'>quae</span> <span class='ocrx_word' id='word_1_230' title='bbox 393 1121 614 1148; x_wconf 79' lang='lat' dir='ltr'>astronomum</span> <span class='ocrx_word' id='word_1_231' title='bbox 638 1125 703 1147; x_wconf 92' lang='lat' dir='ltr'>non</span> <span class='ocrx_word' id='word_1_232' title='bbox 728 1116 796 1147; x_wconf 85' lang='lat' dir='ltr'>fere</span> <span class='ocrx_word' id='word_1_233' title='bbox 821 1116 888 1148; x_wconf 88' lang='lat' dir='ltr'>ulla</span> <span class='ocrx_word' id='word_1_234' title='bbox 913 1117 946 1148; x_wconf 91' lang='lat' dir='ltr'>in</span> <span class='ocrx_word' id='word_1_235' title='bbox 971 1126 1005 1148; x_wconf 87' lang='lat' dir='ltr'>re</span> <span class='ocrx_word' id='word_1_236' title='bbox 1028 1118 1143 1157; x_wconf 84' lang='lat' dir='ltr'>juvare</span> <span class='ocrx_word' id='word_1_237' title='bbox 1167 1122 1315 1158; x_wconf 87' lang='lat' dir='ltr'>possunt.</span> <span class='ocrx_word' id='word_1_238' title='bbox 1366 1117 1449 1148; x_wconf 89' lang='lat' dir='ltr'>Puto</span> <span class='ocrx_word' id='word_1_239' title='bbox 1479 1117 1515 1148; x_wconf 90' lang='lat' dir='ltr'>in</span> <span class='ocrx_word' id='word_1_240' title='bbox 1540 1116 1739 1158; x_wconf 82' lang='lat' dir='ltr'>disciplinis,</span> <span class='ocrx_word' id='word_1_241' title='bbox 1764 1114 1797 1149; x_wconf 90' lang='grc'>11.</span> <span class='ocrx_word' id='word_1_242' title='bbox 1823 1126 1854 1148; x_wconf 90' lang='grc'>0.</span> <span class='ocrx_word' id='word_1_243' title='bbox 1878 1124 1970 1166; x_wconf 59' lang='lat' dir='ltr'>geo·1</span> <span class='ocrx_word' id='word_1_244' title='bbox 1959 1112 1971 1147; x_wconf 65' lang='lat'>³3</span> 
     </span>
     <span class='ocr_line' id='line_1_22' title="bbox 138 1137 1982 1206; baseline 0 -11"><span class='ocrx_word' id='word_1_245' title='bbox 138 1164 282 1196; x_wconf 87' lang='lat' dir='ltr'>metricis</span> <span class='ocrx_word' id='word_1_246' title='bbox 308 1167 342 1196; x_wconf 89' lang='lat' dir='ltr'>et</span> <span class='ocrx_word' id='word_1_247' title='bbox 367 1164 596 1200; x_wconf 85' lang='lat' dir='ltr'>arithmeticis,</span> <span class='ocrx_word' id='word_1_248' title='bbox 627 1163 773 1204; x_wconf 90' lang='lat' dir='ltr'>inprimis</span> <span class='ocrx_word' id='word_1_249' title='bbox 799 1164 971 1195; x_wconf 87' lang='lat' dir='ltr'>scientiam</span> <span class='ocrx_word' id='word_1_250' title='bbox 995 1173 1053 1205; x_wconf 89' lang='lat' dir='ltr'>per</span> <span class='ocrx_word' id='word_1_251' title='bbox 1077 1174 1112 1196; x_wconf 92' lang='lat' dir='ltr'>se</span> <span class='ocrx_word' id='word_1_252' title='bbox 1138 1163 1242 1195; x_wconf 90' lang='lat' dir='ltr'>solam</span> <span class='ocrx_word' id='word_1_253' title='bbox 1267 1165 1408 1205; x_wconf 88' lang='lat' dir='ltr'>spectari</span> <span class='ocrx_word' id='word_1_254' title='bbox 1434 1163 1574 1201; x_wconf 89' lang='lat' dir='ltr'>debere,</span> <span class='ocrx_word' id='word_1_255' title='bbox 1612 1167 1647 1196; x_wconf 86' lang='lat' dir='ltr'>et</span> <span class='ocrx_word' id='word_1_256' title='bbox 1683 1137 1982 1206; x_wconf 65' lang='lat' dir='ltr'>mathematicuuil</span> 
     </span>
     <span class='ocr_line' id='line_1_23' title="bbox 139 1210 1955 1252; baseline 0 -10"><span class='ocrx_word' id='word_1_257' title='bbox 139 1220 181 1242; x_wconf 90' lang='lat' dir='ltr'>ea</span> <span class='ocrx_word' id='word_1_258' title='bbox 205 1211 278 1252; x_wconf 87' lang='lat' dir='ltr'>ipsa.</span> <span class='ocrx_word' id='word_1_259' title='bbox 301 1211 441 1243; x_wconf 88' lang='lat' dir='ltr'>scientia</span> <span class='ocrx_word' id='word_1_260' title='bbox 467 1214 657 1242; x_wconf 88' lang='lat' dir='ltr'>contentum</span> <span class='ocrx_word' id='word_1_261' title='bbox 683 1219 755 1241; x_wconf 90' lang='lat' dir='ltr'>esse</span> <span class='ocrx_word' id='word_1_262' title='bbox 779 1220 897 1251; x_wconf 86' lang='lat' dir='ltr'>posse;</span> <span class='ocrx_word' id='word_1_263' title='bbox 933 1215 969 1242; x_wconf 88' lang='lat' dir='ltr'>at</span> <span class='ocrx_word' id='word_1_264' title='bbox 1005 1221 1079 1242; x_wconf 90' lang='lat' dir='ltr'>vero</span> <span class='ocrx_word' id='word_1_265' title='bbox 1105 1212 1139 1242; x_wconf 90' lang='lat' dir='ltr'>in</span> <span class='ocrx_word' id='word_1_266' title='bbox 1166 1211 1290 1242; x_wconf 89' lang='lat' dir='ltr'>artibus</span> <span class='ocrx_word' id='word_1_267' title='bbox 1315 1221 1410 1242; x_wconf 88' lang='lat' dir='ltr'>usum</span> <span class='ocrx_word' id='word_1_268' title='bbox 1442 1211 1605 1252; x_wconf 85' lang='lat' dir='ltr'>spectari,</span> <span class='ocrx_word' id='word_1_269' title='bbox 1643 1211 1715 1242; x_wconf 86' lang='lat' dir='ltr'>sine</span> <span class='ocrx_word' id='word_1_270' title='bbox 1739 1219 1802 1252; x_wconf 87' lang='lat' dir='ltr'>quo</span> <span class='ocrx_word' id='word_1_271' title='bbox 1836 1210 1904 1243; x_wconf 78' lang='lat' dir='ltr'>frus</span> <span class='ocrx_word' id='word_1_272' title='bbox 1951 1244 1955 1246; x_wconf 21' lang='lat'><em>⁴</em></span> 
     </span>
     <span class='ocr_line' id='line_1_24' title="bbox 139 1257 1957 1300; baseline -0.001 -10"><span class='ocrx_word' id='word_1_273' title='bbox 139 1259 258 1290; x_wconf 89' lang='lat' dir='ltr'>artium</span> <span class='ocrx_word' id='word_1_274' title='bbox 283 1258 452 1290; x_wconf 89' lang='lat' dir='ltr'>doctrinae</span> <span class='ocrx_word' id='word_1_275' title='bbox 478 1258 708 1298; x_wconf 89' lang='lat' dir='ltr'>suscipiuntur.</span> <span class='ocrx_word' id='word_1_276' title='bbox 760 1257 847 1296; x_wconf 84' lang='lat' dir='ltr'>Quia</span> <span class='ocrx_word' id='word_1_277' title='bbox 872 1262 983 1290; x_wconf 86' lang='lat' dir='ltr'>autem</span> <span class='ocrx_word' id='word_1_278' title='bbox 1010 1259 1221 1295; x_wconf 84' lang='lat' dir='ltr'>astronomia,</span> <span class='ocrx_word' id='word_1_279' title='bbox 1249 1258 1424 1290; x_wconf 89' lang='lat' dir='ltr'>Aristotele</span> <span class='ocrx_word' id='word_1_280' title='bbox 1449 1261 1553 1295; x_wconf 87' lang='lat' dir='ltr'>teste,</span> <span class='ocrx_word' id='word_1_281' title='bbox 1580 1257 1624 1290; x_wconf 89' lang='lat' dir='ltr'>ad</span> <span class='ocrx_word' id='word_1_282' title='bbox 1647 1257 1820 1300; x_wconf 84' lang='lat' dir='ltr'>physicam</span> <span class='ocrx_word' id='word_1_283' title='bbox 1849 1258 1957 1300; x_wconf 76' lang='lat' dir='ltr'>magi·</span> 
     </span>
     <span class='ocr_line' id='line_1_25' title="bbox 139 1302 1957 1347; baseline 0 -10"><span class='ocrx_word' id='word_1_284' title='bbox 139 1305 294 1341; x_wconf 88' lang='lat' dir='ltr'>inclinat,</span> <span class='ocrx_word' id='word_1_285' title='bbox 319 1315 381 1337; x_wconf 88' lang='lat' dir='ltr'>nec</span> <span class='ocrx_word' id='word_1_286' title='bbox 405 1306 551 1336; x_wconf 88' lang='lat' dir='ltr'>scientiis</span> <span class='ocrx_word' id='word_1_287' title='bbox 576 1314 633 1346; x_wconf 89' lang='lat' dir='ltr'>per</span> <span class='ocrx_word' id='word_1_288' title='bbox 658 1314 693 1336; x_wconf 87' lang='lat' dir='ltr'>se</span> <span class='ocrx_word' id='word_1_289' title='bbox 719 1306 928 1337; x_wconf 83' lang='lat' dir='ltr'>annumerari</span> <span class='ocrx_word' id='word_1_290' title='bbox 952 1309 1083 1346; x_wconf 81' lang='lat' dir='ltr'>potest,</span> <span class='ocrx_word' id='word_1_291' title='bbox 1112 1309 1258 1346; x_wconf 87' lang='lat' dir='ltr'>oportet,</span> <span class='ocrx_word' id='word_1_292' title='bbox 1284 1309 1388 1347; x_wconf 88' lang='lat' dir='ltr'>puto,</span> <span class='ocrx_word' id='word_1_293' title='bbox 1420 1309 1458 1337; x_wconf 90' lang='lat' dir='ltr'>ut</span> <span class='ocrx_word' id='word_1_294' title='bbox 1482 1309 1688 1338; x_wconf 78' lang='lat' dir='ltr'>astronomus</span> <span class='ocrx_word' id='word_1_295' title='bbox 1711 1313 1776 1337; x_wconf 78' lang='grc'><strong>5110</strong></span> <span class='ocrx_word' id='word_1_296' title='bbox 1799 1302 1957 1347; x_wconf 73' lang='lat' dir='ltr'>dogma</span> 
     </span>
     <span class='ocr_line' id='line_1_26' title="bbox 139 1347 1965 1394; baseline 0 -10"><span class='ocrx_word' id='word_1_297' title='bbox 139 1353 182 1384; x_wconf 89' lang='lat' dir='ltr'>ad</span> <span class='ocrx_word' id='word_1_298' title='bbox 206 1362 301 1384; x_wconf 90' lang='lat' dir='ltr'>usum</span> <span class='ocrx_word' id='word_1_299' title='bbox 325 1352 527 1392; x_wconf 86' lang='lat' dir='ltr'>transferat,</span> <span class='ocrx_word' id='word_1_300' title='bbox 560 1356 598 1384; x_wconf 89' lang='lat' dir='ltr'>ut</span> <span class='ocrx_word' id='word_1_301' title='bbox 633 1361 678 1383; x_wconf 90' lang='lat' dir='ltr'>sc.</span> <span class='ocrx_word' id='word_1_302' title='bbox 705 1351 946 1392; x_wconf 87' lang='lat' dir='ltr'>phaenomena,</span> <span class='ocrx_word' id='word_1_303' title='bbox 981 1353 1082 1384; x_wconf 90' lang='lat' dir='ltr'>oculis</span> <span class='ocrx_word' id='word_1_304' title='bbox 1120 1357 1154 1384; x_wconf 90' lang='lat' dir='ltr'>et</span> <span class='ocrx_word' id='word_1_305' title='bbox 1179 1362 1277 1384; x_wconf 91' lang='lat' dir='ltr'>sensu</span> <span class='ocrx_word' id='word_1_306' title='bbox 1302 1356 1480 1394; x_wconf 85' lang='lat' dir='ltr'>percepta,</span> <span class='ocrx_word' id='word_1_307' title='bbox 1519 1353 1585 1384; x_wconf 88' lang='lat' dir='ltr'>suis</span> <span class='ocrx_word' id='word_1_308' title='bbox 1619 1351 1852 1394; x_wconf 83' lang='lat' dir='ltr'>hypothesibus</span> <span class='ocrx_word' id='word_1_309' title='bbox 1878 1347 1965 1391; x_wconf 71' lang='lat' dir='ltr'>con}</span> 
     </span>
     <span class='ocr_line' id='line_1_27' title="bbox 135 1399 1449 1442; baseline 0 -11"><span class='ocrx_word' id='word_1_310' title='bbox 135 1403 268 1442; x_wconf 80' lang='lat' dir='ltr'>gruant,</span> <span class='ocrx_word' id='word_1_311' title='bbox 298 1409 337 1432; x_wconf 90' lang='grc'>00</span> <span class='ocrx_word' id='word_1_312' title='bbox 363 1401 410 1431; x_wconf 86' lang='grc'>510</span> <span class='ocrx_word' id='word_1_313' title='bbox 437 1410 477 1431; x_wconf 87' lang='lat' dir='ltr'>ex</span> <span class='ocrx_word' id='word_1_314' title='bbox 502 1403 594 1431; x_wconf 86' lang='lat' dir='ltr'>certa</span> <span class='ocrx_word' id='word_1_315' title='bbox 619 1408 722 1431; x_wconf 88' lang='lat' dir='ltr'>causa</span> <span class='ocrx_word' id='word_1_316' title='bbox 747 1399 807 1430; x_wconf 88' lang='lat' dir='ltr'>tali</span> <span class='ocrx_word' id='word_1_317' title='bbox 831 1404 979 1431; x_wconf 90' lang='lat' dir='ltr'>motuum</span> <span class='ocrx_word' id='word_1_318' title='bbox 1005 1400 1193 1432; x_wconf 87' lang='lat' dir='ltr'>discrimina</span> <span class='ocrx_word' id='word_1_319' title='bbox 1218 1400 1449 1441; x_wconf 82' lang='lat' dir='ltr'>perducantur.</span> 
     </span>
    </p>
   </div>
   <div class='ocr_carea' id='block_1_4' title="bbox 133 1456 1964 1821">
    <p class='ocr_par' dir='ltr' id='par_1_5' title="bbox 133 1456 1964 1821">
     <span class='ocr_line' id='line_1_28' title="bbox 229 1456 1862 1501; baseline 0 -11"><span class='ocrx_word' id='word_1_320' title='bbox 229 1457 294 1490; x_wconf 92' lang='lat' dir='ltr'>Illa</span> <span class='ocrx_word' id='word_1_321' title='bbox 329 1468 404 1490; x_wconf 90' lang='lat' dir='ltr'>vero</span> <span class='ocrx_word' id='word_1_322' title='bbox 442 1458 623 1499; x_wconf 87' lang='lat' dir='ltr'>speculatio</span> <span class='ocrx_word' id='word_1_323' title='bbox 659 1467 827 1498; x_wconf 88' lang='lat' dir='ltr'>corporum</span> <span class='ocrx_word' id='word_1_324' title='bbox 861 1459 1059 1501; x_wconf 85' lang='lat' dir='ltr'>regularium</span> <span class='ocrx_word' id='word_1_325' title='bbox 1096 1459 1171 1500; x_wconf 87' lang='lat' dir='ltr'>quid</span> <span class='ocrx_word' id='word_1_326' title='bbox 1218 1468 1339 1500; x_wconf 86' lang='lat' dir='ltr'>quaeso</span> <span class='ocrx_word' id='word_1_327' title='bbox 1372 1458 1416 1490; x_wconf 88' lang='lat' dir='ltr'>ad</span> <span class='ocrx_word' id='word_1_328' title='bbox 1453 1458 1687 1490; x_wconf 85' lang='lat' dir='ltr'>astronomiam</span> <span class='ocrx_word' id='word_1_329' title='bbox 1712 1456 1862 1490; x_wconf 79' lang='lat' dir='ltr'>confert?</span> 
     </span>
     <span class='ocr_line' id='line_1_29' title="bbox 137 1503 1884 1547; baseline 0 -11"><span class='ocrx_word' id='word_1_330' title='bbox 137 1503 273 1547; x_wconf 86' lang='lat' dir='ltr'>(inquit)</span> <span class='ocrx_word' id='word_1_331' title='bbox 312 1506 356 1537; x_wconf 91' lang='lat' dir='ltr'>ad</span> <span class='ocrx_word' id='word_1_332' title='bbox 389 1506 533 1537; x_wconf 90' lang='lat' dir='ltr'>ordinem</span> <span class='ocrx_word' id='word_1_333' title='bbox 570 1515 627 1537; x_wconf 91' lang='lat' dir='ltr'>seu</span> <span class='ocrx_word' id='word_1_334' title='bbox 658 1505 920 1547; x_wconf 87' lang='lat' dir='ltr'>magnitudinem</span> <span class='ocrx_word' id='word_1_335' title='bbox 952 1507 1075 1538; x_wconf 88' lang='lat' dir='ltr'>orbium</span> <span class='ocrx_word' id='word_1_336' title='bbox 1101 1505 1291 1537; x_wconf 87' lang='lat' dir='ltr'>coelestium</span> <span class='ocrx_word' id='word_1_337' title='bbox 1317 1505 1540 1538; x_wconf 87' lang='lat' dir='ltr'>definiendam</span> <span class='ocrx_word' id='word_1_338' title='bbox 1571 1505 1727 1546; x_wconf 87' lang='lat' dir='ltr'>prodesse</span> <span class='ocrx_word' id='word_1_339' title='bbox 1750 1509 1884 1547; x_wconf 85' lang='lat' dir='ltr'>potest;</span> 
     </span>
     <span class='ocr_line' id='line_1_30' title="bbox 135 1552 1953 1594; baseline 0 -10"><span class='ocrx_word' id='word_1_340' title='bbox 135 1562 217 1584; x_wconf 87' lang='lat' dir='ltr'>sane</span> <span class='ocrx_word' id='word_1_341' title='bbox 243 1562 282 1584; x_wconf 88' lang='lat' dir='ltr'>ex</span> <span class='ocrx_word' id='word_1_342' title='bbox 308 1552 371 1584; x_wconf 90' lang='lat' dir='ltr'>alio</span> <span class='ocrx_word' id='word_1_343' title='bbox 396 1553 631 1588; x_wconf 81' lang='lat' dir='ltr'>fundamento,</span> <span class='ocrx_word' id='word_1_344' title='bbox 671 1562 711 1584; x_wconf 86' lang='lat' dir='ltr'>ex</span> <span class='ocrx_word' id='word_1_345' title='bbox 745 1553 1024 1585; x_wconf 85' lang='lat' dir='ltr'>observationibus</span> <span class='ocrx_word' id='word_1_346' title='bbox 1062 1553 1190 1585; x_wconf 86' lang='lat' dir='ltr'>scilicet</span> <span class='ocrx_word' id='word_1_347' title='bbox 1223 1557 1257 1584; x_wconf 91' lang='lat' dir='ltr'>et</span> <span class='ocrx_word' id='word_1_348' title='bbox 1290 1562 1311 1584; x_wconf 84' lang='lat' dir='ltr'>a</span> <span class='ocrx_word' id='word_1_349' title='bbox 1334 1553 1513 1594; x_wconf 86' lang='lat' dir='ltr'>posteriore</span> <span class='ocrx_word' id='word_1_350' title='bbox 1545 1553 1670 1584; x_wconf 85' lang='lat' dir='ltr'>orbium</span> <span class='ocrx_word' id='word_1_351' title='bbox 1695 1552 1875 1585; x_wconf 85' lang='lat' dir='ltr'>distantiae</span> <span class='ocrx_word' id='word_1_352' title='bbox 1924 1567 1953 1590; x_wconf 51' lang='lat'>·,</span> 
     </span>
     <span class='ocr_line' id='line_1_31' title="bbox 134 1598 1964 1642; baseline 0.001 -11"><span class='ocrx_word' id='word_1_353' title='bbox 134 1599 276 1631; x_wconf 90' lang='lat' dir='ltr'>mendae</span> <span class='ocrx_word' id='word_1_354' title='bbox 301 1603 401 1637; x_wconf 86' lang='lat' dir='ltr'>sunt;</span> <span class='ocrx_word' id='word_1_355' title='bbox 433 1599 484 1630; x_wconf 91' lang='lat' dir='ltr'>his</span> <span class='ocrx_word' id='word_1_356' title='bbox 508 1610 583 1631; x_wconf 88' lang='lat' dir='ltr'>vero</span> <span class='ocrx_word' id='word_1_357' title='bbox 609 1600 768 1636; x_wconf 79' lang='lat' dir='ltr'>definitis,</span> <span class='ocrx_word' id='word_1_358' title='bbox 797 1605 981 1642; x_wconf 82' lang='lat' dir='ltr'>congruant</span> <span class='ocrx_word' id='word_1_359' title='bbox 1010 1610 1071 1632; x_wconf 90' lang='lat' dir='ltr'>nec</span> <span class='ocrx_word' id='word_1_360' title='bbox 1097 1610 1139 1631; x_wconf 90' lang='lat' dir='ltr'>ne</span> <span class='ocrx_word' id='word_1_361' title='bbox 1165 1610 1300 1640; x_wconf 84' lang='lat' dir='ltr'>corpora</span> <span class='ocrx_word' id='word_1_362' title='bbox 1323 1600 1506 1642; x_wconf 77' lang='lat' dir='ltr'>regularia,</span> <span class='ocrx_word' id='word_1_363' title='bbox 1543 1599 1620 1641; x_wconf 84' lang='lat' dir='ltr'>quid</span> <span class='ocrx_word' id='word_1_364' title='bbox 1644 1598 1769 1632; x_wconf 78' lang='lat' dir='ltr'>refert?</span> <span class='ocrx_word' id='word_1_365' title='bbox 1819 1599 1855 1633; x_wconf 87' lang='lat' dir='ltr'>Si</span> <span class='ocrx_word' id='word_1_366' title='bbox 1878 1609 1933 1632; x_wconf 60' lang='lat' dir='ltr'>vu·</span> <span class='ocrx_word' id='word_1_367' title='bbox 1955 1609 1964 1617; x_wconf 78' lang='lat'><strong><em>¹</em></strong></span> 
     </span>
     <span class='ocr_line' id='line_1_32' title="bbox 134 1647 1940 1688; baseline 0.002 -10"><span class='ocrx_word' id='word_1_368' title='bbox 134 1651 232 1688; x_wconf 86' lang='lat' dir='ltr'>putat</span> <span class='ocrx_word' id='word_1_369' title='bbox 261 1647 323 1679; x_wconf 88' lang='grc'><strong>1100</strong></span> <span class='ocrx_word' id='word_1_370' title='bbox 354 1651 514 1688; x_wconf 85' lang='lat' dir='ltr'>tanquam</span> <span class='ocrx_word' id='word_1_371' title='bbox 546 1648 703 1688; x_wconf 84' lang='lat' dir='ltr'>principio</span> <span class='ocrx_word' id='word_1_372' title='bbox 728 1648 855 1687; x_wconf 83' lang='lat' dir='ltr'>posito,</span> <span class='ocrx_word' id='word_1_373' title='bbox 881 1652 915 1679; x_wconf 90' lang='lat' dir='ltr'>et</span> <span class='ocrx_word' id='word_1_374' title='bbox 939 1648 1182 1680; x_wconf 85' lang='lat' dir='ltr'>observationes</span> <span class='ocrx_word' id='word_1_375' title='bbox 1216 1651 1249 1679; x_wconf 86' lang='lat' dir='ltr'>et</span> <span class='ocrx_word' id='word_1_376' title='bbox 1281 1648 1444 1680; x_wconf 87' lang='lat' dir='ltr'>calculum</span> <span class='ocrx_word' id='word_1_377' title='bbox 1482 1647 1526 1679; x_wconf 90' lang='lat' dir='ltr'>ad</span> <span class='ocrx_word' id='word_1_378' title='bbox 1560 1647 1595 1679; x_wconf 89' lang='lat' dir='ltr'>id</span> <span class='ocrx_word' id='word_1_379' title='bbox 1629 1647 1836 1680; x_wconf 80' lang='lat' dir='ltr'>limitandum</span> <span class='ocrx_word' id='word_1_380' title='bbox 1868 1657 1898 1680; x_wconf 73' lang='lat' dir='ltr'>e.</span> <span class='ocrx_word' id='word_1_381' title='bbox 1915 1678 1940 1687; x_wconf 62' lang='grc'><em>,</em></span> 
     </span>
     <span class='ocr_line' id='line_1_33' title="bbox 133 1691 1946 1736; baseline 0.001 -10"><span class='ocrx_word' id='word_1_382' title='bbox 133 1695 196 1726; x_wconf 86' lang='grc'><strong>1100</strong></span> <span class='ocrx_word' id='word_1_383' title='bbox 221 1695 368 1726; x_wconf 85' lang='lat' dir='ltr'>existimo</span> <span class='ocrx_word' id='word_1_384' title='bbox 405 1699 615 1735; x_wconf 87' lang='lat' dir='ltr'>praepostero</span> <span class='ocrx_word' id='word_1_385' title='bbox 650 1695 762 1726; x_wconf 88' lang='lat' dir='ltr'>ordine</span> <span class='ocrx_word' id='word_1_386' title='bbox 799 1694 891 1731; x_wconf 90' lang='lat' dir='ltr'>fieri,</span> <span class='ocrx_word' id='word_1_387' title='bbox 930 1695 992 1726; x_wconf 87' lang='lat' dir='ltr'>nisi</span> <span class='ocrx_word' id='word_1_388' title='bbox 1019 1696 1160 1727; x_wconf 85' lang='lat' dir='ltr'>certiora</span> <span class='ocrx_word' id='word_1_389' title='bbox 1186 1694 1336 1732; x_wconf 87' lang='lat' dir='ltr'>adferat,</span> <span class='ocrx_word' id='word_1_390' title='bbox 1362 1695 1477 1736; x_wconf 89' lang='lat' dir='ltr'>quibus</span> <span class='ocrx_word' id='word_1_391' title='bbox 1508 1693 1595 1726; x_wconf 84' lang='grc'><strong>110110</strong></span> <span class='ocrx_word' id='word_1_392' title='bbox 1627 1694 1848 1727; x_wconf 84' lang='lat' dir='ltr'>astronomiae</span> <span class='ocrx_word' id='word_1_393' title='bbox 1873 1694 1907 1726; x_wconf 86' lang='lat' dir='ltr'>d·</span> <span class='ocrx_word' id='word_1_394' title='bbox 1924 1691 1946 1722; x_wconf 59' lang='grc' dir='ltr'>ιῖ</span> 
     </span>
     <span class='ocr_line' id='line_1_34' title="bbox 133 1741 1946 1784; baseline 0.002 -11"><span class='ocrx_word' id='word_1_395' title='bbox 133 1742 254 1774; x_wconf 84' lang='lat' dir='ltr'>trinam</span> <span class='ocrx_word' id='word_1_396' title='bbox 279 1741 470 1781; x_wconf 85' lang='lat' dir='ltr'>confirmet,</span> <span class='ocrx_word' id='word_1_397' title='bbox 499 1751 520 1773; x_wconf 90' lang='lat' dir='ltr'>a</span> <span class='ocrx_word' id='word_1_398' title='bbox 543 1743 649 1783; x_wconf 88' lang='lat' dir='ltr'>priore</span> <span class='ocrx_word' id='word_1_399' title='bbox 674 1742 724 1774; x_wconf 85' lang='lat' dir='ltr'>vel</span> <span class='ocrx_word' id='word_1_400' title='bbox 750 1751 790 1773; x_wconf 87' lang='lat' dir='ltr'>ex</span> <span class='ocrx_word' id='word_1_401' title='bbox 812 1742 979 1783; x_wconf 87' lang='lat' dir='ltr'>principiis</span> <span class='ocrx_word' id='word_1_402' title='bbox 1006 1751 1081 1774; x_wconf 86' lang='lat' dir='ltr'>eam</span> <span class='ocrx_word' id='word_1_403' title='bbox 1108 1742 1224 1774; x_wconf 90' lang='lat' dir='ltr'>deduci</span> <span class='ocrx_word' id='word_1_404' title='bbox 1249 1752 1345 1783; x_wconf 89' lang='lat' dir='ltr'>posse</span> <span class='ocrx_word' id='word_1_405' title='bbox 1377 1747 1411 1773; x_wconf 86' lang='lat' dir='ltr'>et</span> <span class='ocrx_word' id='word_1_406' title='bbox 1442 1741 1604 1780; x_wconf 82' lang='lat' dir='ltr'>stabiliri,</span> <span class='ocrx_word' id='word_1_407' title='bbox 1640 1751 1708 1774; x_wconf 86' lang='grc'><strong>11011</strong></span> <span class='ocrx_word' id='word_1_408' title='bbox 1741 1741 1946 1784; x_wconf 79' lang='lat' dir='ltr'>pereunti</span> 
     </span>
     <span class='ocr_line' id='line_1_35' title="bbox 135 1789 744 1821; baseline -0.007 0"><span class='ocrx_word' id='word_1_409' title='bbox 135 1789 425 1821; x_wconf 84' lang='lat' dir='ltr'>observationibus.</span> <span class='ocrx_word' id='word_1_410' title='bbox 736 1800 744 1807; x_wconf 54' lang='grc' dir='ltr'><em>ι</em></span> 
     </span>
    </p>
   </div>
   <div class='ocr_carea' id='block_1_5' title="bbox 127 1846 1982 3163">
    <p class='ocr_par' dir='ltr' id='par_1_6' title="bbox 133 1846 1962 2127">
     <span class='ocr_line' id='line_1_36' title="bbox 230 1846 1899 1890; baseline 0.001 -11"><span class='ocrx_word' id='word_1_411' title='bbox 230 1849 276 1879; x_wconf 88' lang='lat' dir='ltr'>At</span> <span class='ocrx_word' id='word_1_412' title='bbox 309 1847 440 1889; x_wconf 90' lang='lat' dir='ltr'>quidem</span> <span class='ocrx_word' id='word_1_413' title='bbox 475 1848 614 1888; x_wconf 88' lang='lat' dir='ltr'>ipsemet</span> <span class='ocrx_word' id='word_1_414' title='bbox 638 1847 823 1888; x_wconf 87' lang='lat' dir='ltr'>Koeplerus</span> <span class='ocrx_word' id='word_1_415' title='bbox 857 1848 985 1879; x_wconf 88' lang='lat' dir='ltr'>videtur</span> <span class='ocrx_word' id='word_1_416' title='bbox 1020 1857 1114 1879; x_wconf 90' lang='lat' dir='ltr'>suam</span> <span class='ocrx_word' id='word_1_417' title='bbox 1138 1848 1225 1879; x_wconf 90' lang='lat' dir='ltr'>hanc</span> <span class='ocrx_word' id='word_1_418' title='bbox 1252 1847 1512 1890; x_wconf 89' lang='lat' dir='ltr'>speculationem</span> <span class='ocrx_word' id='word_1_419' title='bbox 1548 1847 1707 1880; x_wconf 81' lang='lat' dir='ltr'>refellere.</span> <span class='ocrx_word' id='word_1_420' title='bbox 1757 1846 1847 1880; x_wconf 81' lang='lat' dir='ltr'>Nam</span> <span class='ocrx_word' id='word_1_421' title='bbox 1891 1847 1899 1855; x_wconf 75' lang='lat'>⁶</span> 
     </span>
     <span class='ocr_line' id='line_1_37' title="bbox 135 1893 1940 1937; baseline -0.001 -10"><span class='ocrx_word' id='word_1_422' title='bbox 135 1896 316 1931; x_wconf 86' lang='lat' dir='ltr'>existimet,</span> <span class='ocrx_word' id='word_1_423' title='bbox 353 1894 528 1926; x_wconf 86' lang='lat' dir='ltr'>Reinholdi</span> <span class='ocrx_word' id='word_1_424' title='bbox 555 1895 690 1926; x_wconf 87' lang='lat' dir='ltr'>decreta</span> <span class='ocrx_word' id='word_1_425' title='bbox 714 1895 786 1935; x_wconf 90' lang='lat' dir='ltr'>plus</span> <span class='ocrx_word' id='word_1_426' title='bbox 812 1895 872 1926; x_wconf 92' lang='lat' dir='ltr'>sibi</span> <span class='ocrx_word' id='word_1_427' title='bbox 899 1895 1092 1936; x_wconf 90' lang='lat' dir='ltr'>adstipulari</span> <span class='ocrx_word' id='word_1_428' title='bbox 1129 1904 1228 1937; x_wconf 88' lang='lat' dir='ltr'>quam</span> <span class='ocrx_word' id='word_1_429' title='bbox 1254 1895 1444 1936; x_wconf 86' lang='lat' dir='ltr'>Coperniei,</span> <span class='ocrx_word' id='word_1_430' title='bbox 1469 1898 1583 1927; x_wconf 88' lang='lat' dir='ltr'>tamen</span> <span class='ocrx_word' id='word_1_431' title='bbox 1607 1904 1651 1927; x_wconf 85' lang='lat' dir='ltr'>ne</span> <span class='ocrx_word' id='word_1_432' title='bbox 1674 1893 1738 1926; x_wconf 86' lang='lat' dir='ltr'>hoc</span> <span class='ocrx_word' id='word_1_433' title='bbox 1762 1894 1860 1934; x_wconf 85' lang='lat' dir='ltr'>modo</span> <span class='ocrx_word' id='word_1_434' title='bbox 1885 1910 1914 1933; x_wconf 54' lang='grc' dir='ltr'>μ»</span> <span class='ocrx_word' id='word_1_435' title='bbox 1935 1919 1940 1922; x_wconf 29' lang='lat' dir='ltr'>v</span> 
     </span>
     <span class='ocr_line' id='line_1_38' title="bbox 133 1941 1961 1984; baseline 0 -10"><span class='ocrx_word' id='word_1_436' title='bbox 133 1943 263 1984; x_wconf 87' lang='lat' dir='ltr'>poribus</span> <span class='ocrx_word' id='word_1_437' title='bbox 299 1942 502 1984; x_wconf 83' lang='lat' dir='ltr'>regularibus</span> <span class='ocrx_word' id='word_1_438' title='bbox 540 1943 680 1983; x_wconf 89' lang='lat' dir='ltr'>ipsemet</span> <span class='ocrx_word' id='word_1_439' title='bbox 714 1943 837 1974; x_wconf 88' lang='lat' dir='ltr'>fatetur</span> <span class='ocrx_word' id='word_1_440' title='bbox 871 1942 1048 1974; x_wconf 86' lang='lat' dir='ltr'>distantias</span> <span class='ocrx_word' id='word_1_441' title='bbox 1080 1944 1265 1974; x_wconf 86' lang='lat' dir='ltr'>convenire.</span> <span class='ocrx_word' id='word_1_442' title='bbox 1315 1944 1358 1974; x_wconf 87' lang='lat' dir='ltr'>Et</span> <span class='ocrx_word' id='word_1_443' title='bbox 1382 1942 1510 1975; x_wconf 86' lang='lat' dir='ltr'>videtur</span> <span class='ocrx_word' id='word_1_444' title='bbox 1532 1943 1606 1983; x_wconf 86' lang='lat' dir='ltr'>ipsa</span> <span class='ocrx_word' id='word_1_445' title='bbox 1630 1941 1862 1983; x_wconf 70' lang='lat' dir='ltr'>phaenomena</span> <span class='ocrx_word' id='word_1_446' title='bbox 1913 1956 1925 1974; x_wconf 60' lang='grc' dir='ltr'>ε,</span> <span class='ocrx_word' id='word_1_447' title='bbox 1958 1951 1961 1956; x_wconf 92' lang='grc'><em>·</em></span> 
     </span>
     <span class='ocr_line' id='line_1_39' title="bbox 133 1988 1961 2035; baseline 0 -13"><span class='ocrx_word' id='word_1_448' title='bbox 133 1991 196 2032; x_wconf 86' lang='lat' dir='ltr'>rigi</span> <span class='ocrx_word' id='word_1_449' title='bbox 220 1989 313 2028; x_wconf 88' lang='lat' dir='ltr'>velle,</span> <span class='ocrx_word' id='word_1_450' title='bbox 340 1992 378 2020; x_wconf 89' lang='lat' dir='ltr'>ut</span> <span class='ocrx_word' id='word_1_451' title='bbox 404 1999 571 2029; x_wconf 89' lang='lat' dir='ltr'>corporum</span> <span class='ocrx_word' id='word_1_452' title='bbox 597 1989 779 2030; x_wconf 88' lang='lat' dir='ltr'>speculatio</span> <span class='ocrx_word' id='word_1_453' title='bbox 805 1990 981 2021; x_wconf 88' lang='lat' dir='ltr'>subsistere</span> <span class='ocrx_word' id='word_1_454' title='bbox 1006 1990 1125 2030; x_wconf 89' lang='lat' dir='ltr'>possit;</span> <span class='ocrx_word' id='word_1_455' title='bbox 1151 1990 1237 2031; x_wconf 89' lang='lat' dir='ltr'>quod</span> <span class='ocrx_word' id='word_1_456' title='bbox 1262 1989 1358 2031; x_wconf 82' lang='lat' dir='ltr'>quale</span> <span class='ocrx_word' id='word_1_457' title='bbox 1384 1990 1437 2032; x_wconf 86' lang='lat' dir='ltr'>sit,</span> <span class='ocrx_word' id='word_1_458' title='bbox 1465 1989 1520 2021; x_wconf 87' lang='lat' dir='ltr'>alii</span> <span class='ocrx_word' id='word_1_459' title='bbox 1544 1990 1695 2027; x_wconf 83' lang='lat' dir='ltr'>videant;</span> <span class='ocrx_word' id='word_1_460' title='bbox 1721 1998 1774 2022; x_wconf 88' lang='lat' dir='ltr'>me</span> <span class='ocrx_word' id='word_1_461' title='bbox 1789 1988 1875 2022; x_wconf 88' lang='grc'><strong>11000</strong></span> <span class='ocrx_word' id='word_1_462' title='bbox 1900 2004 1926 2016; x_wconf 45' lang='grc' dir='ltr'>ιι·</span> <span class='ocrx_word' id='word_1_463' title='bbox 1957 2004 1961 2035; x_wconf 58' lang='lat'><em>3</em></span> 
     </span>
     <span class='ocr_line' id='line_1_40' title="bbox 133 2035 1962 2079; baseline -0.001 -10"><span class='ocrx_word' id='word_1_464' title='bbox 133 2037 317 2078; x_wconf 86' lang='lat' dir='ltr'>intelligere</span> <span class='ocrx_word' id='word_1_465' title='bbox 342 2036 458 2067; x_wconf 82' lang='lat' dir='ltr'>fateor.</span> <span class='ocrx_word' id='word_1_466' title='bbox 511 2036 576 2068; x_wconf 90' lang='lat' dir='ltr'>Sed</span> <span class='ocrx_word' id='word_1_467' title='bbox 613 2037 698 2068; x_wconf 85' lang='lat' dir='ltr'>haec</span> <span class='ocrx_word' id='word_1_468' title='bbox 736 2037 829 2068; x_wconf 89' lang='lat' dir='ltr'>Tuae</span> <span class='ocrx_word' id='word_1_469' title='bbox 863 2037 1079 2077; x_wconf 90' lang='lat' dir='ltr'>Amplitudini</span> <span class='ocrx_word' id='word_1_470' title='bbox 1116 2037 1199 2068; x_wconf 91' lang='lat' dir='ltr'>bono</span> <span class='ocrx_word' id='word_1_471' title='bbox 1239 2038 1347 2068; x_wconf 89' lang='lat' dir='ltr'>animo</span> <span class='ocrx_word' id='word_1_472' title='bbox 1382 2037 1416 2068; x_wconf 92' lang='lat' dir='ltr'>in</span> <span class='ocrx_word' id='word_1_473' title='bbox 1450 2036 1570 2069; x_wconf 89' lang='lat' dir='ltr'>nullius</span> <span class='ocrx_word' id='word_1_474' title='bbox 1594 2035 1745 2068; x_wconf 76' lang='lat' dir='ltr'>fraudem</span> <span class='ocrx_word' id='word_1_475' title='bbox 1770 2040 1831 2068; x_wconf 87' lang='lat' dir='ltr'>aut</span> <span class='ocrx_word' id='word_1_476' title='bbox 1862 2050 1929 2064; x_wconf 56' lang='lat' dir='ltr'>mm</span> <span class='ocrx_word' id='word_1_477' title='bbox 1956 2047 1962 2079; x_wconf 64' lang='lat' dir='ltr'>g</span> 
     </span>
     <span class='ocr_line' id='line_1_41' title="bbox 135 2083 1961 2127; baseline -0.001 -11"><span class='ocrx_word' id='word_1_478' title='bbox 135 2090 284 2116; x_wconf 88' lang='lat' dir='ltr'>mentum</span> <span class='ocrx_word' id='word_1_479' title='bbox 309 2083 470 2123; x_wconf 88' lang='lat' dir='ltr'>subjicere</span> <span class='ocrx_word' id='word_1_480' title='bbox 496 2084 591 2114; x_wconf 88' lang='lat' dir='ltr'>volui.</span> <span class='ocrx_word' id='word_1_481' title='bbox 1930 2087 1935 2094; x_wconf 81' lang='lat'>¹</span> <span class='ocrx_word' id='word_1_482' title='bbox 1955 2094 1961 2127; x_wconf 59' lang='grc' dir='ltr'>,ς</span> 
     </span>
    </p>

    <p class='ocr_par' dir='ltr' id='par_1_7' title="bbox 133 2130 1982 2361">
     <span class='ocr_line' id='line_1_42' title="bbox 227 2130 1960 2172; baseline 0.001 -10"><span class='ocrx_word' id='word_1_483' title='bbox 227 2130 453 2171; x_wconf 88' lang='lat' dir='ltr'>Appendicem</span> <span class='ocrx_word' id='word_1_484' title='bbox 479 2134 590 2162; x_wconf 88' lang='lat' dir='ltr'>autem</span> <span class='ocrx_word' id='word_1_485' title='bbox 616 2130 785 2162; x_wconf 87' lang='lat' dir='ltr'>Maestlini</span> <span class='ocrx_word' id='word_1_486' title='bbox 809 2131 908 2171; x_wconf 87' lang='lat' dir='ltr'>plane</span> <span class='ocrx_word' id='word_1_487' title='bbox 932 2131 1053 2172; x_wconf 92' lang='lat' dir='ltr'>probo,</span> <span class='ocrx_word' id='word_1_488' title='bbox 1088 2135 1121 2162; x_wconf 86' lang='lat' dir='ltr'>et</span> <span class='ocrx_word' id='word_1_489' title='bbox 1146 2131 1173 2162; x_wconf 91' lang='lat' dir='ltr'>si</span> <span class='ocrx_word' id='word_1_490' title='bbox 1198 2141 1264 2162; x_wconf 91' lang='lat' dir='ltr'>non</span> <span class='ocrx_word' id='word_1_491' title='bbox 1290 2130 1408 2166; x_wconf 85' lang='lat' dir='ltr'>fallor,</span> <span class='ocrx_word' id='word_1_492' title='bbox 1439 2130 1521 2162; x_wconf 85' lang='lat' dir='ltr'>talia</span> <span class='ocrx_word' id='word_1_493' title='bbox 1545 2131 1580 2162; x_wconf 89' lang='lat' dir='ltr'>in</span> <span class='ocrx_word' id='word_1_494' title='bbox 1603 2130 1687 2162; x_wconf 87' lang='lat' dir='ltr'>meis</span> <span class='ocrx_word' id='word_1_495' title='bbox 1712 2139 1918 2172; x_wconf 58' lang='lat' dir='ltr'>quoquot-1</span> <span class='ocrx_word' id='word_1_496' title='bbox 1955 2134 1960 2163; x_wconf 79' lang='grc' dir='ltr'>ἱ·</span> 
     </span>
     <span class='ocr_line' id='line_1_43' title="bbox 133 2177 1959 2219; baseline -0.001 -9"><span class='ocrx_word' id='word_1_497' title='bbox 133 2178 403 2216; x_wconf 89' lang='lat' dir='ltr'>mentationibus,</span> <span class='ocrx_word' id='word_1_498' title='bbox 431 2179 465 2208; x_wconf 93' lang='lat' dir='ltr'>in</span> <span class='ocrx_word' id='word_1_499' title='bbox 490 2179 632 2219; x_wconf 83' lang='lat' dir='ltr'>gratiam</span> <span class='ocrx_word' id='word_1_500' title='bbox 658 2179 697 2208; x_wconf 89' lang='lat' dir='ltr'>A.</span> <span class='ocrx_word' id='word_1_501' title='bbox 717 2178 809 2210; x_wconf 88' lang='lat' dir='ltr'>Tuae</span> <span class='ocrx_word' id='word_1_502' title='bbox 836 2179 1039 2219; x_wconf 74' lang='lat' dir='ltr'>conscriptis,</span> <span class='ocrx_word' id='word_1_503' title='bbox 1067 2178 1227 2219; x_wconf 89' lang='lat' dir='ltr'>proposui.</span> <span class='ocrx_word' id='word_1_504' title='bbox 1278 2178 1402 2209; x_wconf 91' lang='lat' dir='ltr'>Dubito</span> <span class='ocrx_word' id='word_1_505' title='bbox 1428 2182 1542 2209; x_wconf 85' lang='lat' dir='ltr'>tamen</span> <span class='ocrx_word' id='word_1_506' title='bbox 1569 2187 1612 2210; x_wconf 87' lang='lat' dir='ltr'>an</span> <span class='ocrx_word' id='word_1_507' title='bbox 1635 2188 1703 2209; x_wconf 88' lang='grc'><strong>11011</strong></span> <span class='ocrx_word' id='word_1_508' title='bbox 1728 2177 1831 2210; x_wconf 83' lang='lat' dir='ltr'>aliam</span> <span class='ocrx_word' id='word_1_509' title='bbox 1953 2179 1959 2199; x_wconf 58' lang='lat' dir='ltr'>f</span> 
     </span>
     <span class='ocr_line' id='line_1_44' title="bbox 135 2225 1982 2267; baseline -0.001 -10"><span class='ocrx_word' id='word_1_510' title='bbox 135 2227 264 2258; x_wconf 80' lang='lat' dir='ltr'>cinatus</span> <span class='ocrx_word' id='word_1_511' title='bbox 293 2226 352 2256; x_wconf 88' lang='lat' dir='ltr'>sim</span> <span class='ocrx_word' id='word_1_512' title='bbox 379 2225 598 2265; x_wconf 84' lang='lat' dir='ltr'>epicyclorum</span> <span class='ocrx_word' id='word_1_513' title='bbox 624 2225 893 2265; x_wconf 87' lang='lat' dir='ltr'>amplitudinem,</span> <span class='ocrx_word' id='word_1_514' title='bbox 933 2235 1030 2266; x_wconf 88' lang='lat' dir='ltr'>quam</span> <span class='ocrx_word' id='word_1_515' title='bbox 1066 2227 1135 2267; x_wconf 89' lang='lat' dir='ltr'>ipse</span> <span class='ocrx_word' id='word_1_516' title='bbox 1169 2235 1209 2257; x_wconf 84' lang='lat' dir='ltr'>ex</span> <span class='ocrx_word' id='word_1_517' title='bbox 1233 2226 1379 2257; x_wconf 83' lang='lat' dir='ltr'>maxima.</span> <span class='ocrx_word' id='word_1_518' title='bbox 1409 2225 1694 2266; x_wconf 86' lang='lat' dir='ltr'>prosthaphaeresi</span> <span class='ocrx_word' id='word_1_519' title='bbox 1721 2234 1796 2256; x_wconf 85' lang='lat' dir='ltr'>cum</span> <span class='ocrx_word' id='word_1_520' title='bbox 1820 2234 1916 2257; x_wconf 87' lang='lat' dir='ltr'>exc</span> <span class='ocrx_word' id='word_1_521' title='bbox 1932 2227 1933 2230; x_wconf 76' lang='grc'>’</span> <span class='ocrx_word' id='word_1_522' title='bbox 1952 2227 1958 2249; x_wconf 68' lang='lat'><em>5</em></span> <span class='ocrx_word' id='word_1_523' title='bbox 1980 2238 1982 2266; x_wconf 58' lang='lat' dir='ltr'>g</span> 
     </span>
     <span class='ocr_line' id='line_1_45' title="bbox 134 2271 1982 2316; baseline 0 -12"><span class='ocrx_word' id='word_1_524' title='bbox 134 2273 286 2309; x_wconf 89' lang='lat' dir='ltr'>deducit;</span> <span class='ocrx_word' id='word_1_525' title='bbox 323 2273 356 2303; x_wconf 93' lang='lat' dir='ltr'>id</span> <span class='ocrx_word' id='word_1_526' title='bbox 382 2272 468 2313; x_wconf 93' lang='lat' dir='ltr'>quod</span> <span class='ocrx_word' id='word_1_527' title='bbox 494 2282 533 2303; x_wconf 83' lang='lat' dir='ltr'>ex</span> <span class='ocrx_word' id='word_1_528' title='bbox 557 2282 656 2313; x_wconf 86' lang='lat' dir='ltr'>parvo</span> <span class='ocrx_word' id='word_1_529' title='bbox 683 2273 853 2304; x_wconf 88' lang='lat' dir='ltr'>intervallo</span> <span class='ocrx_word' id='word_1_530' title='bbox 878 2282 938 2304; x_wconf 91' lang='lat' dir='ltr'>nos</span> <span class='ocrx_word' id='word_1_531' title='bbox 965 2273 1115 2314; x_wconf 89' lang='lat' dir='ltr'>decipere</span> <span class='ocrx_word' id='word_1_532' title='bbox 1140 2276 1259 2313; x_wconf 87' lang='lat' dir='ltr'>potest.</span> <span class='ocrx_word' id='word_1_533' title='bbox 1309 2272 1401 2304; x_wconf 88' lang='lat' dir='ltr'>Nihil</span> <span class='ocrx_word' id='word_1_534' title='bbox 1424 2272 1525 2316; x_wconf 81' lang='lat' dir='ltr'>igitur</span> <span class='ocrx_word' id='word_1_535' title='bbox 1547 2272 1674 2310; x_wconf 87' lang='grc'><strong>1101100,</strong></span> <span class='ocrx_word' id='word_1_536' title='bbox 1709 2271 1796 2314; x_wconf 85' lang='lat' dir='ltr'>quod</span> <span class='ocrx_word' id='word_1_537' title='bbox 1825 2272 1863 2304; x_wconf 81' lang='grc'>111</span> <span class='ocrx_word' id='word_1_538' title='bbox 1896 2294 1903 2299; x_wconf 86' lang='lat'><strong>·</strong></span> <span class='ocrx_word' id='word_1_539' title='bbox 1925 2288 1928 2290; x_wconf 94' lang='lat'>·</span> <span class='ocrx_word' id='word_1_540' title='bbox 1981 2271 1982 2274; x_wconf 72' lang='grc'>’</span> 
     </span>
     <span class='ocr_line' id='line_1_46' title="bbox 134 2319 693 2361; baseline -0.002 -10"><span class='ocrx_word' id='word_1_541' title='bbox 134 2320 273 2361; x_wconf 89' lang='lat' dir='ltr'>pendice</span> <span class='ocrx_word' id='word_1_542' title='bbox 298 2319 536 2360; x_wconf 88' lang='lat' dir='ltr'>reprehendere</span> <span class='ocrx_word' id='word_1_543' title='bbox 561 2320 693 2360; x_wconf 90' lang='lat' dir='ltr'>possim.</span> 
     </span>
    </p>

    <p class='ocr_par' dir='ltr' id='par_1_8' title="bbox 127 2366 1974 3163">
     <span class='ocr_line' id='line_1_47' title="bbox 228 2366 1916 2408; baseline 0.001 -11"><span class='ocrx_word' id='word_1_544' title='bbox 228 2367 323 2398; x_wconf 84' lang='lat' dir='ltr'>Haec</span> <span class='ocrx_word' id='word_1_545' title='bbox 349 2367 546 2398; x_wconf 82' lang='lat' dir='ltr'>Praetorius.</span> <span class='ocrx_word' id='word_1_546' title='bbox 584 2367 774 2398; x_wconf 86' lang='lat' dir='ltr'>Herwartus</span> <span class='ocrx_word' id='word_1_547' title='bbox 810 2367 857 2398; x_wconf 91' lang='lat' dir='ltr'>illi</span> <span class='ocrx_word' id='word_1_548' title='bbox 894 2367 1044 2399; x_wconf 87' lang='lat' dir='ltr'>retulisse</span> <span class='ocrx_word' id='word_1_549' title='bbox 1081 2367 1209 2399; x_wconf 87' lang='lat' dir='ltr'>videtur</span> <span class='ocrx_word' id='word_1_550' title='bbox 1250 2370 1405 2399; x_wconf 85' lang='lat' dir='ltr'>conatum</span> <span class='ocrx_word' id='word_1_551' title='bbox 1446 2366 1604 2408; x_wconf 83' lang='lat' dir='ltr'>Kepleri,</span> <span class='ocrx_word' id='word_1_552' title='bbox 1640 2366 1803 2399; x_wconf 76' lang='lat' dir='ltr'>rationem</span> <span class='ocrx_word' id='word_1_553' title='bbox 1844 2379 1916 2393; x_wconf 57' lang='grc' dir='ltr'>εἰ·</span> 
     </span>
     <span class='ocr_line' id='line_1_48' title="bbox 135 2412 1922 2455; baseline -0.002 -9"><span class='ocrx_word' id='word_1_554' title='bbox 135 2414 299 2446; x_wconf 87' lang='lat' dir='ltr'>hendendi</span> <span class='ocrx_word' id='word_1_555' title='bbox 326 2414 476 2445; x_wconf 87' lang='lat' dir='ltr'>diametri</span> <span class='ocrx_word' id='word_1_556' title='bbox 503 2415 586 2446; x_wconf 90' lang='lat' dir='ltr'>orbis</span> <span class='ocrx_word' id='word_1_557' title='bbox 613 2415 715 2445; x_wconf 87' lang='lat' dir='ltr'>annui</span> <span class='ocrx_word' id='word_1_558' title='bbox 733 2415 854 2446; x_wconf 87' lang='lat' dir='ltr'>Terrae</span> <span class='ocrx_word' id='word_1_559' title='bbox 882 2415 924 2446; x_wconf 89' lang='lat' dir='ltr'>ad</span> <span class='ocrx_word' id='word_1_560' title='bbox 942 2415 1084 2446; x_wconf 87' lang='lat' dir='ltr'>eandem</span> <span class='ocrx_word' id='word_1_561' title='bbox 1110 2414 1247 2446; x_wconf 84' lang='lat' dir='ltr'>fixarum</span> <span class='ocrx_word' id='word_1_562' title='bbox 1273 2414 1448 2455; x_wconf 82' lang='lat' dir='ltr'>sphaerae.</span> <span class='ocrx_word' id='word_1_563' title='bbox 1486 2414 1524 2446; x_wconf 90' lang='lat' dir='ltr'>ln</span> <span class='ocrx_word' id='word_1_564' title='bbox 1547 2412 1662 2446; x_wconf 57' lang='lat' dir='ltr'>literis</span> <span class='ocrx_word' id='word_1_565' title='bbox 1677 2414 1763 2446; x_wconf 86' lang='lat' dir='ltr'>enim</span> <span class='ocrx_word' id='word_1_566' title='bbox 1779 2412 1922 2445; x_wconf 84' lang='lat' dir='ltr'>Praeto</span> 
     </span>
     <span class='ocr_line' id='line_1_49' title="bbox 133 2459 1974 2506; baseline -0.001 -13"><span class='ocrx_word' id='word_1_567' title='bbox 133 2462 163 2493; x_wconf 90' lang='lat' dir='ltr'>d.</span> <span class='ocrx_word' id='word_1_568' title='bbox 194 2461 224 2492; x_wconf 80' lang='lat'>7.</span> <span class='ocrx_word' id='word_1_569' title='bbox 256 2461 307 2491; x_wconf 80' lang='lat'>17.</span> <span class='ocrx_word' id='word_1_570' title='bbox 335 2460 417 2500; x_wconf 84' lang='lat' dir='ltr'>Maji</span> <span class='ocrx_word' id='word_1_571' title='bbox 445 2459 536 2491; x_wconf 80' lang='lat'>1598</span> <span class='ocrx_word' id='word_1_572' title='bbox 564 2462 605 2492; x_wconf 85' lang='lat' dir='ltr'>ad</span> <span class='ocrx_word' id='word_1_573' title='bbox 630 2462 840 2493; x_wconf 87' lang='lat' dir='ltr'>Herwartum</span> <span class='ocrx_word' id='word_1_574' title='bbox 866 2462 963 2498; x_wconf 82' lang='lat' dir='ltr'>datis,</span> <span class='ocrx_word' id='word_1_575' title='bbox 989 2461 1073 2493; x_wconf 87' lang='lat' dir='ltr'>haec</span> <span class='ocrx_word' id='word_1_576' title='bbox 1100 2462 1260 2503; x_wconf 87' lang='lat' dir='ltr'>legimus:</span> <span class='ocrx_word' id='word_1_577' title='bbox 1297 2461 1459 2502; x_wconf 89' lang='lat' dir='ltr'>Keplerus</span> <span class='ocrx_word' id='word_1_578' title='bbox 1485 2465 1643 2498; x_wconf 78' lang='lat' dir='ltr'>conatur,</span> <span class='ocrx_word' id='word_1_579' title='bbox 1675 2461 1838 2493; x_wconf 80' lang='lat' dir='ltr'>rationem</span> <span class='ocrx_word' id='word_1_580' title='bbox 1868 2469 1887 2492; x_wconf 93' lang='lat' dir='ltr'>o</span> <span class='ocrx_word' id='word_1_581' title='bbox 1910 2495 1925 2506; x_wconf 19' lang='lat'>4¹</span> <span class='ocrx_word' id='word_1_582' title='bbox 1972 2479 1974 2481; x_wconf 97' lang='lat'>-</span> 
     </span>
     <span class='ocr_line' id='line_1_50' title="bbox 131 2500 1942 2551; baseline -0.001 -12"><span class='ocrx_word' id='word_1_583' title='bbox 131 2509 271 2540; x_wconf 83' lang='lat' dir='ltr'>fixarum</span> <span class='ocrx_word' id='word_1_584' title='bbox 297 2509 339 2540; x_wconf 89' lang='lat' dir='ltr'>ad</span> <span class='ocrx_word' id='word_1_585' title='bbox 367 2509 477 2539; x_wconf 89' lang='lat' dir='ltr'>orbem</span> <span class='ocrx_word' id='word_1_586' title='bbox 502 2518 659 2550; x_wconf 87' lang='lat' dir='ltr'>magnum</span> <span class='ocrx_word' id='word_1_587' title='bbox 689 2508 860 2549; x_wconf 89' lang='lat' dir='ltr'>Coperniei</span> <span class='ocrx_word' id='word_1_588' title='bbox 886 2510 1096 2551; x_wconf 82' lang='lat' dir='ltr'>investigare.</span> <span class='ocrx_word' id='word_1_589' title='bbox 1147 2508 1199 2540; x_wconf 87' lang='lat' dir='ltr'>De</span> <span class='ocrx_word' id='word_1_590' title='bbox 1236 2509 1299 2541; x_wconf 91' lang='lat' dir='ltr'>hoc</span> <span class='ocrx_word' id='word_1_591' title='bbox 1335 2509 1436 2550; x_wconf 80' lang='lat' dir='ltr'>ipsius</span> <span class='ocrx_word' id='word_1_592' title='bbox 1459 2509 1608 2540; x_wconf 75' lang='lat' dir='ltr'>instituto</span> <span class='ocrx_word' id='word_1_593' title='bbox 1633 2507 1711 2550; x_wconf 86' lang='lat' dir='ltr'>quid</span> <span class='ocrx_word' id='word_1_594' title='bbox 1745 2508 1910 2539; x_wconf 57' lang='lat' dir='ltr'>senticum</span> <span class='ocrx_word' id='word_1_595' title='bbox 1936 2500 1942 2511; x_wconf 72' lang='lat'>⁸</span> 
     </span>
     <span class='ocr_line' id='line_1_51' title="bbox 132 2553 1901 2597; baseline 0 -11"><span class='ocrx_word' id='word_1_596' title='bbox 132 2557 184 2588; x_wconf 85' lang='lat' dir='ltr'>sit.</span> <span class='ocrx_word' id='word_1_597' title='bbox 211 2566 278 2587; x_wconf 90' lang='lat' dir='ltr'>non</span> <span class='ocrx_word' id='word_1_598' title='bbox 303 2557 352 2586; x_wconf 87' lang='lat' dir='ltr'>ita</span> <span class='ocrx_word' id='word_1_599' title='bbox 378 2555 508 2587; x_wconf 88' lang='lat' dir='ltr'>difficile</span> <span class='ocrx_word' id='word_1_600' title='bbox 535 2560 613 2596; x_wconf 90' lang='lat' dir='ltr'>puto</span> <span class='ocrx_word' id='word_1_601' title='bbox 639 2556 827 2596; x_wconf 83' lang='lat' dir='ltr'>responderi</span> <span class='ocrx_word' id='word_1_602' title='bbox 851 2566 957 2596; x_wconf 90' lang='lat' dir='ltr'>posse.</span> <span class='ocrx_word' id='word_1_603' title='bbox 1009 2556 1126 2587; x_wconf 89' lang='lat' dir='ltr'>Modus</span> <span class='ocrx_word' id='word_1_604' title='bbox 1161 2557 1261 2596; x_wconf 88' lang='lat' dir='ltr'>ipsius</span> <span class='ocrx_word' id='word_1_605' title='bbox 1300 2555 1560 2597; x_wconf 80' lang='lat' dir='ltr'>investigationis</span> <span class='ocrx_word' id='word_1_606' title='bbox 1590 2564 1656 2586; x_wconf 89' lang='lat' dir='ltr'>non</span> <span class='ocrx_word' id='word_1_607' title='bbox 1681 2553 1901 2595; x_wconf 76' lang='lat' dir='ltr'>reprehendi</span> 
     </span>
     <span class='ocr_line' id='line_1_52' title="bbox 134 2599 1922 2644; baseline 0 -11"><span class='ocrx_word' id='word_1_608' title='bbox 134 2613 245 2634; x_wconf 84' lang='lat' dir='ltr'>vereor</span> <span class='ocrx_word' id='word_1_609' title='bbox 283 2607 414 2641; x_wconf 84' lang='lat' dir='ltr'>autem,</span> <span class='ocrx_word' id='word_1_610' title='bbox 442 2613 484 2634; x_wconf 85' lang='lat' dir='ltr'>ne</span> <span class='ocrx_word' id='word_1_611' title='bbox 509 2603 630 2634; x_wconf 85' lang='lat' dir='ltr'>frustra</span> <span class='ocrx_word' id='word_1_612' title='bbox 653 2603 801 2639; x_wconf 89' lang='lat' dir='ltr'>laboret,</span> <span class='ocrx_word' id='word_1_613' title='bbox 827 2603 999 2635; x_wconf 90' lang='lat' dir='ltr'>dummodo</span> <span class='ocrx_word' id='word_1_614' title='bbox 1027 2603 1198 2644; x_wconf 80' lang='lat' dir='ltr'>Coperniei</span> <span class='ocrx_word' id='word_1_615' title='bbox 1231 2603 1356 2644; x_wconf 85' lang='lat' dir='ltr'>placita</span> <span class='ocrx_word' id='word_1_616' title='bbox 1385 2606 1477 2634; x_wconf 77' lang='lat' dir='ltr'>sarta</span> <span class='ocrx_word' id='word_1_617' title='bbox 1499 2605 1593 2634; x_wconf 83' lang='lat' dir='ltr'>tecta</span> <span class='ocrx_word' id='word_1_618' title='bbox 1617 2611 1690 2634; x_wconf 80' lang='lat' dir='ltr'>esse</span> <span class='ocrx_word' id='word_1_619' title='bbox 1714 2602 1815 2643; x_wconf 82' lang='lat' dir='ltr'>cupit.</span> <span class='ocrx_word' id='word_1_620' title='bbox 1863 2599 1896 2633; x_wconf 82' lang='lat' dir='ltr'>N</span> <span class='ocrx_word' id='word_1_621' title='bbox 1914 2614 1922 2643; x_wconf 64' lang='grc' dir='ltr'><em>χ</em></span> 
     </span>
     <span class='ocr_line' id='line_1_53' title="bbox 132 2648 1906 2690; baseline -0.001 -9"><span class='ocrx_word' id='word_1_622' title='bbox 132 2650 349 2690; x_wconf 81' lang='lat' dir='ltr'>Copernicus,</span> <span class='ocrx_word' id='word_1_623' title='bbox 390 2650 651 2690; x_wconf 90' lang='lat' dir='ltr'>philosophorum</span> <span class='ocrx_word' id='word_1_624' title='bbox 688 2654 722 2681; x_wconf 92' lang='lat' dir='ltr'>et</span> <span class='ocrx_word' id='word_1_625' title='bbox 759 2655 1017 2682; x_wconf 83' lang='lat' dir='ltr'>astronomorum</span> <span class='ocrx_word' id='word_1_626' title='bbox 1055 2651 1194 2682; x_wconf 90' lang='lat' dir='ltr'>decretis</span> <span class='ocrx_word' id='word_1_627' title='bbox 1221 2650 1380 2686; x_wconf 84' lang='lat' dir='ltr'>edoctus.</span> <span class='ocrx_word' id='word_1_628' title='bbox 1406 2649 1556 2690; x_wconf 87' lang='lat' dir='ltr'>principii</span> <span class='ocrx_word' id='word_1_629' title='bbox 1587 2648 1659 2680; x_wconf 91' lang='lat' dir='ltr'>loco</span> <span class='ocrx_word' id='word_1_630' title='bbox 1683 2649 1777 2689; x_wconf 79' lang='lat' dir='ltr'>ponit</span> <span class='ocrx_word' id='word_1_631' title='bbox 1799 2648 1906 2680; x_wconf 58' lang='lat' dir='ltr'>ultius</span> 
     </span>
     <span class='ocr_line' id='line_1_54' title="bbox 132 2694 1910 2739; baseline -0.001 -11"><span class='ocrx_word' id='word_1_632' title='bbox 132 2697 259 2728; x_wconf 89' lang='lat' dir='ltr'>coelum</span> <span class='ocrx_word' id='word_1_633' title='bbox 283 2698 410 2728; x_wconf 90' lang='lat' dir='ltr'>finitum</span> <span class='ocrx_word' id='word_1_634' title='bbox 436 2697 590 2738; x_wconf 90' lang='lat' dir='ltr'>quidem,</span> <span class='ocrx_word' id='word_1_635' title='bbox 630 2697 688 2729; x_wconf 89' lang='lat' dir='ltr'>sed</span> <span class='ocrx_word' id='word_1_636' title='bbox 726 2698 852 2728; x_wconf 85' lang='lat' dir='ltr'>infinito</span> <span class='ocrx_word' id='word_1_637' title='bbox 885 2698 1011 2734; x_wconf 86' lang='lat' dir='ltr'>simile;</span> <span class='ocrx_word' id='word_1_638' title='bbox 1050 2698 1137 2730; x_wconf 89' lang='lat' dir='ltr'>unde</span> <span class='ocrx_word' id='word_1_639' title='bbox 1176 2697 1320 2739; x_wconf 87' lang='lat' dir='ltr'>colligit:</span> <span class='ocrx_word' id='word_1_640' title='bbox 1356 2706 1429 2728; x_wconf 87' lang='lat' dir='ltr'>cum</span> <span class='ocrx_word' id='word_1_641' title='bbox 1463 2695 1566 2727; x_wconf 88' lang='lat' dir='ltr'>Terra</span> <span class='ocrx_word' id='word_1_642' title='bbox 1597 2696 1641 2727; x_wconf 90' lang='lat' dir='ltr'>ad</span> <span class='ocrx_word' id='word_1_643' title='bbox 1666 2696 1777 2728; x_wconf 89' lang='lat' dir='ltr'>orbem</span> <span class='ocrx_word' id='word_1_644' title='bbox 1802 2694 1870 2728; x_wconf 91' lang='lat' dir='ltr'>Sol</span> <span class='ocrx_word' id='word_1_645' title='bbox 1907 2718 1910 2721; x_wconf 89' lang='lat'><em>-</em></span> 
     </span>
     <span class='ocr_line' id='line_1_55' title="bbox 132 2742 1880 2784; baseline 0 -10"><span class='ocrx_word' id='word_1_646' title='bbox 132 2744 315 2775; x_wconf 88' lang='lat' dir='ltr'>evidentem</span> <span class='ocrx_word' id='word_1_647' title='bbox 340 2745 463 2776; x_wconf 85' lang='lat' dir='ltr'>habeat</span> <span class='ocrx_word' id='word_1_648' title='bbox 487 2746 660 2778; x_wconf 72' lang='lat' dir='ltr'>rationem,</span> <span class='ocrx_word' id='word_1_649' title='bbox 689 2745 847 2776; x_wconf 87' lang='lat' dir='ltr'>distantia</span> <span class='ocrx_word' id='word_1_650' title='bbox 872 2746 1033 2777; x_wconf 87' lang='lat' dir='ltr'>immensa</span> <span class='ocrx_word' id='word_1_651' title='bbox 1058 2746 1159 2776; x_wconf 86' lang='lat' dir='ltr'>etiam</span> <span class='ocrx_word' id='word_1_652' title='bbox 1185 2744 1227 2776; x_wconf 84' lang='lat' dir='ltr'>ad</span> <span class='ocrx_word' id='word_1_653' title='bbox 1252 2744 1361 2776; x_wconf 87' lang='lat' dir='ltr'>orbem</span> <span class='ocrx_word' id='word_1_654' title='bbox 1385 2752 1542 2784; x_wconf 86' lang='lat' dir='ltr'>magnum</span> <span class='ocrx_word' id='word_1_655' title='bbox 1566 2752 1633 2774; x_wconf 90' lang='lat' dir='ltr'>non</span> <span class='ocrx_word' id='word_1_656' title='bbox 1650 2742 1830 2775; x_wconf 83' lang='lat' dir='ltr'>notabilem</span> <span class='ocrx_word' id='word_1_657' title='bbox 1854 2755 1880 2769; x_wconf 76' lang='lat' dir='ltr'>u·</span> 
     </span>
     <span class='ocr_line' id='line_1_56' title="bbox 134 2789 1882 2832; baseline 0.001 -12"><span class='ocrx_word' id='word_1_658' title='bbox 134 2791 181 2820; x_wconf 88' lang='lat' dir='ltr'>bit</span> <span class='ocrx_word' id='word_1_659' title='bbox 205 2792 365 2822; x_wconf 86' lang='lat' dir='ltr'>rationem</span> <span class='ocrx_word' id='word_1_660' title='bbox 381 2815 388 2828; x_wconf 88' lang='lat'>‚</span> <span class='ocrx_word' id='word_1_661' title='bbox 415 2792 500 2832; x_wconf 91' lang='lat' dir='ltr'>quod</span> <span class='ocrx_word' id='word_1_662' title='bbox 526 2792 691 2823; x_wconf 84' lang='lat' dir='ltr'>concludit</span> <span class='ocrx_word' id='word_1_663' title='bbox 716 2793 748 2822; x_wconf 91' lang='lat' dir='ltr'>in</span> <span class='ocrx_word' id='word_1_664' title='bbox 774 2801 835 2822; x_wconf 88' lang='lat' dir='ltr'>sua</span> <span class='ocrx_word' id='word_1_665' title='bbox 858 2792 915 2822; x_wconf 86' lang='lat' dir='ltr'>illa</span> <span class='ocrx_word' id='word_1_666' title='bbox 940 2793 1218 2823; x_wconf 88' lang='lat' dir='ltr'>demonstratione</span> <span class='ocrx_word' id='word_1_667' title='bbox 1245 2800 1284 2822; x_wconf 88' lang='grc'>01</span> <span class='ocrx_word' id='word_1_668' title='bbox 1309 2800 1346 2822; x_wconf 86' lang='grc'>00</span> <span class='ocrx_word' id='word_1_669' title='bbox 1371 2791 1440 2830; x_wconf 89' lang='lat' dir='ltr'>ipso</span> <span class='ocrx_word' id='word_1_670' title='bbox 1466 2790 1641 2830; x_wconf 83' lang='lat' dir='ltr'>principio,</span> <span class='ocrx_word' id='word_1_671' title='bbox 1680 2789 1766 2831; x_wconf 89' lang='lat' dir='ltr'>quod</span> <span class='ocrx_word' id='word_1_672' title='bbox 1789 2799 1882 2821; x_wconf 67' lang='lat' dir='ltr'>imm:</span> 
     </span>
     <span class='ocr_line' id='line_1_57' title="bbox 131 2835 1898 2879; baseline 0.001 -12"><span class='ocrx_word' id='word_1_673' title='bbox 131 2837 173 2867; x_wconf 88' lang='lat' dir='ltr'>sit</span> <span class='ocrx_word' id='word_1_674' title='bbox 198 2838 283 2868; x_wconf 88' lang='lat' dir='ltr'>orbis</span> <span class='ocrx_word' id='word_1_675' title='bbox 309 2838 477 2869; x_wconf 84' lang='lat' dir='ltr'>stellarum</span> <span class='ocrx_word' id='word_1_676' title='bbox 503 2848 524 2869; x_wconf 89' lang='lat' dir='ltr'>a</span> <span class='ocrx_word' id='word_1_677' title='bbox 549 2839 651 2870; x_wconf 86' lang='lat' dir='ltr'>Terra</span> <span class='ocrx_word' id='word_1_678' title='bbox 676 2839 844 2870; x_wconf 85' lang='lat' dir='ltr'>distantia.</span> <span class='ocrx_word' id='word_1_679' title='bbox 896 2839 939 2870; x_wconf 89' lang='lat' dir='ltr'>Et</span> <span class='ocrx_word' id='word_1_680' title='bbox 971 2840 1032 2870; x_wconf 89' lang='lat' dir='ltr'>nisi</span> <span class='ocrx_word' id='word_1_681' title='bbox 1067 2839 1129 2870; x_wconf 91' lang='lat' dir='ltr'>hoc</span> <span class='ocrx_word' id='word_1_682' title='bbox 1164 2838 1357 2879; x_wconf 89' lang='lat' dir='ltr'>principium</span> <span class='ocrx_word' id='word_1_683' title='bbox 1393 2836 1521 2868; x_wconf 87' lang='lat' dir='ltr'>firmum</span> <span class='ocrx_word' id='word_1_684' title='bbox 1550 2838 1614 2874; x_wconf 89' lang='lat' dir='ltr'>sit,</span> <span class='ocrx_word' id='word_1_685' title='bbox 1649 2835 1819 2878; x_wconf 81' lang='lat' dir='ltr'>Coperniei</span> <span class='ocrx_word' id='word_1_686' title='bbox 1852 2850 1898 2863; x_wconf 75' lang='lat'>2:-</span> 
     </span>
     <span class='ocr_line' id='line_1_58' title="bbox 131 2882 1893 2927; baseline 0.001 -13"><span class='ocrx_word' id='word_1_687' title='bbox 131 2885 241 2914; x_wconf 85' lang='lat' dir='ltr'>nomia</span> <span class='ocrx_word' id='word_1_688' title='bbox 279 2885 453 2916; x_wconf 87' lang='lat' dir='ltr'>subsistere</span> <span class='ocrx_word' id='word_1_689' title='bbox 492 2896 557 2916; x_wconf 92' lang='lat' dir='ltr'>non</span> <span class='ocrx_word' id='word_1_690' title='bbox 593 2887 730 2926; x_wconf 87' lang='lat' dir='ltr'>poterit,</span> <span class='ocrx_word' id='word_1_691' title='bbox 769 2890 827 2917; x_wconf 89' lang='lat' dir='ltr'>aut</span> <span class='ocrx_word' id='word_1_692' title='bbox 857 2886 976 2918; x_wconf 89' lang='lat' dir='ltr'>saltem</span> <span class='ocrx_word' id='word_1_693' title='bbox 1003 2886 1144 2927; x_wconf 86' lang='lat' dir='ltr'>antiquis</span> <span class='ocrx_word' id='word_1_694' title='bbox 1182 2884 1460 2916; x_wconf 85' lang='lat' dir='ltr'>observationibus</span> <span class='ocrx_word' id='word_1_695' title='bbox 1498 2884 1694 2915; x_wconf 88' lang='lat' dir='ltr'>consentire.</span> <span class='ocrx_word' id='word_1_696' title='bbox 1742 2882 1845 2916; x_wconf 81' lang='lat' dir='ltr'>Nulla</span> <span class='ocrx_word' id='word_1_697' title='bbox 1870 2883 1893 2908; x_wconf 49' lang='grc' dir='ltr'>’ν</span> 
     </span>
     <span class='ocr_line' id='line_1_59' title="bbox 132 2930 1912 2973; baseline 0.001 -12"><span class='ocrx_word' id='word_1_698' title='bbox 132 2931 317 2961; x_wconf 86' lang='lat' dir='ltr'>conciliatio</span> <span class='ocrx_word' id='word_1_699' title='bbox 344 2931 412 2963; x_wconf 85' lang='lat' dir='ltr'>fieri</span> <span class='ocrx_word' id='word_1_700' title='bbox 437 2933 556 2972; x_wconf 87' lang='lat' dir='ltr'>poterit</span> <span class='ocrx_word' id='word_1_701' title='bbox 582 2934 802 2964; x_wconf 86' lang='lat' dir='ltr'>astronomiae</span> <span class='ocrx_word' id='word_1_702' title='bbox 828 2933 1010 2964; x_wconf 84' lang='lat' dir='ltr'>Ptolemaei</span> <span class='ocrx_word' id='word_1_703' title='bbox 1037 2938 1070 2965; x_wconf 90' lang='lat' dir='ltr'>et</span> <span class='ocrx_word' id='word_1_704' title='bbox 1089 2932 1269 2973; x_wconf 83' lang='lat' dir='ltr'>Coperniei,</span> <span class='ocrx_word' id='word_1_705' title='bbox 1297 2940 1370 2962; x_wconf 91' lang='lat' dir='ltr'>cum</span> <span class='ocrx_word' id='word_1_706' title='bbox 1395 2934 1508 2962; x_wconf 89' lang='lat' dir='ltr'>tamen</span> <span class='ocrx_word' id='word_1_707' title='bbox 1532 2931 1585 2962; x_wconf 89' lang='lat' dir='ltr'>hic</span> <span class='ocrx_word' id='word_1_708' title='bbox 1602 2930 1739 2962; x_wconf 86' lang='lat' dir='ltr'>firmiter</span> <span class='ocrx_word' id='word_1_709' title='bbox 1756 2933 1889 2962; x_wconf 86' lang='lat' dir='ltr'>conte··</span> <span class='ocrx_word' id='word_1_710' title='bbox 1910 2934 1912 2937; x_wconf 83' lang='lat'>&#39;</span> 
     </span>
     <span class='ocr_line' id='line_1_60' title="bbox 130 2976 1832 3021; baseline -0.001 -12"><span class='ocrx_word' id='word_1_711' title='bbox 130 2977 246 3009; x_wconf 89' lang='lat' dir='ltr'>eadem</span> <span class='ocrx_word' id='word_1_712' title='bbox 272 2978 504 3017; x_wconf 84' lang='lat' dir='ltr'>phaenomena</span> <span class='ocrx_word' id='word_1_713' title='bbox 529 2980 698 3020; x_wconf 89' lang='lat' dir='ltr'>utrobique</span> <span class='ocrx_word' id='word_1_714' title='bbox 724 2989 882 3020; x_wconf 86' lang='lat' dir='ltr'>apparere</span> <span class='ocrx_word' id='word_1_715' title='bbox 907 2990 1002 3021; x_wconf 89' lang='lat' dir='ltr'>posse</span> <span class='ocrx_word' id='word_1_716' title='bbox 1029 2985 1063 3012; x_wconf 87' lang='lat' dir='ltr'>et</span> <span class='ocrx_word' id='word_1_717' title='bbox 1087 2989 1127 3011; x_wconf 88' lang='grc'>01</span> <span class='ocrx_word' id='word_1_718' title='bbox 1152 2979 1318 3019; x_wconf 86' lang='lat' dir='ltr'>utriusque</span> <span class='ocrx_word' id='word_1_719' title='bbox 1343 2977 1458 3018; x_wconf 88' lang='lat' dir='ltr'>positis</span> <span class='ocrx_word' id='word_1_720' title='bbox 1482 2978 1660 3019; x_wconf 85' lang='lat' dir='ltr'>principiis.</span> <span class='ocrx_word' id='word_1_721' title='bbox 1691 2972 1907 3010; x_wconf 74' lang='lat' dir='ltr'>Videtur</span> 
     </span>
     <span class='ocr_line' id='line_1_61' title="bbox 129 3024 1905 3068; baseline 0.001 -13"><span class='ocrx_word' id='word_1_722' title='bbox 129 3024 301 3065; x_wconf 77' lang='lat' dir='ltr'>Keplerus,</span> <span class='ocrx_word' id='word_1_723' title='bbox 330 3035 369 3056; x_wconf 84' lang='lat' dir='ltr'>ex</span> <span class='ocrx_word' id='word_1_724' title='bbox 393 3026 506 3065; x_wconf 89' lang='lat' dir='ltr'>positis</span> <span class='ocrx_word' id='word_1_725' title='bbox 532 3036 553 3057; x_wconf 87' lang='lat' dir='ltr'>a</span> <span class='ocrx_word' id='word_1_726' title='bbox 580 3026 759 3067; x_wconf 87' lang='lat' dir='ltr'>Copernico</span> <span class='ocrx_word' id='word_1_727' title='bbox 784 3028 950 3068; x_wconf 89' lang='lat' dir='ltr'>principiis</span> <span class='ocrx_word' id='word_1_728' title='bbox 976 3031 1009 3059; x_wconf 89' lang='lat' dir='ltr'>et</span> <span class='ocrx_word' id='word_1_729' title='bbox 1034 3026 1176 3062; x_wconf 78' lang='lat' dir='ltr'>statutis,</span> <span class='ocrx_word' id='word_1_730' title='bbox 1214 3025 1414 3066; x_wconf 81' lang='lat' dir='ltr'>investigare</span> <span class='ocrx_word' id='word_1_731' title='bbox 1439 3033 1501 3063; x_wconf 85' lang='lat' dir='ltr'>ea,</span> <span class='ocrx_word' id='word_1_732' title='bbox 1540 3034 1626 3066; x_wconf 81' lang='lat' dir='ltr'>quae</span> <span class='ocrx_word' id='word_1_733' title='bbox 1658 3025 1760 3065; x_wconf 81' lang='lat' dir='ltr'>ipsius</span> <span class='ocrx_word' id='word_1_734' title='bbox 1783 3024 1879 3066; x_wconf 54' lang='lat' dir='ltr'>prinus</span> <span class='ocrx_word' id='word_1_735' title='bbox 1903 3058 1905 3064; x_wconf 61' lang='grc'><strong>,</strong></span> 
     </span>
     <span class='ocr_line' id='line_1_62' title="bbox 130 3069 1894 3116; baseline 0.001 -14"><span class='ocrx_word' id='word_1_736' title='bbox 130 3076 280 3103; x_wconf 86' lang='lat' dir='ltr'>evertant</span> <span class='ocrx_word' id='word_1_737' title='bbox 319 3070 412 3110; x_wconf 85' lang='lat' dir='ltr'>(nam</span> <span class='ocrx_word' id='word_1_738' title='bbox 439 3082 477 3103; x_wconf 87' lang='grc'>01</span> <span class='ocrx_word' id='word_1_739' title='bbox 503 3072 711 3104; x_wconf 82' lang='lat' dir='ltr'>Ptolemaicis</span> <span class='ocrx_word' id='word_1_740' title='bbox 736 3074 888 3116; x_wconf 86' lang='lat' dir='ltr'>progredi</span> <span class='ocrx_word' id='word_1_741' title='bbox 905 3074 949 3106; x_wconf 93' lang='lat' dir='ltr'>ad</span> <span class='ocrx_word' id='word_1_742' title='bbox 973 3076 1067 3106; x_wconf 85' lang='lat' dir='ltr'>suum</span> <span class='ocrx_word' id='word_1_743' title='bbox 1090 3073 1288 3107; x_wconf 73' lang='lat' dir='ltr'>institutum,</span> <span class='ocrx_word' id='word_1_744' title='bbox 1314 3076 1351 3103; x_wconf 91' lang='lat' dir='ltr'>ut</span> <span class='ocrx_word' id='word_1_745' title='bbox 1376 3072 1498 3113; x_wconf 76' lang='lat' dir='ltr'>opinor,</span> <span class='ocrx_word' id='word_1_746' title='bbox 1531 3081 1597 3103; x_wconf 87' lang='lat' dir='ltr'>non</span> <span class='ocrx_word' id='word_1_747' title='bbox 1621 3069 1768 3113; x_wconf 66' lang='lat' dir='ltr'>poterit).</span> <span class='ocrx_word' id='word_1_748' title='bbox 1817 3070 1894 3103; x_wconf 86' lang='lat' dir='ltr'>Vid</span> 
     </span>
     <span class='ocr_line' id='line_1_63' title="bbox 127 3117 1905 3163; baseline 0 -13"><span class='ocrx_word' id='word_1_749' title='bbox 127 3119 243 3162; x_wconf 84' lang='lat' dir='ltr'>igitur,</span> <span class='ocrx_word' id='word_1_750' title='bbox 270 3128 312 3150; x_wconf 91' lang='lat' dir='ltr'>ne</span> <span class='ocrx_word' id='word_1_751' title='bbox 337 3119 432 3150; x_wconf 89' lang='lat' dir='ltr'>nimis</span> <span class='ocrx_word' id='word_1_752' title='bbox 457 3119 583 3151; x_wconf 76' lang='lat' dir='ltr'>subtilis</span> <span class='ocrx_word' id='word_1_753' title='bbox 609 3121 651 3151; x_wconf 87' lang='lat' dir='ltr'>sit</span> <span class='ocrx_word' id='word_1_754' title='bbox 675 3121 708 3151; x_wconf 91' lang='lat' dir='ltr'>in</span> <span class='ocrx_word' id='word_1_755' title='bbox 733 3121 793 3158; x_wconf 83' lang='lat' dir='ltr'>iis,</span> <span class='ocrx_word' id='word_1_756' title='bbox 821 3130 906 3163; x_wconf 86' lang='lat' dir='ltr'>quae</span> <span class='ocrx_word' id='word_1_757' title='bbox 931 3122 1079 3153; x_wconf 84' lang='lat' dir='ltr'>sensibus</span> <span class='ocrx_word' id='word_1_758' title='bbox 1105 3120 1254 3160; x_wconf 86' lang='lat' dir='ltr'>subjecta</span> <span class='ocrx_word' id='word_1_759' title='bbox 1278 3122 1365 3151; x_wconf 84' lang='lat' dir='ltr'>sunt.</span> <span class='ocrx_word' id='word_1_760' title='bbox 1413 3117 1495 3151; x_wconf 61' lang='lat' dir='ltr'>Mea*</span> <span class='ocrx_word' id='word_1_761' title='bbox 1519 3119 1670 3161; x_wconf 83' lang='lat' dir='ltr'>opinione</span> <span class='ocrx_word' id='word_1_762' title='bbox 1701 3118 1795 3151; x_wconf 85' lang='lat' dir='ltr'>nulla</span> <span class='ocrx_word' id='word_1_763' title='bbox 1816 3119 1905 3151; x_wconf 57' lang='lat' dir='ltr'>ins*</span> 
     </span>
    </p>
   </div>
   <div class='ocr_carea' id='block_1_6' title="bbox 1832 1167 1982 3268">
    <p class='ocr_par' dir='ltr' id='par_1_9' title="bbox 1832 1167 1982 3268">
     <span class='ocr_line' id='line_1_64' title="bbox 1907 1167 1982 1273; baseline 0 -37"><span class='ocrx_word' id='word_1_764' title='bbox 1907 1167 1982 1273; x_wconf 95' lang='lat' dir='ltr'>    </span> 
     </span>
     <span class='ocr_line' id='line_1_65' title="bbox 1922 1273 1982 1415; baseline 0 -85"><span class='ocrx_word' id='word_1_765' title='bbox 1922 1273 1982 1415; x_wconf 95' lang='lat' dir='ltr'>    </span> 
     </span>
     <span class='ocr_line' id='line_1_66' title="bbox 1895 1415 1982 1523; baseline 0 -17"><span class='ocrx_word' id='word_1_766' title='bbox 1895 1441 1982 1523; x_wconf 95' lang='lat' dir='ltr'>  </span> <span class='ocrx_word' id='word_1_767' title='bbox 1938 1415 1982 1506; x_wconf 95' lang='lat' dir='ltr'>   </span> 
     </span>
     <span class='ocr_line' id='line_1_67' title="bbox 1895 1523 1982 1627; baseline 0 -58"><span class='ocrx_word' id='word_1_768' title='bbox 1895 1523 1982 1627; x_wconf 95' lang='lat' dir='ltr'>    </span> 
     </span>
     <span class='ocr_line' id='line_1_68' title="bbox 1889 1627 1982 1708; baseline 0 -36"><span class='ocrx_word' id='word_1_769' title='bbox 1889 1627 1982 1708; x_wconf 95' lang='lat' dir='ltr'>   </span> 
     </span>
     <span class='ocr_line' id='line_1_69' title="bbox 1873 1708 1982 1912; baseline 0 0"><span class='ocrx_word' id='word_1_770' title='bbox 1873 1708 1982 1912; x_wconf 95' lang='lat' dir='ltr'>    </span> 
     </span>
     <span class='ocr_line' id='line_1_70' title="bbox 1873 1912 1982 1959; baseline 0 1309"><span class='ocrx_word' id='word_1_771' title='bbox 1873 1912 1982 1959; x_wconf 95' lang='lat' dir='ltr'> </span> 
     </span>
     <span class='ocr_line' id='line_1_71' title="bbox 1851 1959 1982 2193; baseline 0 -84"><span class='ocrx_word' id='word_1_772' title='bbox 1851 1959 1982 2193; x_wconf 95' lang='lat' dir='ltr'>    </span> 
     </span>
     <span class='ocr_line' id='line_1_72' title="bbox 1880 2204 1977 2288; baseline 0 0"><span class='ocrx_word' id='word_1_773' title='bbox 1880 2204 1977 2288; x_wconf 95' lang='lat' dir='ltr'>  </span> 
     </span>
     <span class='ocr_line' id='line_1_73' title="bbox 1832 2288 1977 2391; baseline 0 -53"><span class='ocrx_word' id='word_1_774' title='bbox 1832 2288 1977 2391; x_wconf 95' lang='lat' dir='ltr'>  </span> 
     </span>
     <span class='ocr_line' id='line_1_74' title="bbox 1874 2391 1975 2582; baseline -0.079 -50"><span class='ocrx_word' id='word_1_775' title='bbox 1874 2391 1975 2582; x_wconf 95' lang='lat' dir='ltr'>     </span> 
     </span>
     <span class='ocr_line' id='line_1_75' title="bbox 1858 2582 1964 2761; baseline 0 0"><span class='ocrx_word' id='word_1_776' title='bbox 1858 2582 1964 2761; x_wconf 95' lang='lat' dir='ltr'>    </span> 
     </span>
     <span class='ocr_line' id='line_1_76' title="bbox 1834 2761 1958 2949; baseline 0 -88"><span class='ocrx_word' id='word_1_777' title='bbox 1834 2761 1958 2949; x_wconf 95' lang='lat' dir='ltr'>   </span> 
     </span>
     <span class='ocr_line' id='line_1_77' title="bbox 1855 2949 1954 3046; baseline 0 -92"><span class='ocrx_word' id='word_1_778' title='bbox 1855 2949 1954 3046; x_wconf 95' lang='lat' dir='ltr'>    </span> 
     </span>
     <span class='ocr_line' id='line_1_78' title="bbox 1871 3046 1951 3268; baseline 0 0"><span class='ocrx_word' id='word_1_779' title='bbox 1871 3046 1951 3268; x_wconf 95' lang='lat' dir='ltr'>   </span> 
     </span>
    </p>
   </div>
   <div class='ocr_carea' id='block_1_7' title="bbox 1909 1426 1970 1505">
    <p class='ocr_par' dir='ltr' id='par_1_10' title="bbox 1909 1426 1970 1505">
     <span class='ocr_line' id='line_1_79' title="bbox 1909 1426 1970 1505; baseline 0 -15"><span class='ocrx_word' id='word_1_780' title='bbox 1909 1426 1970 1505; x_wconf 28' lang='lat' dir='ltr'>A?</span> 
     </span>
    </p>
   </div>
  </div>
 </body>
</html>
