2028 3242
224 92 309 136 202
835 93 874 125 In
899 93 1092 134 Mysterium
1119 93 1427 136 Cosmographicum

222 204 308 237 Inde
330 201 351 235 2
373 201 612 246 imperfectae
642 200 674 248 ὃ
692 200 724 246 Q
751 201 817 237 δια
843 213 959 250 τριων
985 202 1086 241 dura,
1119 200 1151 247 ῼ
1167 201 1194 243 ζξ
1220 201 1284 236 δια
1307 213 1421 250 τριων
1447 201 1590 236 mollis:
1618 201 1730 246 plane
1758 204 1802 235 ut
1829 204 1869 235 et
1894 199 1932 234 in
1959 210 2028 234 cor·

221 255 371 299 poribus
401 254 630 288 interlucatis
660 254 850 289 discrimen
880 261 948 290 est.
1005 254 1074 288 Sed
1105 266 1176 288 non
1205 258 1296 299 puto
1335 254 1400 289 tibi
1439 254 1523 299 plus
1559 253 1781 298 placituram
1813 253 1910 288 hanc
1938 252 2028 287 auri-

222 308 383 341 cularem
411 307 657 348 harmoniam,
695 307 858 353 quamvis
887 318 1188 356 μουσικωτεραν,
1229 318 1338 353 quam
1365 307 1468 342 illam
1492 304 1796 347 astronomicam,
1829 306 1895 340 ubi
1921 316 2028 350 prope

222 371 390 395 numeros
421 359 690 404 Copernicanos
719 361 876 395 venitur.
933 361 1004 395 Sed
1041 365 1164 396 tamen
1198 361 1358 406 plurium
1393 359 1732 395 concordantiamm
1765 359 1924 394 tentatio
1952 369 2028 392 con·

221 413 322 447 ducit
348 425 403 454 eo,
433 418 476 447 ut
503 412 700 454 indicetur,
731 425 840 459 quam
868 414 939 448 cito
969 414 1099 460 ingens
1129 414 1212 459 quid
1240 418 1414 459 peccetur
1442 414 1478 447 in
1507 412 1741 452 astronomia,
1771 412 1803 446 si
1829 422 1901 446 non
1928 410 2028 456 ipsis·

221 467 313 501 sima
340 466 533 501 harmonia
561 467 745 501 coelorum
766 471 985 501 assumatur.
1027 468 1086 502 Ex
1117 479 1159 501 eo
1189 467 1305 512 liquet
1332 467 1573 512 postmodum,
1603 475 1709 510 quam
1736 464 1829 499 haec
1846 463 2028 499 harmonia

220 519 427 565 propinqua
455 519 504 553 sit
533 520 745 564 Copernico.
805 520 897 560 Quid
926 524 966 554 tu
989 520 1095 564 jam?
1151 521 1279 555 Nonne
1308 520 1471 554 videmur
1505 518 1609 553 nobis
1646 517 1942 552 eccentricitates
1969 517 2028 551 ha·

219 574 334 607 bere?
375 574 531 607 Praesto
561 578 646 608 sunt
674 573 873 608 distantiae
901 574 1054 613 mediae,
1085 578 1172 607 sunt
1200 577 1240 607 et
1267 573 1448 611 cavitates
1478 572 1574 607 inter
1597 571 1702 606 binos
1723 571 1830 605 orbes
1849 569 2028 616 cognitae,

221 628 314 672 quod
343 626 447 660 nobis
476 625 710 671 relinquitur,
750 626 846 661 inter
882 627 988 660 orbes
1018 626 1121 660 binos
1150 625 1286 660 vicinos
1321 626 1580 660 distribuamus
1609 635 1676 669 pro
1704 634 1829 658 eorum
1856 622 2024 658 crassitie

221 679 376 713 Tentavi
404 690 498 719 rem,
539 680 602 713 sed
639 679 764 713 videor
793 680 930 713 habere
961 690 1066 713 avem
1095 680 1163 713 sub
1192 679 1320 724 capaci
1349 678 1476 714 modio.
1533 678 1704 722 Propono
1731 675 1798 710 tibi
1827 676 1940 710 etiam
1967 675 2028 710 has

220 736 296 766 tres
326 732 603 767 concordantias
633 732 915 773 examinandas,
954 742 1107 778 quarum
1137 732 1284 766 tertiam
1313 731 1439 767 musici
1467 730 1626 767 maxime
1656 729 1904 775 probaverint.
1961 729 2028 764 Nu·

219 786 307 820 meri
337 785 392 826 hi,

232 926 491 970 >inprimaz
573 917 1249 966 52,213,65‚<56‚Q8‚§10

289 978 325 1012 in
354 979 533 1013 secunda:
615 978 650 1019 3,
730 979 765 1019 4,
850 979 884 1019 6,
969 977 1003 1018 8,
1066 978 1123 1019 10,
1203 978 1247 1013 12

290 1031 327 1066 in
356 1031 492 1066 tertia:
611 1032 646 1073 2,
728 1031 763 1072 3,
848 1032 883 1072 4,
968 1031 990 1065 5
1088 1027 1122 1071 6,
1225 1031 1248 1067 8

324 1215 465 1249 Horum
492 1215 677 1249 modorum
707 1215 886 1248 secundus
916 1225 996 1248 cum
1015 1215 1118 1248 modo
1139 1214 1270 1259 posito,
1302 1214 1433 1250 tertius
1454 1225 1534 1249 cum
1553 1214 1617 1249 illo
1637 1213 1765 1260 primo,
1795 1222 1902 1259 quem
1920 1211 2028 1247 solun:

218 1278 290 1313 ego
319 1268 454 1312 probo,
496 1268 754 1312 cognationem
791 1267 926 1306 habet,
971 1267 1159 1312 solumque
1197 1267 1233 1301 in
1268 1265 1288 1300 b
1315 1265 1345 1305 Ἃ
1382 1271 1501 1303 mutat
1539 1266 1734 1302 distantias
1761 1265 1911 1302 medias.
1966 1264 2028 1300 Sec·

220 1321 376 1355 scribam
405 1324 529 1354 tamen
558 1320 657 1365 ipsos
687 1320 799 1355 etiam
827 1331 1022 1354 numeros:

1026 1408 1105 1448 Ejus
1512 1404 1517 1457 Ι
1558 1407 1596 1439 Εἰ
1614 1409 1775 1450 cognatus
1871 1404 1910 1437 In
1920 1404 1982 1436 Co-

271 1431 382 1463 Trium
409 1432 541 1472 primus.
659 1429 841 1462 Secundus.
975 1459 1148 1497 cognatus·
1293 1432 1441 1464 Tertius..
1538 1454 1792 1496 mihiprobm·
1855 1452 2000 1495 pomino·

280 1513 300 1548 t
354 1515 389 1550 2.
413 1515 540 1550 99095
656 1514 690 1548 3.
718 1514 871 1550 117464
983 1515 1017 1549 2.
1043 1514 1170 1550 73642
1258 1516 1292 1550 2.
1320 1514 1472 1551 117829
1585 1514 1620 1548 3.
1642 1512 1770 1549 88371
1857 1513 1988 1548 91640

270 1567 300 1606 Ἃ
354 1568 390 1603 3.
413 1568 541 1603 59390
655 1568 689 1602 4.
740 1567 869 1602 59390
982 1568 1016 1602 3.
1040 1567 1170 1603 44480
1258 1569 1292 1603 3.
1343 1568 1472 1603 71169
1568 1567 1620 1618 ἱ4.
1642 1566 1772 1602 47446
1857 1565 1987 1602 52460

272 1619 315 1661 <3⁸>
355 1622 389 1656 5.
416 1621 540 1656 15675
654 1621 689 1654 6.
743 1620 867 1654 14107
983 1622 1017 1655 6.
1046 1621 1169 1655 14107
1257 1622 1292 1656 4.
1347 1621 1472 1656 15047
1584 1620 1619 1655 8.
1646 1618 1771 1654 15047
1860 1617 1987 1653 15200

273 1668 305 1715 ὃ
354 1675 389 1709 6.
415 1675 541 1708 10000
654 1672 690 1707 8.
742 1673 869 1707 10000
982 1673 1017 1709 8.
1044 1674 1170 1708 10000
1257 1675 1292 1709 5.
1345 1675 1471 1709 10000
1563 1674 1620 1708 10.
1645 1672 1772 1708 10000
1860 1671 1987 1711 10000
2015 1692 2019 1694 ἡ

274 1720 305 1765 Q
354 1726 389 1762 8.
438 1726 538 1762 8201
631 1725 689 1759 10.
767 1725 868 1761 7780
959 1727 1017 1760 10.
1067 1726 1169 1762 7780
1211 1671 1214 1780 i
1257 1729 1292 1762 6.
1369 1727 1466 1762 7381
1563 1726 1621 1761 12.
1671 1724 1769 1760 7381
1885 1723 1987 1759 7190

274 1774 301 1816 ξ
331 1780 389 1814 10.
439 1780 540 1814 4016
631 1778 689 1812 12.
765 1778 869 1813 3614
959 1779 1015 1813 12.
1066 1779 1170 1814 3614
1211 1782 1213 1811 ι’
1257 1780 1291 1815 8.
1367 1780 1469 1815 3855
1563 1780 1620 1814 16.
1668 1777 1771 1814 3855
1883 1776 1986 1812 3600

313 1842 429 1874 Nullus
454 1843 586 1884 propius
613 1842 655 1873 ad
674 1841 890 1883 Copernicum
917 1842 1058 1879 accedit,
1085 1852 1183 1883 quam
1209 1844 1353 1875 ultimus.
1393 1843 1482 1875 Nam
1507 1844 1593 1875 inter
1610 1838 1643 1885 ὃ
1659 1837 1692 1882 Q
1717 1842 1745 1873 si
1769 1841 1922 1882 possibile
1948 1843 2028 1872 esse!

218 1889 372 1920 minorem
398 1899 518 1930 ponere
543 1890 783 1930 proportionem
809 1889 963 1920 virtutum
989 1890 1205 1925 moventium,
1232 1900 1330 1931 quam
1356 1894 1408 1922 est
1437 1888 1500 1928 ⁵lm
1532 1894 1619 1922 esset
1644 1889 1702 1921 illa
1727 1888 1934 1925 adhibenda,
1961 1897 2028 1919 cum

219 1937 319 1967 etiarn
345 1937 377 1967 in
402 1937 465 1968 hac
490 1937 626 1968 minima
652 1937 759 1968 adhuc
785 1936 1020 1977 grandiuscula
1044 1936 1184 1977 prodeat
1209 1937 1369 1968 distantia
1392 1937 1513 1969 media.

323 2020 374 2053 Et
407 2015 445 2059 ‘’le,
486 2020 677 2064 pulchram
713 2020 830 2054 habet
867 2019 1123 2065 cognationem
1162 2031 1242 2054 cum
1280 2020 1470 2055 icosaedro
1509 2020 1605 2054 inter
1634 2013 1666 2059 Ω
1688 2013 1716 2056 U
1750 2019 1885 2053 locato.
1942 2019 2028 2053 Nam

218 2071 363 2116 scriptis
392 2072 428 2106 in
457 2072 590 2106 circulo
621 2074 643 2107 6
674 2072 890 2118 triangulis,
937 2072 958 2106 5
989 2076 1225 2106 assumuntur
1259 2074 1303 2107 ad
1340 2073 1493 2108 solidum
1523 2072 1699 2118 angulum
1728 2070 1920 2106 icosaedri.
1975 2071 2028 2105 Ab

218 2126 285 2159 hoc
313 2124 416 2159 initio
447 2125 665 2171 progressis,
698 2125 785 2170 quia
812 2125 982 2169 proxima
1010 2125 1190 2159 distantia
1217 2130 1276 2160 est
1303 2126 1399 2161 inter
1428 2124 1461 2164 ὅ
1489 2120 1535 2168 ὃ,
1565 2130 1605 2159 et
1633 2135 1763 2170 corpus
1793 2123 2028 2159 interlocatul

219 2178 452 2223 aequealtum
481 2178 688 2219 icosaedro,
718 2179 894 2213 sumenda
921 2179 992 2213 erit
1020 2178 1208 2223 proportio
1236 2179 1406 2223 proxima
1434 2181 1492 2213 vel
1521 2178 1643 2224 potius
1672 2179 1820 2217 eadem,
1850 2176 1881 2210 si
1908 2180 2028 2222 posset

217 2230 367 2265 retineri
396 2232 647 2272 consonantia,
678 2243 727 2266 sc.
759 2226 815 2270 ⁴l5.
871 2233 922 2266 Et
949 2232 1043 2266 haec
1071 2231 1199 2266 divisio
1236 2231 1271 2265 in
1301 2232 1323 2266 5
1354 2232 1612 2279 cognationem
1639 2241 1782 2277 quoque
1810 2230 1926 2264 habet
1954 2241 2028 2265 cum

445 2313 452 2320 .
673 2318 688 2324 ..
736 2313 743 2321 .
853 2313 861 2321 .
1004 2314 1010 2321 .
1149 2313 1155 2321 .
1315 2314 1322 2322 .
1522 2315 1529 2322 .
1663 2313 1670 2321 .
1818 2284 1886 2328 4²1.

218 2313 356 2358 angulo
387 2314 500 2348 solido
530 2315 762 2355 dodecaedri,
802 2326 862 2360 qui
892 2314 1075 2348 clauditur
1110 2315 1226 2349 tribus
1263 2315 1571 2361 quinquangulis‚
1612 2324 1671 2360 qui
1706 2317 1792 2363 sunt
1817 2333 1891 2378 —5—
1927 2314 1971 2346 de
2009 2311 2028 2346 4

217 2395 339 2430 rectis.
396 2396 484 2430 Inde
514 2396 609 2431 inter
637 2395 714 2435 216¹
744 2401 788 2431 ut
815 2400 874 2431 est
900 2396 1063 2431 maxima
1097 2396 1290 2438 distantia,
1329 2397 1383 2432 ita
1416 2401 1456 2432 et
1491 2396 1654 2432 maxima
1686 2394 1875 2441 proportio
1910 2390 1947 2434 ²l2
1980 2393 2028 2445 (el

219 2447 312 2483 sicut
346 2444 381 2486 ¹l2
415 2450 497 2484 sola
524 2462 597 2484 non
625 2450 716 2485 facit
742 2452 898 2496 figuram
927 2450 964 2484 in
992 2449 1147 2491 circulo,
1184 2451 1246 2484 sed
1276 2450 1429 2491 lineam,
1467 2449 1520 2484 sic
1554 2450 1781 2484 tetraedrum
1817 2449 1934 2484 solum
1962 2460 2028 2484 non

218 2501 334 2535 habet
359 2502 546 2546 oppositos
568 2502 756 2549 angulos),
791 2503 1087 2549 quemadmodum
1117 2507 1156 2537 et
1184 2503 1220 2537 in
1249 2503 1330 2547 ejus
1359 2502 1474 2537 solido
1503 2503 1644 2548 angulo
1673 2512 1813 2536 summa
1841 2502 2028 2547 planorum

218 2559 277 2588 est
309 2550 347 2591 ¹l2
380 2556 423 2588 de
453 2555 477 2589 4
505 2556 627 2590 rectis.
671 2557 840 2602 Denique
869 2555 964 2590 inter
991 2554 1011 2594 15
1030 2554 1059 2594 Ἡ(
1087 2555 1173 2601 quia
1201 2560 1260 2590 est
1287 2557 1412 2596 cubus,
1443 2555 1547 2599 cujus
1577 2555 1737 2601 angulus
1768 2553 2028 2600 quadranguli!

219 2607 411 2647 clauditur,
443 2609 611 2643 convenit
641 2613 684 2643 ut
711 2609 858 2644 intersit
887 2613 926 2643 et
953 2609 1140 2654 proportio
1169 2610 1285 2643 fluens
1314 2621 1362 2643 ex
1392 2608 1661 2654 quadrangulo.
1707 2609 1760 2642 At
1788 2607 1875 2653 quia
1903 2608 1939 2642 in
1967 2618 2028 2642 an*

219 2660 308 2705 gulo
338 2660 452 2695 solido
483 2666 540 2696 est
568 2673 708 2697 summa
735 2663 927 2708 planorum
960 2657 999 2700 ³l4
1031 2663 1075 2696 de
1105 2662 1130 2696 4
1158 2662 1279 2703 rectis,
1311 2661 1391 2696 ideo
1422 2659 1577 2695 interest
1604 2672 1709 2705 prop.
1732 2672 1804 2695 non
1827 2655 1868 2698 ¹l4
1890 2661 1953 2695 sed
1977 2655 2028 2698 ³lei

219 2713 296 2747 Nec
325 2725 413 2748 sane
444 2715 520 2749 alia
553 2715 733 2749 interesse
767 2719 914 2760 posset,
952 2714 1081 2760 positis
1117 2714 1384 2759 superioribus,
1425 2713 1511 2758 quin
1544 2714 1760 2748 turbaretur
1793 2712 2028 2748 consonantia

219 2769 435 2801 ceterarum.
495 2768 653 2812 Oportet
680 2768 775 2803 enim
805 2779 927 2802 omnes
958 2779 1038 2802 cum
1066 2767 1231 2802 omnibus
1261 2766 1464 2801 concinere.
1524 2766 1660 2801 Restat
1687 2766 1791 2800 nobis
1818 2765 2028 2807 Mercuriusa‘

220 2818 323 2862 cujus
353 2831 431 2853 cum
461 2820 509 2854 sit
537 2831 560 2855 a
590 2814 621 2860 Q
655 2821 833 2856 distantia
860 2832 975 2865 prope
1005 2822 1150 2861 eadem,
1181 2831 1274 2865 quae
1302 2818 1322 2857 B
1351 2830 1375 2853 a
1402 2820 1451 2859 Ἃ,
1482 2829 1561 2852 cum
1594 2819 1643 2853 sit
1670 2819 1926 2854 interlocatum
1955 2815 2028 2865 coi}

220 2881 287 2914 pus
317 2874 551 2917 aequealtum
579 2875 683 2914 cubo,
714 2873 911 2919 requiritur
939 2875 1067 2908 eadem
1096 2884 1238 2918 quoque
1268 2876 1336 2906 aut
1361 2871 1531 2916 proxima
1557 2871 1758 2916 proportio.
1806 2874 1862 2905 Ac
1889 2871 1919 2906 si
1948 2872 2028 2910 com

221 2928 371 2957 sonaret
401 2921 437 2963 Ζ13
471 2937 548 2960 cum
571 2926 701 2960 ceteris
723 2926 864 2971 positis,
895 2926 1126 2972 assignarem
1145 2925 1199 2959 illi
1225 2920 1259 2964 ²s.
1292 2927 1502 2969 propterea,
1535 2923 1620 2969 quia
1647 2924 1727 2968 ejus
1757 2925 1917 2970 angulus
1946 2935 1987 2958 so

220 2976 285 3008 dus
314 2976 428 3011 habet
455 2989 629 3013 summam
657 2980 850 3023 planorum
884 2975 922 3017 ³l³
955 2981 999 3013 de
1020 2979 1044 3013 4
1063 2978 1185 3013 rectis.
1227 2977 1299 3012 Sed
1328 2977 1414 3022 quia
1442 2977 1656 3011 turbaretur
1684 2976 1925 3012 consonantia
1951 2988 1971 3011 c
2019 2974 2021 2977 ⁴

221 3027 363 3067 ceteris,
394 3030 543 3064 obvenit
572 3025 643 3070 (ἐξ
671 3033 799 3066 eadem
827 3031 1019 3066 harmonia
1050 3026 1110 3072 ³1'4,
1141 3041 1234 3076 quae
1265 3028 1338 3068 ⁴521.
1394 3029 1471 3063 Nec
1499 3029 1640 3063 omnino
1669 3029 1828 3064 alienum
1856 3033 1916 3064 est
1942 3036 1964 3074 q

221 3079 438 3125 drangulum
468 3083 515 3119 ab
545 3085 729 3130 octaedm,
759 3088 799 3124 et
827 3085 1028 3134 derogatur
1055 3083 1109 3120 illi
1138 3083 1174 3119 in
1193 3083 1262 3121 hoc
1282 3093 1365 3123 uuo,
1396 3082 1490 3133 quod
1510 3085 1639 3122 contra
1666 3092 1801 3123 morem
1828 2977 2028 3166 cetera}

2007 3167 2028 3242 ξι
