<?xml version="1.0" encoding="UTF-8"?>
<!DOCTYPE html PUBLIC "-//W3C//DTD XHTML 1.0 Transitional//EN"
    "http://www.w3.org/TR/xhtml1/DTD/xhtml1-transitional.dtd">
<html xmlns="http://www.w3.org/1999/xhtml" xml:lang="en" lang="en">
 <head>
  <title>
</title>
<meta http-equiv="Content-Type" content="text/html;charset=utf-8" />
  <meta name='ocr-system' content='tesseract 3.04.00' />
  <meta name='ocr-capabilities' content='ocr_page ocr_carea ocr_par ocr_line ocrx_word'/>
</head>
<body>
  <div class='ocr_page' id='page_1' title='image "./operaomniaedidit01kepluoft_0038.png"; bbox 0 0 1982 3268; ppageno 0'>
   <div class='ocr_carea' id='block_1_1' title="bbox 221 113 1216 158">
    <p class='ocr_par' dir='ltr' id='par_1_1' title="bbox 221 113 1216 158">
     <span class='ocr_line' id='line_1_1' title="bbox 221 113 1216 158; baseline -0.009 0"><span class='ocrx_word' id='word_1_1' title='bbox 221 115 239 157; x_wconf 90' lang='lat'>1</span> <span class='ocrx_word' id='word_1_2' title='bbox 247 113 273 158; x_wconf 92' lang='grc'>6</span> <span class='ocrx_word' id='word_1_3' title='bbox 1002 116 1216 151; x_wconf 81' lang='lat' dir='ltr'><strong>Prooemium.</strong></span> 
     </span>
    </p>
   </div>
   <div class='ocr_carea' id='block_1_2' title="bbox 214 222 1982 338">
    <p class='ocr_par' dir='ltr' id='par_1_2' title="bbox 214 222 1982 338">
     <span class='ocr_line' id='line_1_2' title="bbox 214 222 1982 276; baseline 0.003 -13"><span class='ocrx_word' id='word_1_4' title='bbox 214 234 407 263; x_wconf 91' lang='lat' dir='ltr'><strong>merorum</strong></span> <span class='ocrx_word' id='word_1_5' title='bbox 439 222 691 272; x_wconf 86' lang='lat' dir='ltr'>concordent,</span> <span class='ocrx_word' id='word_1_6' title='bbox 725 223 910 276; x_wconf 86' lang='lat' dir='ltr'><strong>exiguam</strong></span> <span class='ocrx_word' id='word_1_7' title='bbox 941 229 982 265; x_wconf 86' lang='lat' dir='ltr'><strong>et</strong></span> <span class='ocrx_word' id='word_1_8' title='bbox 1011 224 1281 265; x_wconf 84' lang='lat' dir='ltr'><strong>insensibilem</strong></span> <span class='ocrx_word' id='word_1_9' title='bbox 1304 225 1475 266; x_wconf 83' lang='lat' dir='ltr'><strong>existere</strong></span> <span class='ocrx_word' id='word_1_10' title='bbox 1496 225 1759 268; x_wconf 85' lang='lat' dir='ltr'><strong>differentiam</strong></span> <span class='ocrx_word' id='word_1_11' title='bbox 1776 226 1816 267; x_wconf 92' lang='lat' dir='ltr'><strong>in</strong></span> <span class='ocrx_word' id='word_1_12' title='bbox 1835 227 1982 268; x_wconf 87' lang='lat' dir='ltr'><strong>arcubu</strong></span> 
     </span>
     <span class='ocr_line' id='line_1_3' title="bbox 215 281 1982 338; baseline 0.002 -16"><span class='ocrx_word' id='word_1_13' title='bbox 215 281 392 330; x_wconf 84' lang='lat' dir='ltr'><strong>zodiaci,</strong></span> <span class='ocrx_word' id='word_1_14' title='bbox 439 294 600 333; x_wconf 89' lang='lat' dir='ltr'><strong>quorum</strong></span> <span class='ocrx_word' id='word_1_15' title='bbox 641 282 773 334; x_wconf 87' lang='lat' dir='ltr'><strong>gratia</strong></span> <span class='ocrx_word' id='word_1_16' title='bbox 803 282 910 322; x_wconf 90' lang='lat' dir='ltr'><strong>sinus</strong></span> <span class='ocrx_word' id='word_1_17' title='bbox 943 289 984 324; x_wconf 90' lang='lat' dir='ltr'><strong>et</strong></span> <span class='ocrx_word' id='word_1_18' title='bbox 1015 284 1230 324; x_wconf 81' lang='lat' dir='ltr'><strong>distantiae</strong></span> <span class='ocrx_word' id='word_1_19' title='bbox 1260 285 1527 338; x_wconf 90' lang='lat' dir='ltr'><strong>exquiruntur.</strong></span> <span class='ocrx_word' id='word_1_20' title='bbox 1587 285 1645 327; x_wconf 88' lang='lat' dir='ltr'><strong>Ut</strong></span> <span class='ocrx_word' id='word_1_21' title='bbox 1674 283 1875 328; x_wconf 83' lang='lat'>5773503</span> <span class='ocrx_word' id='word_1_22' title='bbox 1906 286 1982 327; x_wconf 86' lang='lat' dir='ltr'><strong>faci</strong></span> 
     </span>
    </p>
   </div>
   <div class='ocr_carea' id='block_1_3' title="bbox 215 337 1982 399">
    <p class='ocr_par' dir='ltr' id='par_1_3' title="bbox 215 337 1982 399">
     <span class='ocr_line' id='line_1_4' title="bbox 215 337 1982 399; baseline 0.003 -19"><span class='ocrx_word' id='word_1_23' title='bbox 215 354 350 381; x_wconf 91' lang='lat' dir='ltr'><strong>arcum</strong></span> <span class='ocrx_word' id='word_1_24' title='bbox 382 337 463 381; x_wconf 87' lang='lat'><strong>35⁰</strong></span> <span class='ocrx_word' id='word_1_25' title='bbox 496 337 588 390; x_wconf 85' lang='lat'><strong>16¹,</strong></span> <span class='ocrx_word' id='word_1_26' title='bbox 638 342 710 382; x_wconf 90' lang='lat' dir='ltr'><strong>sed</strong></span> <span class='ocrx_word' id='word_1_27' title='bbox 747 339 947 383; x_wconf 85' lang='grc'>5831967</span> <span class='ocrx_word' id='word_1_28' title='bbox 987 343 1086 384; x_wconf 87' lang='lat' dir='ltr'><strong>facit</strong></span> <span class='ocrx_word' id='word_1_29' title='bbox 1129 357 1261 385; x_wconf 87' lang='lat' dir='ltr'><strong>arcum</strong></span> <span class='ocrx_word' id='word_1_30' title='bbox 1298 341 1380 385; x_wconf 87' lang='lat'><strong>35⁰</strong></span> <span class='ocrx_word' id='word_1_31' title='bbox 1408 342 1499 393; x_wconf 78' lang='lat'><strong>40¹,</strong></span> <span class='ocrx_word' id='word_1_32' title='bbox 1542 344 1621 386; x_wconf 88' lang='lat' dir='ltr'><strong>diff.</strong></span> <span class='ocrx_word' id='word_1_33' title='bbox 1659 343 1742 396; x_wconf 77' lang='lat'><strong>243</strong></span> <span class='ocrx_word' id='word_1_34' title='bbox 1784 345 1906 399; x_wconf 87' lang='lat' dir='ltr'><strong>igitur</strong></span> <span class='ocrx_word' id='word_1_35' title='bbox 1941 345 1982 386; x_wconf 92' lang='lat' dir='ltr'><strong>hi</strong></span> 
     </span>
    </p>
   </div>
   <div class='ocr_carea' id='block_1_4' title="bbox 208 397 1982 2292">
    <p class='ocr_par' dir='ltr' id='par_1_4' title="bbox 214 397 1982 512">
     <span class='ocr_line' id='line_1_5' title="bbox 214 397 1982 471; baseline 0.003 -30"><span class='ocrx_word' id='word_1_36' title='bbox 214 397 376 450; x_wconf 83' lang='grc'>58464,</span> <span class='ocrx_word' id='word_1_37' title='bbox 409 413 549 453; x_wconf 90' lang='lat' dir='ltr'><strong>nempe</strong></span> <span class='ocrx_word' id='word_1_38' title='bbox 581 397 607 441; x_wconf 89' lang='lat'><strong>6</strong></span> <span class='ocrx_word' id='word_1_39' title='bbox 639 401 722 442; x_wconf 87' lang='lat' dir='ltr'><strong>fere</strong></span> <span class='ocrx_word' id='word_1_40' title='bbox 753 401 954 455; x_wconf 82' lang='lat' dir='ltr'><strong>myriades</strong></span> <span class='ocrx_word' id='word_1_41' title='bbox 986 403 1182 443; x_wconf 90' lang='lat' dir='ltr'><strong>unitatum</strong></span> <span class='ocrx_word' id='word_1_42' title='bbox 1211 403 1251 444; x_wconf 93' lang='lat' dir='ltr'><strong>in</strong></span> <span class='ocrx_word' id='word_1_43' title='bbox 1282 403 1437 444; x_wconf 92' lang='lat' dir='ltr'><strong>sinuum</strong></span> <span class='ocrx_word' id='word_1_44' title='bbox 1467 404 1692 446; x_wconf 81' lang='lat' dir='ltr'><strong>differentia</strong></span> <span class='ocrx_word' id='word_1_45' title='bbox 1720 417 1800 471; x_wconf 87' lang='lat' dir='ltr'><strong>non</strong></span> <span class='ocrx_word' id='word_1_46' title='bbox 1831 405 1982 445; x_wconf 86' lang='lat' dir='ltr'><strong>efficiun</strong></span> 
     </span>
     <span class='ocr_line' id='line_1_6' title="bbox 214 459 878 512; baseline 0.003 -13"><span class='ocrx_word' id='word_1_47' title='bbox 214 459 414 500; x_wconf 89' lang='lat' dir='ltr'><strong>dimidium</strong></span> <span class='ocrx_word' id='word_1_48' title='bbox 444 460 609 512; x_wconf 87' lang='lat' dir='ltr'><strong>gradum</strong></span> <span class='ocrx_word' id='word_1_49' title='bbox 635 460 673 500; x_wconf 94' lang='lat' dir='ltr'><strong>in</strong></span> <span class='ocrx_word' id='word_1_50' title='bbox 695 461 878 501; x_wconf 87' lang='lat' dir='ltr'><strong>arcubus.</strong></span> 
     </span>
    </p>

    <p class='ocr_par' dir='ltr' id='par_1_5' title="bbox 211 518 1980 737">
     <span class='ocr_line' id='line_1_7' title="bbox 330 518 1980 591; baseline 0.003 -33"><span class='ocrx_word' id='word_1_51' title='bbox 330 518 483 559; x_wconf 91' lang='lat' dir='ltr'><strong>Deinde</strong></span> <span class='ocrx_word' id='word_1_52' title='bbox 516 519 551 559; x_wconf 92' lang='lat' dir='ltr'><strong>si</strong></span> <span class='ocrx_word' id='word_1_53' title='bbox 581 519 775 572; x_wconf 87' lang='lat' dir='ltr'><strong>fingamus</strong></span> <span class='ocrx_word' id='word_1_54' title='bbox 807 520 969 569; x_wconf 89' lang='lat' dir='ltr'><strong>saltem,</strong></span> <span class='ocrx_word' id='word_1_55' title='bbox 1013 519 1111 560; x_wconf 87' lang='lat' dir='ltr'><strong>haec</strong></span> <span class='ocrx_word' id='word_1_56' title='bbox 1143 533 1232 562; x_wconf 89' lang='lat' dir='ltr'><strong>esse</strong></span> <span class='ocrx_word' id='word_1_57' title='bbox 1262 521 1492 572; x_wconf 86' lang='lat' dir='ltr'><strong>verissima,</strong></span> <span class='ocrx_word' id='word_1_58' title='bbox 1533 535 1634 575; x_wconf 89' lang='lat' dir='ltr'><strong>quae</strong></span> <span class='ocrx_word' id='word_1_59' title='bbox 1672 522 1720 563; x_wconf 92' lang='lat' dir='ltr'><strong>de</strong></span> <span class='ocrx_word' id='word_1_60' title='bbox 1749 522 1980 591; x_wconf 72' lang='lat' dir='ltr'><strong>proportior]</strong></span> 
     </span>
     <span class='ocr_line' id='line_1_8' title="bbox 211 578 1982 635; baseline 0.003 -18"><span class='ocrx_word' id='word_1_61' title='bbox 211 590 417 630; x_wconf 90' lang='lat' dir='ltr'><strong>corporum</strong></span> <span class='ocrx_word' id='word_1_62' title='bbox 447 578 487 618; x_wconf 94' lang='lat' dir='ltr'><strong>in</strong></span> <span class='ocrx_word' id='word_1_63' title='bbox 520 578 718 619; x_wconf 90' lang='lat' dir='ltr'><strong>coelorum</strong></span> <span class='ocrx_word' id='word_1_64' title='bbox 750 579 1008 631; x_wconf 88' lang='lat' dir='ltr'><strong>dispositione</strong></span> <span class='ocrx_word' id='word_1_65' title='bbox 1041 580 1255 621; x_wconf 88' lang='lat' dir='ltr'><strong>observata</strong></span> <span class='ocrx_word' id='word_1_66' title='bbox 1285 581 1390 622; x_wconf 86' lang='lat' dir='ltr'><strong>dixi.</strong></span> <span class='ocrx_word' id='word_1_67' title='bbox 1422 595 1499 622; x_wconf 93' lang='lat' dir='ltr'><strong>non</strong></span> <span class='ocrx_word' id='word_1_68' title='bbox 1530 582 1726 623; x_wconf 80' lang='lat' dir='ltr'><strong>mehercle</strong></span> <span class='ocrx_word' id='word_1_69' title='bbox 1757 581 1900 635; x_wconf 85' lang='lat' dir='ltr'><strong>injuria</strong></span> <span class='ocrx_word' id='word_1_70' title='bbox 1929 595 1982 622; x_wconf 88' lang='lat' dir='ltr'><strong>ve</strong></span> 
     </span>
     <span class='ocr_line' id='line_1_9' title="bbox 213 637 1982 703; baseline 0.002 -26"><span class='ocrx_word' id='word_1_71' title='bbox 213 638 416 679; x_wconf 89' lang='lat' dir='ltr'><strong>hementer</strong></span> <span class='ocrx_word' id='word_1_72' title='bbox 447 637 533 690; x_wconf 89' lang='lat' dir='ltr'><strong>quis</strong></span> <span class='ocrx_word' id='word_1_73' title='bbox 564 638 697 703; x_wconf 89' lang='lat' dir='ltr'><strong>mirari</strong></span> <span class='ocrx_word' id='word_1_74' title='bbox 728 644 886 691; x_wconf 90' lang='lat' dir='ltr'><strong>posset,</strong></span> <span class='ocrx_word' id='word_1_75' title='bbox 925 637 1186 690; x_wconf 90' lang='lat' dir='ltr'><strong>Copernicum</strong></span> <span class='ocrx_word' id='word_1_76' title='bbox 1222 645 1307 681; x_wconf 91' lang='lat' dir='ltr'><strong>tam</strong></span> <span class='ocrx_word' id='word_1_77' title='bbox 1341 654 1463 694; x_wconf 91' lang='lat' dir='ltr'><strong>prope</strong></span> <span class='ocrx_word' id='word_1_78' title='bbox 1501 641 1722 682; x_wconf 83' lang='lat' dir='ltr'><strong>accessisse</strong></span> <span class='ocrx_word' id='word_1_79' title='bbox 1760 641 1812 682; x_wconf 91' lang='lat' dir='ltr'><strong>ad</strong></span> <span class='ocrx_word' id='word_1_80' title='bbox 1841 641 1900 682; x_wconf 93' lang='lat' dir='ltr'><strong>rei</strong></span> <span class='ocrx_word' id='word_1_81' title='bbox 1932 653 1982 681; x_wconf 89' lang='lat' dir='ltr'><strong>ve</strong></span> 
     </span>
     <span class='ocr_line' id='line_1_10' title="bbox 211 697 381 737; baseline -0.013 0"><span class='ocrx_word' id='word_1_82' title='bbox 211 697 381 737; x_wconf 88' lang='lat' dir='ltr'><strong>ritatem.</strong></span> 
     </span>
    </p>

    <p class='ocr_par' dir='ltr' id='par_1_6' title="bbox 210 755 1982 1046">
     <span class='ocr_line' id='line_1_11' title="bbox 329 755 1982 812; baseline 0.003 -17"><span class='ocrx_word' id='word_1_83' title='bbox 329 756 434 796; x_wconf 92' lang='lat' dir='ltr'><strong>Nam</strong></span> <span class='ocrx_word' id='word_1_84' title='bbox 465 755 636 796; x_wconf 88' lang='lat' dir='ltr'><strong>artifices</strong></span> <span class='ocrx_word' id='word_1_85' title='bbox 669 756 881 797; x_wconf 84' lang='lat' dir='ltr'><strong>distantias</strong></span> <span class='ocrx_word' id='word_1_86' title='bbox 914 756 1064 796; x_wconf 87' lang='lat' dir='ltr'><strong>orbium</strong></span> <span class='ocrx_word' id='word_1_87' title='bbox 1098 770 1146 797; x_wconf 91' lang='lat' dir='ltr'><strong>ex</strong></span> <span class='ocrx_word' id='word_1_88' title='bbox 1183 761 1529 812; x_wconf 80' lang='grc' dir='ltr'><em>προσθαφαιρεσει</em></span> <span class='ocrx_word' id='word_1_89' title='bbox 1558 758 1720 812; x_wconf 75' lang='grc' dir='ltr'><strong><em>ἀπογειῳ</em></strong></span> <span class='ocrx_word' id='word_1_90' title='bbox 1758 759 1921 811; x_wconf 82' lang='lat' dir='ltr'><strong>capiunt</strong></span> <span class='ocrx_word' id='word_1_91' title='bbox 1960 772 1982 799; x_wconf 94' lang='lat' dir='ltr'><strong>e</strong></span> 
     </span>
     <span class='ocr_line' id='line_1_12' title="bbox 211 815 1982 871; baseline 0.001 -15"><span class='ocrx_word' id='word_1_92' title='bbox 211 820 455 867; x_wconf 88' lang='lat' dir='ltr'><strong>computant.</strong></span> <span class='ocrx_word' id='word_1_93' title='bbox 515 815 652 867; x_wconf 87' lang='lat' dir='ltr'><strong>Atque</strong></span> <span class='ocrx_word' id='word_1_94' title='bbox 684 828 761 855; x_wconf 91' lang='lat' dir='ltr'><strong>non</strong></span> <span class='ocrx_word' id='word_1_95' title='bbox 793 816 921 856; x_wconf 93' lang='lat' dir='ltr'><strong>solum</strong></span> <span class='ocrx_word' id='word_1_96' title='bbox 952 815 1126 857; x_wconf 87' lang='lat' dir='ltr'><strong>lubricus</strong></span> <span class='ocrx_word' id='word_1_97' title='bbox 1159 822 1199 857; x_wconf 90' lang='lat' dir='ltr'><strong>et</strong></span> <span class='ocrx_word' id='word_1_98' title='bbox 1230 817 1400 858; x_wconf 85' lang='lat' dir='ltr'><strong>difficilis</strong></span> <span class='ocrx_word' id='word_1_99' title='bbox 1433 823 1496 859; x_wconf 91' lang='lat' dir='ltr'><strong>est</strong></span> <span class='ocrx_word' id='word_1_100' title='bbox 1524 819 1664 859; x_wconf 90' lang='lat' dir='ltr'><strong>modus</strong></span> <span class='ocrx_word' id='word_1_101' title='bbox 1696 819 1748 860; x_wconf 86' lang='lat' dir='ltr'><strong>ad</strong></span> <span class='ocrx_word' id='word_1_102' title='bbox 1768 831 1836 859; x_wconf 85' lang='lat' dir='ltr'><strong>eas</strong></span> <span class='ocrx_word' id='word_1_103' title='bbox 1855 831 1982 871; x_wconf 89' lang='lat' dir='ltr'><strong>perve-</strong></span> 
     </span>
     <span class='ocr_line' id='line_1_13' title="bbox 210 874 1982 930; baseline 0.002 -15"><span class='ocrx_word' id='word_1_104' title='bbox 210 875 343 915; x_wconf 89' lang='lat' dir='ltr'><strong>niendi</strong></span> <span class='ocrx_word' id='word_1_105' title='bbox 368 887 439 927; x_wconf 89' lang='lat' dir='ltr'><strong>per</strong></span> <span class='ocrx_word' id='word_1_106' title='bbox 470 874 694 914; x_wconf 84' lang='lat' dir='ltr'><strong>diuturnam</strong></span> <span class='ocrx_word' id='word_1_107' title='bbox 726 875 1056 925; x_wconf 89' lang='lat' dir='ltr'><strong>observationem,</strong></span> <span class='ocrx_word' id='word_1_108' title='bbox 1091 876 1162 916; x_wconf 89' lang='lat' dir='ltr'><strong>sed</strong></span> <span class='ocrx_word' id='word_1_109' title='bbox 1194 877 1315 917; x_wconf 88' lang='lat' dir='ltr'><strong>etiam</strong></span> <span class='ocrx_word' id='word_1_110' title='bbox 1345 877 1456 930; x_wconf 82' lang='lat' dir='ltr'><strong>ipsae</strong></span> <span class='ocrx_word' id='word_1_111' title='bbox 1488 878 1685 918; x_wconf 89' lang='lat' dir='ltr'><strong>interdum</strong></span> <span class='ocrx_word' id='word_1_112' title='bbox 1716 877 1982 919; x_wconf 79' lang='lat' dir='ltr'><strong>veterum&#39;ob·</strong></span> 
     </span>
     <span class='ocr_line' id='line_1_14' title="bbox 211 934 1982 987; baseline 0.002 -13"><span class='ocrx_word' id='word_1_113' title='bbox 211 934 476 983; x_wconf 87' lang='lat' dir='ltr'><strong>servationes,</strong></span> <span class='ocrx_word' id='word_1_114' title='bbox 510 934 650 987; x_wconf 90' lang='lat' dir='ltr'><strong>quibus</strong></span> <span class='ocrx_word' id='word_1_115' title='bbox 682 947 754 974; x_wconf 88' lang='lat' dir='ltr'><strong>ceu</strong></span> <span class='ocrx_word' id='word_1_116' title='bbox 786 934 1050 974; x_wconf 86' lang='lat' dir='ltr'><strong>fundamentis</strong></span> <span class='ocrx_word' id='word_1_117' title='bbox 1080 935 1321 976; x_wconf 85' lang='lat' dir='ltr'><strong>recentiores</strong></span> <span class='ocrx_word' id='word_1_118' title='bbox 1353 937 1427 978; x_wconf 90' lang='lat' dir='ltr'><strong>niti</strong></span> <span class='ocrx_word' id='word_1_119' title='bbox 1457 937 1624 986; x_wconf 88' lang='lat' dir='ltr'><strong>debent,</strong></span> <span class='ocrx_word' id='word_1_120' title='bbox 1655 951 1680 977; x_wconf 89' lang='lat' dir='ltr'><strong>a</strong></span> <span class='ocrx_word' id='word_1_121' title='bbox 1709 937 1881 978; x_wconf 89' lang='lat' dir='ltr'><strong>veritate</strong></span> <span class='ocrx_word' id='word_1_122' title='bbox 1914 937 1982 977; x_wconf 75' lang='lat' dir='ltr'><strong>dis·</strong></span> 
     </span>
     <span class='ocr_line' id='line_1_15' title="bbox 210 993 1094 1046; baseline -0.001 -11"><span class='ocrx_word' id='word_1_123' title='bbox 210 998 388 1046; x_wconf 90' lang='lat' dir='ltr'><strong>crepant,</strong></span> <span class='ocrx_word' id='word_1_124' title='bbox 419 1005 491 1033; x_wconf 90' lang='lat' dir='ltr'><strong>nec</strong></span> <span class='ocrx_word' id='word_1_125' title='bbox 523 993 678 1033; x_wconf 91' lang='lat' dir='ltr'><strong>omnino</strong></span> <span class='ocrx_word' id='word_1_126' title='bbox 711 994 958 1034; x_wconf 86' lang='lat' dir='ltr'><strong>certissimae</strong></span> <span class='ocrx_word' id='word_1_127' title='bbox 990 999 1094 1034; x_wconf 89' lang='lat' dir='ltr'><strong>sunt.</strong></span> 
     </span>
    </p>

    <p class='ocr_par' dir='ltr' id='par_1_7' title="bbox 209 1051 1982 1224">
     <span class='ocr_line' id='line_1_16' title="bbox 286 1051 1982 1107; baseline 0.001 -15"><span class='ocrx_word' id='word_1_128' title='bbox 286 1084 289 1088; x_wconf 92' lang='lat'><em>.</em></span> <span class='ocrx_word' id='word_1_129' title='bbox 326 1051 444 1099; x_wconf 82' lang='lat' dir='ltr'><strong>Quod</strong></span> <span class='ocrx_word' id='word_1_130' title='bbox 474 1052 594 1105; x_wconf 87' lang='lat' dir='ltr'><strong>igitur</strong></span> <span class='ocrx_word' id='word_1_131' title='bbox 624 1053 775 1093; x_wconf 86' lang='lat' dir='ltr'><strong>numeri</strong></span> <span class='ocrx_word' id='word_1_132' title='bbox 805 1053 845 1093; x_wconf 91' lang='lat' dir='ltr'><strong>in</strong></span> <span class='ocrx_word' id='word_1_133' title='bbox 875 1053 1119 1094; x_wconf 90' lang='lat' dir='ltr'><strong>Mercurio</strong></span> <span class='ocrx_word' id='word_1_134' title='bbox 1151 1053 1360 1103; x_wconf 86' lang='lat' dir='ltr'><strong>dissident,</strong></span> <span class='ocrx_word' id='word_1_135' title='bbox 1391 1055 1638 1096; x_wconf 84' lang='lat' dir='ltr'><strong>excusationi</strong></span> <span class='ocrx_word' id='word_1_136' title='bbox 1657 1054 1771 1095; x_wconf 89' lang='lat' dir='ltr'><strong>nobis</strong></span> <span class='ocrx_word' id='word_1_137' title='bbox 1796 1067 1886 1095; x_wconf 89' lang='lat' dir='ltr'><strong>esse</strong></span> <span class='ocrx_word' id='word_1_138' title='bbox 1905 1058 1982 1107; x_wconf 90' lang='lat' dir='ltr'><strong>pot·</strong></span> 
     </span>
     <span class='ocr_line' id='line_1_17' title="bbox 210 1112 1982 1167; baseline 0.001 -14"><span class='ocrx_word' id='word_1_139' title='bbox 210 1117 273 1153; x_wconf 91' lang='lat' dir='ltr'><strong>est</strong></span> <span class='ocrx_word' id='word_1_140' title='bbox 302 1112 511 1164; x_wconf 90' lang='lat' dir='ltr'><strong>multiplex</strong></span> <span class='ocrx_word' id='word_1_141' title='bbox 541 1112 728 1164; x_wconf 89' lang='lat' dir='ltr'><strong>planetae</strong></span> <span class='ocrx_word' id='word_1_142' title='bbox 759 1112 935 1153; x_wconf 85' lang='lat' dir='ltr'><strong>varietas</strong></span> <span class='ocrx_word' id='word_1_143' title='bbox 968 1117 1010 1152; x_wconf 92' lang='lat' dir='ltr'><strong>et</strong></span> <span class='ocrx_word' id='word_1_144' title='bbox 1039 1112 1212 1153; x_wconf 87' lang='lat' dir='ltr'><strong>maxima</strong></span> <span class='ocrx_word' id='word_1_145' title='bbox 1243 1113 1328 1165; x_wconf 83' lang='lat' dir='ltr'><strong>ejus</strong></span> <span class='ocrx_word' id='word_1_146' title='bbox 1348 1114 1586 1155; x_wconf 89' lang='lat' dir='ltr'><strong>observandi</strong></span> <span class='ocrx_word' id='word_1_147' title='bbox 1607 1113 1834 1163; x_wconf 85' lang='lat' dir='ltr'><strong>difficultas,</strong></span> <span class='ocrx_word' id='word_1_148' title='bbox 1866 1118 1912 1154; x_wconf 94' lang='lat' dir='ltr'><strong>ut</strong></span> <span class='ocrx_word' id='word_1_149' title='bbox 1936 1126 1982 1167; x_wconf 91' lang='lat' dir='ltr'><strong>qu</strong></span> 
     </span>
     <span class='ocr_line' id='line_1_18' title="bbox 209 1170 1132 1224; baseline 0 -12"><span class='ocrx_word' id='word_1_150' title='bbox 209 1185 298 1212; x_wconf 88' lang='lat' dir='ltr'><strong>raro</strong></span> <span class='ocrx_word' id='word_1_151' title='bbox 331 1171 541 1211; x_wconf 88' lang='lat' dir='ltr'><strong>admodum</strong></span> <span class='ocrx_word' id='word_1_152' title='bbox 571 1171 756 1212; x_wconf 88' lang='lat' dir='ltr'><strong>cernitur.</strong></span> <span class='ocrx_word' id='word_1_153' title='bbox 821 1170 941 1224; x_wconf 85' lang='lat' dir='ltr'><strong>(Cap.</strong></span> <span class='ocrx_word' id='word_1_154' title='bbox 974 1171 1132 1221; x_wconf 86' lang='lat' dir='ltr'><strong>XVII.)</strong></span> 
     </span>
    </p>

    <p class='ocr_par' dir='ltr' id='par_1_8' title="bbox 208 1230 1982 1521">
     <span class='ocr_line' id='line_1_19' title="bbox 327 1230 1982 1284; baseline 0.001 -14"><span class='ocrx_word' id='word_1_155' title='bbox 327 1230 463 1271; x_wconf 89' lang='lat' dir='ltr'><strong>Etiam</strong></span> <span class='ocrx_word' id='word_1_156' title='bbox 493 1231 592 1270; x_wconf 89' lang='lat' dir='ltr'><strong>illud</strong></span> <span class='ocrx_word' id='word_1_157' title='bbox 624 1231 861 1271; x_wconf 86' lang='lat' dir='ltr'><strong>astronomis</strong></span> <span class='ocrx_word' id='word_1_158' title='bbox 895 1230 1183 1272; x_wconf 89' lang='lat' dir='ltr'><strong>aestimandum</strong></span> <span class='ocrx_word' id='word_1_159' title='bbox 1214 1231 1409 1284; x_wconf 90' lang='lat' dir='ltr'><strong>relinquo,</strong></span> <span class='ocrx_word' id='word_1_160' title='bbox 1449 1237 1579 1272; x_wconf 85' lang='lat' dir='ltr'><strong>utrum</strong></span> <span class='ocrx_word' id='word_1_161' title='bbox 1614 1244 1691 1272; x_wconf 92' lang='lat' dir='ltr'><strong>non</strong></span> <span class='ocrx_word' id='word_1_162' title='bbox 1727 1231 1767 1273; x_wconf 93' lang='lat' dir='ltr'><strong>in</strong></span> <span class='ocrx_word' id='word_1_163' title='bbox 1807 1232 1881 1272; x_wconf 89' lang='lat' dir='ltr'><strong>hoc</strong></span> <span class='ocrx_word' id='word_1_164' title='bbox 1910 1232 1982 1284; x_wconf 53' lang='lat' dir='ltr'><strong>pla.¹</strong></span> 
     </span>
     <span class='ocr_line' id='line_1_20' title="bbox 210 1290 1982 1344; baseline 0.002 -15"><span class='ocrx_word' id='word_1_165' title='bbox 210 1295 305 1330; x_wconf 90' lang='lat' dir='ltr'><strong>neta</strong></span> <span class='ocrx_word' id='word_1_166' title='bbox 335 1302 526 1342; x_wconf 87' lang='lat' dir='ltr'><strong>vaporum</strong></span> <span class='ocrx_word' id='word_1_167' title='bbox 558 1290 758 1330; x_wconf 88' lang='lat' dir='ltr'><strong>densitate</strong></span> <span class='ocrx_word' id='word_1_168' title='bbox 790 1296 832 1330; x_wconf 91' lang='lat' dir='ltr'><strong>et</strong></span> <span class='ocrx_word' id='word_1_169' title='bbox 861 1290 1028 1344; x_wconf 88' lang='lat' dir='ltr'><strong>physica</strong></span> <span class='ocrx_word' id='word_1_170' title='bbox 1058 1291 1266 1342; x_wconf 88' lang='lat' dir='ltr'><strong>parallaxi,</strong></span> <span class='ocrx_word' id='word_1_171' title='bbox 1299 1303 1415 1344; x_wconf 88' lang='lat' dir='ltr'><strong>quam</strong></span> <span class='ocrx_word' id='word_1_172' title='bbox 1445 1303 1517 1331; x_wconf 90' lang='lat' dir='ltr'><strong>nec</strong></span> <span class='ocrx_word' id='word_1_173' title='bbox 1550 1291 1620 1332; x_wconf 88' lang='lat' dir='ltr'><strong>Sol</strong></span> <span class='ocrx_word' id='word_1_174' title='bbox 1651 1304 1723 1332; x_wconf 93' lang='lat' dir='ltr'><strong>nec</strong></span> <span class='ocrx_word' id='word_1_175' title='bbox 1755 1291 1870 1332; x_wconf 89' lang='lat' dir='ltr'><strong>Luna</strong></span> <span class='ocrx_word' id='word_1_176' title='bbox 1901 1291 1982 1332; x_wconf 83' lang='lat' dir='ltr'><strong>effu-</strong></span> 
     </span>
     <span class='ocr_line' id='line_1_21' title="bbox 211 1349 1982 1402; baseline 0.001 -12"><span class='ocrx_word' id='word_1_177' title='bbox 211 1351 282 1402; x_wconf 86' lang='lat' dir='ltr'><strong>git,</strong></span> <span class='ocrx_word' id='word_1_178' title='bbox 315 1349 512 1390; x_wconf 90' lang='lat' dir='ltr'><strong>interdum</strong></span> <span class='ocrx_word' id='word_1_179' title='bbox 545 1349 746 1390; x_wconf 88' lang='lat' dir='ltr'><strong>fallantur.</strong></span> <span class='ocrx_word' id='word_1_180' title='bbox 808 1350 912 1390; x_wconf 90' lang='lat' dir='ltr'><strong>Nam</strong></span> <span class='ocrx_word' id='word_1_181' title='bbox 945 1349 1021 1390; x_wconf 88' lang='lat' dir='ltr'><strong>etsi</strong></span> <span class='ocrx_word' id='word_1_182' title='bbox 1052 1350 1343 1401; x_wconf 14' lang='lat' dir='ltr'><strong>interdumhhic</strong></span> <span class='ocrx_word' id='word_1_183' title='bbox 1373 1350 1539 1402; x_wconf 90' lang='lat' dir='ltr'><strong>planeta</strong></span> <span class='ocrx_word' id='word_1_184' title='bbox 1557 1364 1578 1390; x_wconf 90' lang='lat' dir='ltr'><strong>e</strong></span> <span class='ocrx_word' id='word_1_185' title='bbox 1599 1350 1722 1391; x_wconf 89' lang='lat' dir='ltr'><strong>radiis</strong></span> <span class='ocrx_word' id='word_1_186' title='bbox 1742 1349 1851 1392; x_wconf 86' lang='lat' dir='ltr'><strong>Solis</strong></span> <span class='ocrx_word' id='word_1_187' title='bbox 1870 1363 1982 1391; x_wconf 87' lang='lat' dir='ltr'><strong>emer·</strong></span> 
     </span>
     <span class='ocr_line' id='line_1_22' title="bbox 208 1409 1982 1463; baseline 0 -13"><span class='ocrx_word' id='word_1_188' title='bbox 208 1410 292 1460; x_wconf 86' lang='lat' dir='ltr'><strong>git,</strong></span> <span class='ocrx_word' id='word_1_189' title='bbox 338 1421 537 1461; x_wconf 87' lang='lat' dir='ltr'><strong>nunquam</strong></span> <span class='ocrx_word' id='word_1_190' title='bbox 579 1413 715 1448; x_wconf 91' lang='lat' dir='ltr'><strong>tamen</strong></span> <span class='ocrx_word' id='word_1_191' title='bbox 752 1409 829 1449; x_wconf 90' lang='lat' dir='ltr'><strong>nisi</strong></span> <span class='ocrx_word' id='word_1_192' title='bbox 870 1421 992 1461; x_wconf 88' lang='lat' dir='ltr'><strong>prope</strong></span> <span class='ocrx_word' id='word_1_193' title='bbox 1035 1409 1278 1450; x_wconf 89' lang='lat' dir='ltr'><strong>horizontem</strong></span> <span class='ocrx_word' id='word_1_194' title='bbox 1315 1422 1386 1462; x_wconf 91' lang='lat' dir='ltr'><strong>per</strong></span> <span class='ocrx_word' id='word_1_195' title='bbox 1421 1410 1674 1463; x_wconf 86' lang='lat' dir='ltr'><strong>interjectam</strong></span> <span class='ocrx_word' id='word_1_196' title='bbox 1705 1410 1982 1450; x_wconf 84' lang='lat' dir='ltr'><strong>exhalationun</strong></span> 
     </span>
     <span class='ocr_line' id='line_1_23' title="bbox 213 1468 1022 1521; baseline 0 -12"><span class='ocrx_word' id='word_1_197' title='bbox 213 1469 367 1521; x_wconf 91' lang='lat' dir='ltr'><strong>copiam</strong></span> <span class='ocrx_word' id='word_1_198' title='bbox 397 1473 535 1509; x_wconf 91' lang='lat' dir='ltr'><strong>nostro</strong></span> <span class='ocrx_word' id='word_1_199' title='bbox 568 1481 611 1508; x_wconf 88' lang='lat' dir='ltr'><strong>se</strong></span> <span class='ocrx_word' id='word_1_200' title='bbox 644 1468 745 1508; x_wconf 83' lang='lat' dir='ltr'><strong>visui</strong></span> <span class='ocrx_word' id='word_1_201' title='bbox 776 1473 1022 1520; x_wconf 89' lang='lat' dir='ltr'><strong>praesentat.</strong></span> 
     </span>
    </p>

    <p class='ocr_par' dir='ltr' id='par_1_9' title="bbox 216 1526 1982 1757">
     <span class='ocr_line' id='line_1_24' title="bbox 334 1526 1982 1577; baseline 0.001 -11"><span class='ocrx_word' id='word_1_202' title='bbox 334 1526 449 1574; x_wconf 85' lang='lat' dir='ltr'><strong>Quod</strong></span> <span class='ocrx_word' id='word_1_203' title='bbox 482 1532 613 1568; x_wconf 90' lang='lat' dir='ltr'><strong>autem</strong></span> <span class='ocrx_word' id='word_1_204' title='bbox 642 1527 683 1567; x_wconf 93' lang='lat' dir='ltr'><strong>in</strong></span> <span class='ocrx_word' id='word_1_205' title='bbox 714 1528 869 1567; x_wconf 90' lang='lat' dir='ltr'><strong>Marte</strong></span> <span class='ocrx_word' id='word_1_206' title='bbox 902 1527 1022 1568; x_wconf 87' lang='lat' dir='ltr'><strong>etiam</strong></span> <span class='ocrx_word' id='word_1_207' title='bbox 1052 1540 1128 1567; x_wconf 93' lang='lat' dir='ltr'><strong>non</strong></span> <span class='ocrx_word' id='word_1_208' title='bbox 1162 1528 1448 1568; x_wconf 85' lang='lat' dir='ltr'><strong>contemnenda</strong></span> <span class='ocrx_word' id='word_1_209' title='bbox 1466 1532 1530 1568; x_wconf 89' lang='lat' dir='ltr'><strong>est</strong></span> <span class='ocrx_word' id='word_1_210' title='bbox 1549 1527 1776 1577; x_wconf 77' lang='lat' dir='ltr'><strong>diversitas,</strong></span> <span class='ocrx_word' id='word_1_211' title='bbox 1808 1526 1982 1568; x_wconf 83' lang='lat' dir='ltr'><strong>nihilmi-</strong></span> 
     </span>
     <span class='ocr_line' id='line_1_25' title="bbox 216 1587 1982 1639; baseline 0 -12"><span class='ocrx_word' id='word_1_212' title='bbox 216 1600 324 1633; x_wconf 92' lang='lat' dir='ltr'><strong>rum,</strong></span> <span class='ocrx_word' id='word_1_213' title='bbox 356 1599 428 1627; x_wconf 92' lang='lat' dir='ltr'><strong>nec</strong></span> <span class='ocrx_word' id='word_1_214' title='bbox 459 1600 521 1626; x_wconf 91' lang='lat' dir='ltr'><strong>me</strong></span> <span class='ocrx_word' id='word_1_215' title='bbox 552 1592 709 1635; x_wconf 85' lang='lat' dir='ltr'><strong>movet3</strong></span> <span class='ocrx_word' id='word_1_216' title='bbox 754 1592 931 1627; x_wconf 88' lang='lat' dir='ltr'><strong>moveret</strong></span> <span class='ocrx_word' id='word_1_217' title='bbox 960 1587 1116 1638; x_wconf 92' lang='lat' dir='ltr'><strong>potius,</strong></span> <span class='ocrx_word' id='word_1_218' title='bbox 1156 1587 1192 1626; x_wconf 91' lang='lat' dir='ltr'><strong>si</strong></span> <span class='ocrx_word' id='word_1_219' title='bbox 1221 1587 1331 1626; x_wconf 91' lang='lat' dir='ltr'><strong>nulla</strong></span> <span class='ocrx_word' id='word_1_220' title='bbox 1361 1591 1482 1627; x_wconf 90' lang='lat' dir='ltr'><strong>esset.</strong></span> <span class='ocrx_word' id='word_1_221' title='bbox 1543 1587 1709 1627; x_wconf 89' lang='lat' dir='ltr'><strong>Memini</strong></span> <span class='ocrx_word' id='word_1_222' title='bbox 1739 1599 1907 1639; x_wconf 87' lang='lat' dir='ltr'><strong>namque</strong></span> <span class='ocrx_word' id='word_1_223' title='bbox 1938 1599 1982 1627; x_wconf 82' lang='lat' dir='ltr'><strong>rn-</strong></span> 
     </span>
     <span class='ocr_line' id='line_1_26' title="bbox 217 1645 1982 1699; baseline 0.001 -13"><span class='ocrx_word' id='word_1_224' title='bbox 217 1661 241 1686; x_wconf 92' lang='lat' dir='ltr'><strong>a</strong></span> <span class='ocrx_word' id='word_1_225' title='bbox 272 1659 358 1686; x_wconf 92' lang='lat' dir='ltr'><strong>meo</strong></span> <span class='ocrx_word' id='word_1_226' title='bbox 389 1651 646 1698; x_wconf 87' lang='lat' dir='ltr'><strong>praeceptore</strong></span> <span class='ocrx_word' id='word_1_227' title='bbox 677 1646 891 1686; x_wconf 87' lang='lat' dir='ltr'><strong>Maestlino</strong></span> <span class='ocrx_word' id='word_1_228' title='bbox 924 1646 1120 1694; x_wconf 90' lang='lat' dir='ltr'><strong>audiisse,</strong></span> <span class='ocrx_word' id='word_1_229' title='bbox 1154 1645 1294 1686; x_wconf 89' lang='lat' dir='ltr'><strong>sideris</strong></span> <span class='ocrx_word' id='word_1_230' title='bbox 1326 1646 1439 1699; x_wconf 89' lang='lat' dir='ltr'><strong>hujus</strong></span> <span class='ocrx_word' id='word_1_231' title='bbox 1472 1659 1624 1686; x_wconf 85' lang='lat' dir='ltr'><strong>errores</strong></span> <span class='ocrx_word' id='word_1_232' title='bbox 1656 1659 1681 1686; x_wconf 88' lang='lat' dir='ltr'><strong>a</strong></span> <span class='ocrx_word' id='word_1_233' title='bbox 1711 1646 1864 1687; x_wconf 91' lang='lat' dir='ltr'><strong>calculo</strong></span> <span class='ocrx_word' id='word_1_234' title='bbox 1895 1646 1982 1687; x_wconf 69' lang='lat' dir='ltr'><strong>intr:</strong></span> 
     </span>
     <span class='ocr_line' id='line_1_27' title="bbox 216 1702 1737 1757; baseline 0 -11"><span class='ocrx_word' id='word_1_235' title='bbox 216 1705 242 1746; x_wconf 83' lang='lat'><strong>2</strong></span> <span class='ocrx_word' id='word_1_236' title='bbox 269 1702 513 1757; x_wconf 79' lang='lat' dir='ltr'><strong>&#39;integrorum</strong></span> <span class='ocrx_word' id='word_1_237' title='bbox 541 1706 732 1757; x_wconf 88' lang='lat' dir='ltr'><strong>graduum</strong></span> <span class='ocrx_word' id='word_1_238' title='bbox 757 1705 965 1756; x_wconf 87' lang='lat' dir='ltr'><strong>angustias</strong></span> <span class='ocrx_word' id='word_1_239' title='bbox 992 1705 1079 1757; x_wconf 86' lang='lat' dir='ltr'><strong>cogi</strong></span> <span class='ocrx_word' id='word_1_240' title='bbox 1104 1717 1182 1745; x_wconf 92' lang='lat' dir='ltr'><strong>non</strong></span> <span class='ocrx_word' id='word_1_241' title='bbox 1206 1717 1339 1757; x_wconf 85' lang='lat' dir='ltr'><strong>posse.</strong></span> <span class='ocrx_word' id='word_1_242' title='bbox 1403 1704 1525 1757; x_wconf 85' lang='lat' dir='ltr'><strong>(Cap.</strong></span> <span class='ocrx_word' id='word_1_243' title='bbox 1556 1704 1737 1754; x_wconf 91' lang='lat' dir='ltr'>XVHI.)</span> 
     </span>
    </p>

    <p class='ocr_par' dir='ltr' id='par_1_10' title="bbox 213 1762 1982 2292">
     <span class='ocr_line' id='line_1_28' title="bbox 332 1762 1982 1817; baseline -0.001 -12"><span class='ocrx_word' id='word_1_244' title='bbox 332 1765 392 1805; x_wconf 91' lang='lat' dir='ltr'><strong>At</strong></span> <span class='ocrx_word' id='word_1_245' title='bbox 423 1764 613 1817; x_wconf 90' lang='lat' dir='ltr'><strong>objicias,</strong></span> <span class='ocrx_word' id='word_1_246' title='bbox 659 1763 916 1804; x_wconf 87' lang='lat' dir='ltr'><strong>Saturnum</strong></span> <span class='ocrx_word' id='word_1_247' title='bbox 958 1764 1117 1804; x_wconf 89' lang='lat' dir='ltr'><strong>nimium</strong></span> <span class='ocrx_word' id='word_1_248' title='bbox 1155 1764 1394 1816; x_wconf 83' lang='lat' dir='ltr'><strong>discrepare.</strong></span> <span class='ocrx_word' id='word_1_249' title='bbox 1458 1762 1564 1811; x_wconf 81' lang='lat' dir='ltr'><strong>Quid</strong></span> <span class='ocrx_word' id='word_1_250' title='bbox 1606 1764 1668 1805; x_wconf 92' lang='lat' dir='ltr'><strong>hic</strong></span> <span class='ocrx_word' id='word_1_251' title='bbox 1700 1764 1849 1817; x_wconf 85' lang='lat' dir='ltr'><strong>agam?</strong></span> <span class='ocrx_word' id='word_1_252' title='bbox 1897 1764 1982 1805; x_wconf 89' lang='lat' dir='ltr'><strong>Nun</strong></span> 
     </span>
     <span class='ocr_line' id='line_1_29' title="bbox 216 1823 1982 1877; baseline 0 -13"><span class='ocrx_word' id='word_1_253' title='bbox 216 1825 308 1877; x_wconf 89' lang='lat' dir='ltr'><strong>quid</strong></span> <span class='ocrx_word' id='word_1_254' title='bbox 339 1825 542 1864; x_wconf 88' lang='lat' dir='ltr'><strong>convictus</strong></span> <span class='ocrx_word' id='word_1_255' title='bbox 574 1824 691 1864; x_wconf 90' lang='lat' dir='ltr'><strong>sum?</strong></span> <span class='ocrx_word' id='word_1_256' title='bbox 722 1824 885 1864; x_wconf 90' lang='lat' dir='ltr'><strong>Minime</strong></span> <span class='ocrx_word' id='word_1_257' title='bbox 905 1836 1009 1864; x_wconf 90' lang='lat' dir='ltr'><strong>vero.</strong></span> <span class='ocrx_word' id='word_1_258' title='bbox 1072 1824 1177 1864; x_wconf 90' lang='lat' dir='ltr'><strong>Nam</strong></span> <span class='ocrx_word' id='word_1_259' title='bbox 1208 1823 1311 1863; x_wconf 89' lang='lat' dir='ltr'><strong>sicut</strong></span> <span class='ocrx_word' id='word_1_260' title='bbox 1341 1823 1480 1876; x_wconf 90' lang='lat' dir='ltr'><strong>ingens</strong></span> <span class='ocrx_word' id='word_1_261' title='bbox 1512 1824 1597 1876; x_wconf 88' lang='lat' dir='ltr'><strong>ejus</strong></span> <span class='ocrx_word' id='word_1_262' title='bbox 1629 1824 1823 1865; x_wconf 88' lang='lat' dir='ltr'><strong>distantia</strong></span> <span class='ocrx_word' id='word_1_263' title='bbox 1854 1823 1982 1864; x_wconf 82' lang='lat' dir='ltr'><strong>facilli-</strong></span> 
     </span>
     <span class='ocr_line' id='line_1_30' title="bbox 214 1881 1982 1936; baseline 0 -12"><span class='ocrx_word' id='word_1_264' title='bbox 214 1897 320 1924; x_wconf 87' lang='lat' dir='ltr'><strong>mam</strong></span> <span class='ocrx_word' id='word_1_265' title='bbox 351 1884 474 1925; x_wconf 90' lang='lat' dir='ltr'><strong>errori</strong></span> <span class='ocrx_word' id='word_1_266' title='bbox 505 1896 667 1924; x_wconf 86' lang='lat' dir='ltr'><strong>causam</strong></span> <span class='ocrx_word' id='word_1_267' title='bbox 697 1884 863 1935; x_wconf 86' lang='lat' dir='ltr'><strong>praebet</strong></span> <span class='ocrx_word' id='word_1_268' title='bbox 891 1883 932 1923; x_wconf 93' lang='lat' dir='ltr'><strong>in</strong></span> <span class='ocrx_word' id='word_1_269' title='bbox 963 1882 1262 1922; x_wconf 89' lang='lat' dir='ltr'><strong>observatione:</strong></span> <span class='ocrx_word' id='word_1_270' title='bbox 1297 1882 1354 1922; x_wconf 92' lang='lat' dir='ltr'><strong>sic</strong></span> <span class='ocrx_word' id='word_1_271' title='bbox 1386 1896 1494 1924; x_wconf 91' lang='lat' dir='ltr'><strong>error</strong></span> <span class='ocrx_word' id='word_1_272' title='bbox 1522 1883 1563 1923; x_wconf 94' lang='lat' dir='ltr'><strong>in</strong></span> <span class='ocrx_word' id='word_1_273' title='bbox 1583 1883 1786 1932; x_wconf 89' lang='lat' dir='ltr'><strong>distantia,</strong></span> <span class='ocrx_word' id='word_1_274' title='bbox 1820 1881 1982 1936; x_wconf 80' lang='lat' dir='ltr'><strong>quamvi</strong></span> 
     </span>
     <span class='ocr_line' id='line_1_31' title="bbox 213 1940 1982 1996; baseline 0 -13"><span class='ocrx_word' id='word_1_275' title='bbox 213 1944 448 1992; x_wconf 88' lang='lat' dir='ltr'><strong>luculentus,</strong></span> <span class='ocrx_word' id='word_1_276' title='bbox 482 1943 663 1995; x_wconf 88' lang='lat' dir='ltr'><strong>exiguam</strong></span> <span class='ocrx_word' id='word_1_277' title='bbox 694 1948 735 1982; x_wconf 85' lang='lat' dir='ltr'><strong>et</strong></span> <span class='ocrx_word' id='word_1_278' title='bbox 766 1942 947 1995; x_wconf 90' lang='lat' dir='ltr'><strong>opinione</strong></span> <span class='ocrx_word' id='word_1_279' title='bbox 978 1942 1166 1982; x_wconf 86' lang='lat' dir='ltr'><strong>minorem</strong></span> <span class='ocrx_word' id='word_1_280' title='bbox 1187 1940 1309 1981; x_wconf 82' lang='lat' dir='ltr'><strong>efficit</strong></span> <span class='ocrx_word' id='word_1_281' title='bbox 1333 1941 1372 1982; x_wconf 90' lang='lat' dir='ltr'><strong>in</strong></span> <span class='ocrx_word' id='word_1_282' title='bbox 1391 1947 1500 1983; x_wconf 90' lang='lat' dir='ltr'><strong>motu</strong></span> <span class='ocrx_word' id='word_1_283' title='bbox 1518 1942 1635 1996; x_wconf 89' lang='lat' dir='ltr'><strong>inque</strong></span> <span class='ocrx_word' id='word_1_284' title='bbox 1659 1945 1982 1995; x_wconf 75' lang='grc' dir='ltr'><strong><em>προσθαφαιρεσι</em></strong></span> 
     </span>
     <span class='ocr_line' id='line_1_32' title="bbox 216 2000 1982 2054; baseline -0.001 -11"><span class='ocrx_word' id='word_1_285' title='bbox 216 2003 504 2044; x_wconf 87' lang='lat' dir='ltr'><strong>diversitatem.</strong></span> <span class='ocrx_word' id='word_1_286' title='bbox 566 2002 621 2042; x_wconf 89' lang='lat' dir='ltr'><strong>Et</strong></span> <span class='ocrx_word' id='word_1_287' title='bbox 663 2006 795 2041; x_wconf 89' lang='lat' dir='ltr'><strong>tamen</strong></span> <span class='ocrx_word' id='word_1_288' title='bbox 826 2014 951 2054; x_wconf 92' lang='lat' dir='ltr'><strong>neque</strong></span> <span class='ocrx_word' id='word_1_289' title='bbox 982 2001 1098 2053; x_wconf 90' lang='lat' dir='ltr'><strong>hujus</strong></span> <span class='ocrx_word' id='word_1_290' title='bbox 1131 2000 1270 2041; x_wconf 89' lang='lat' dir='ltr'><strong>sideris</strong></span> <span class='ocrx_word' id='word_1_291' title='bbox 1301 2006 1431 2041; x_wconf 89' lang='lat' dir='ltr'><strong>motus</strong></span> <span class='ocrx_word' id='word_1_292' title='bbox 1461 2001 1681 2042; x_wconf 88' lang='lat' dir='ltr'><strong>certissime</strong></span> <span class='ocrx_word' id='word_1_293' title='bbox 1713 2001 1880 2042; x_wconf 88' lang='lat' dir='ltr'><strong>dimensi</strong></span> <span class='ocrx_word' id='word_1_294' title='bbox 1910 2013 1982 2042; x_wconf 86' lang='lat' dir='ltr'><strong>sun</strong></span> 
     </span>
     <span class='ocr_line' id='line_1_33' title="bbox 215 2059 1982 2113; baseline -0.001 -11"><span class='ocrx_word' id='word_1_295' title='bbox 215 2062 457 2102; x_wconf 89' lang='lat' dir='ltr'><strong>astronomi:</strong></span> <span class='ocrx_word' id='word_1_296' title='bbox 489 2061 554 2101; x_wconf 93' lang='lat' dir='ltr'><strong>vel</strong></span> <span class='ocrx_word' id='word_1_297' title='bbox 585 2061 672 2100; x_wconf 91' lang='lat' dir='ltr'><strong>sola</strong></span> <span class='ocrx_word' id='word_1_298' title='bbox 701 2060 920 2113; x_wconf 88' lang='lat' dir='ltr'><strong>praeterita</strong></span> <span class='ocrx_word' id='word_1_299' title='bbox 950 2060 1078 2100; x_wconf 90' lang='lat' dir='ltr'><strong>hieme</strong></span> <span class='ocrx_word' id='word_1_300' title='bbox 1110 2072 1269 2100; x_wconf 89' lang='lat' dir='ltr'><strong>cernere</strong></span> <span class='ocrx_word' id='word_1_301' title='bbox 1301 2065 1402 2101; x_wconf 87' lang='lat' dir='ltr'><strong>erat.</strong></span> <span class='ocrx_word' id='word_1_302' title='bbox 1451 2060 1556 2101; x_wconf 89' lang='lat' dir='ltr'><strong>Nam</strong></span> <span class='ocrx_word' id='word_1_303' title='bbox 1586 2061 1648 2101; x_wconf 90' lang='lat' dir='ltr'><strong>die</strong></span> <span class='ocrx_word' id='word_1_304' title='bbox 1679 2059 1719 2101; x_wconf 82' lang='lat'><strong>2.</strong></span> <span class='ocrx_word' id='word_1_305' title='bbox 1746 2059 1812 2102; x_wconf 82' lang='lat'><strong>12.</strong></span> <span class='ocrx_word' id='word_1_306' title='bbox 1832 2061 1936 2101; x_wconf 85' lang='lat' dir='ltr'><strong>Nov.</strong></span> <span class='ocrx_word' id='word_1_307' title='bbox 1961 2073 1982 2100; x_wconf 86' lang='lat' dir='ltr'><strong>a</strong></span> 
     </span>
     <span class='ocr_line' id='line_1_34' title="bbox 219 2118 1982 2169; baseline -0.001 -7"><span class='ocrx_word' id='word_1_308' title='bbox 219 2118 330 2163; x_wconf 88' lang='grc'>1594</span> <span class='ocrx_word' id='word_1_309' title='bbox 361 2121 471 2161; x_wconf 87' lang='lat' dir='ltr'><strong>visus</strong></span> <span class='ocrx_word' id='word_1_310' title='bbox 504 2126 568 2160; x_wconf 91' lang='lat' dir='ltr'><strong>est</strong></span> <span class='ocrx_word' id='word_1_311' title='bbox 599 2125 738 2160; x_wconf 90' lang='lat' dir='ltr'><strong>exacte</strong></span> <span class='ocrx_word' id='word_1_312' title='bbox 770 2120 873 2160; x_wconf 88' lang='lat' dir='ltr'><strong>inter</strong></span> <span class='ocrx_word' id='word_1_313' title='bbox 905 2119 1098 2160; x_wconf 89' lang='lat' dir='ltr'><strong>cervicem</strong></span> <span class='ocrx_word' id='word_1_314' title='bbox 1135 2125 1178 2159; x_wconf 90' lang='lat' dir='ltr'><strong>et</strong></span> <span class='ocrx_word' id='word_1_315' title='bbox 1213 2132 1281 2159; x_wconf 91' lang='lat' dir='ltr'><strong>cor</strong></span> <span class='ocrx_word' id='word_1_316' title='bbox 1316 2119 1461 2169; x_wconf 91' lang='lat' dir='ltr'><strong>leonis,</strong></span> <span class='ocrx_word' id='word_1_317' title='bbox 1506 2119 1573 2159; x_wconf 94' lang='lat' dir='ltr'><strong>ubi</strong></span> <span class='ocrx_word' id='word_1_318' title='bbox 1609 2132 1697 2159; x_wconf 89' lang='lat' dir='ltr'><strong>esse</strong></span> <span class='ocrx_word' id='word_1_319' title='bbox 1729 2120 1903 2160; x_wconf 87' lang='lat' dir='ltr'><strong>debebat</strong></span> <span class='ocrx_word' id='word_1_320' title='bbox 1932 2132 1982 2159; x_wconf 85' lang='lat' dir='ltr'><strong>se·</strong></span> 
     </span>
     <span class='ocr_line' id='line_1_35' title="bbox 215 2175 1982 2231; baseline -0.001 -10"><span class='ocrx_word' id='word_1_321' title='bbox 215 2181 383 2221; x_wconf 91' lang='lat' dir='ltr'><strong>cundum</strong></span> <span class='ocrx_word' id='word_1_322' title='bbox 415 2180 608 2220; x_wconf 89' lang='lat' dir='ltr'><strong>calculum</strong></span> <span class='ocrx_word' id='word_1_323' title='bbox 640 2180 679 2219; x_wconf 90' lang='lat' dir='ltr'><strong>d.</strong></span> <span class='ocrx_word' id='word_1_324' title='bbox 713 2177 783 2219; x_wconf 82' lang='lat'><strong>21.</strong></span> <span class='ocrx_word' id='word_1_325' title='bbox 818 2177 886 2220; x_wconf 89' lang='grc'><strong>31.</strong></span> <span class='ocrx_word' id='word_1_326' title='bbox 910 2179 1000 2220; x_wconf 90' lang='lat' dir='ltr'><strong>Oct.</strong></span> <span class='ocrx_word' id='word_1_327' title='bbox 1033 2178 1262 2231; x_wconf 87' lang='lat' dir='ltr'><strong>praeterita.</strong></span> <span class='ocrx_word' id='word_1_328' title='bbox 1323 2178 1558 2219; x_wconf 87' lang='lat' dir='ltr'><strong>Differentia</strong></span> <span class='ocrx_word' id='word_1_329' title='bbox 1577 2179 1684 2231; x_wconf 87' lang='lat' dir='ltr'><strong>long.</strong></span> <span class='ocrx_word' id='word_1_330' title='bbox 1706 2177 1788 2228; x_wconf 85' lang='lat'><strong>37¹,</strong></span> <span class='ocrx_word' id='word_1_331' title='bbox 1822 2179 1895 2219; x_wconf 90' lang='lat' dir='ltr'><strong>lat.</strong></span> <span class='ocrx_word' id='word_1_332' title='bbox 1916 2175 1982 2221; x_wconf 77' lang='lat'><strong>20⁴</strong></span> 
     </span>
     <span class='ocr_line' id='line_1_36' title="bbox 214 2237 1982 2292; baseline -0.001 -12"><span class='ocrx_word' id='word_1_333' title='bbox 214 2240 303 2292; x_wconf 89' lang='lat' dir='ltr'><strong>plus</strong></span> <span class='ocrx_word' id='word_1_334' title='bbox 335 2240 477 2280; x_wconf 87' lang='lat' dir='ltr'><strong>minus.</strong></span> <span class='ocrx_word' id='word_1_335' title='bbox 542 2238 659 2286; x_wconf 85' lang='lat' dir='ltr'><strong>Quod</strong></span> <span class='ocrx_word' id='word_1_336' title='bbox 690 2239 725 2278; x_wconf 91' lang='lat' dir='ltr'><strong>si</strong></span> <span class='ocrx_word' id='word_1_337' title='bbox 755 2238 862 2278; x_wconf 88' lang='lat' dir='ltr'><strong>intra</strong></span> <span class='ocrx_word' id='word_1_338' title='bbox 891 2239 994 2279; x_wconf 92' lang='lat' dir='ltr'><strong>hunc</strong></span> <span class='ocrx_word' id='word_1_339' title='bbox 1025 2238 1233 2278; x_wconf 88' lang='lat' dir='ltr'><strong>terminum</strong></span> <span class='ocrx_word' id='word_1_340' title='bbox 1263 2237 1526 2290; x_wconf 88' lang='lat' dir='ltr'><strong>permanserit</strong></span> <span class='ocrx_word' id='word_1_341' title='bbox 1557 2237 1643 2290; x_wconf 87' lang='lat' dir='ltr'><strong>ejus</strong></span> <span class='ocrx_word' id='word_1_342' title='bbox 1667 2243 1808 2282; x_wconf 86' lang='lat' dir='ltr'><strong>motus</strong></span> <span class='ocrx_word' id='word_1_343' title='bbox 1824 2242 1982 2288; x_wconf 59' lang='lat' dir='ltr'><strong>correcta</strong></span> 
     </span>
    </p>
   </div>
   <div class='ocr_carea' id='block_1_5' title="bbox 144 2295 1982 2353">
    <p class='ocr_par' dir='ltr' id='par_1_11' title="bbox 144 2295 1982 2353">
     <span class='ocr_line' id='line_1_37' title="bbox 144 2295 1982 2353; baseline -0.001 -13"><span class='ocrx_word' id='word_1_344' title='bbox 144 2334 148 2353; x_wconf 66' lang='lat' dir='ltr'>a</span> <span class='ocrx_word' id='word_1_345' title='bbox 213 2299 329 2339; x_wconf 90' lang='lat' dir='ltr'><strong>modo</strong></span> <span class='ocrx_word' id='word_1_346' title='bbox 357 2299 562 2348; x_wconf 84' lang='lat' dir='ltr'><strong>distantia,</strong></span> <span class='ocrx_word' id='word_1_347' title='bbox 596 2297 832 2338; x_wconf 87' lang='lat' dir='ltr'><strong>existimabo</strong></span> <span class='ocrx_word' id='word_1_348' title='bbox 853 2298 1006 2338; x_wconf 92' lang='lat' dir='ltr'><strong>abunde</strong></span> <span class='ocrx_word' id='word_1_349' title='bbox 1034 2297 1286 2337; x_wconf 87' lang='lat' dir='ltr'><strong>satisfactum</strong></span> <span class='ocrx_word' id='word_1_350' title='bbox 1306 2297 1388 2337; x_wconf 88' lang='lat' dir='ltr'><strong>fore</strong></span> <span class='ocrx_word' id='word_1_351' title='bbox 1409 2297 1658 2338; x_wconf 89' lang='lat' dir='ltr'><strong>astronomis.</strong></span> <span class='ocrx_word' id='word_1_352' title='bbox 1721 2295 1843 2350; x_wconf 76' lang='lat' dir='ltr'><strong>(Cap.</strong></span> <span class='ocrx_word' id='word_1_353' title='bbox 1862 2296 1982 2345; x_wconf 50' lang='lat' dir='ltr'><strong>XIX,</strong></span> 
     </span>
    </p>
   </div>
   <div class='ocr_carea' id='block_1_6' title="bbox 157 2356 1982 3249">
    <p class='ocr_par' dir='ltr' id='par_1_12' title="bbox 157 2356 1982 2646">
     <span class='ocr_line' id='line_1_38' title="bbox 331 2356 1982 2409; baseline -0.001 -11"><span class='ocrx_word' id='word_1_354' title='bbox 331 2357 438 2404; x_wconf 81' lang='lat' dir='ltr'><strong>Quid</strong></span> <span class='ocrx_word' id='word_1_355' title='bbox 457 2359 491 2398; x_wconf 91' lang='lat' dir='ltr'><strong>si</strong></span> <span class='ocrx_word' id='word_1_356' title='bbox 509 2371 603 2397; x_wconf 91' lang='lat' dir='ltr'><strong>vero</strong></span> <span class='ocrx_word' id='word_1_357' title='bbox 619 2357 834 2397; x_wconf 88' lang='lat' dir='ltr'><strong>astronomi</strong></span> <span class='ocrx_word' id='word_1_358' title='bbox 853 2357 926 2397; x_wconf 90' lang='lat' dir='ltr'><strong>hoc</strong></span> <span class='ocrx_word' id='word_1_359' title='bbox 946 2357 1070 2409; x_wconf 88' lang='lat' dir='ltr'><strong>adjuti</strong></span> <span class='ocrx_word' id='word_1_360' title='bbox 1083 2356 1329 2396; x_wconf 88' lang='lat' dir='ltr'><strong>theoremate</strong></span> <span class='ocrx_word' id='word_1_361' title='bbox 1348 2356 1388 2396; x_wconf 92' lang='lat' dir='ltr'><strong>in</strong></span> <span class='ocrx_word' id='word_1_362' title='bbox 1407 2356 1650 2397; x_wconf 87' lang='lat' dir='ltr'><strong>correctione</strong></span> <span class='ocrx_word' id='word_1_363' title='bbox 1671 2361 1846 2397; x_wconf 88' lang='lat' dir='ltr'><strong>motuum</strong></span> <span class='ocrx_word' id='word_1_364' title='bbox 1863 2356 1904 2396; x_wconf 91' lang='lat' dir='ltr'><strong>in</strong></span> <span class='ocrx_word' id='word_1_365' title='bbox 1925 2368 1982 2408; x_wconf 78' lang='lat' dir='ltr'><strong>qm</strong></span> 
     </span>
     <span class='ocr_line' id='line_1_39' title="bbox 212 2415 1982 2484; baseline -0.001 -26"><span class='ocrx_word' id='word_1_366' title='bbox 212 2417 364 2471; x_wconf 86' lang='lat' dir='ltr'><strong>pridem</strong></span> <span class='ocrx_word' id='word_1_367' title='bbox 396 2418 592 2457; x_wconf 90' lang='lat' dir='ltr'><strong>desudant</strong></span> <span class='ocrx_word' id='word_1_368' title='bbox 622 2417 789 2484; x_wconf 88' lang='lat' dir='ltr'><strong>posthac</strong></span> <span class='ocrx_word' id='word_1_369' title='bbox 821 2416 974 2456; x_wconf 90' lang='lat' dir='ltr'><strong>felicius</strong></span> <span class='ocrx_word' id='word_1_370' title='bbox 1007 2429 1171 2468; x_wconf 87' lang='lat' dir='ltr'><strong>pergere</strong></span> <span class='ocrx_word' id='word_1_371' title='bbox 1201 2415 1384 2467; x_wconf 87' lang='lat' dir='ltr'><strong>possint?</strong></span> <span class='ocrx_word' id='word_1_372' title='bbox 1418 2416 1556 2469; x_wconf 88' lang='lat' dir='ltr'><strong>Neque</strong></span> <span class='ocrx_word' id='word_1_373' title='bbox 1582 2416 1656 2456; x_wconf 89' lang='lat' dir='ltr'><strong>hoc</strong></span> <span class='ocrx_word' id='word_1_374' title='bbox 1676 2416 1776 2456; x_wconf 90' lang='lat' dir='ltr'><strong>adeo</strong></span> <span class='ocrx_word' id='word_1_375' title='bbox 1795 2415 1982 2457; x_wconf 79' lang='lat' dir='ltr'><strong>ridiculum</strong></span> 
     </span>
     <span class='ocr_line' id='line_1_40' title="bbox 213 2473 1982 2534; baseline -0.003 -17"><span class='ocrx_word' id='word_1_376' title='bbox 213 2482 276 2517; x_wconf 91' lang='lat' dir='ltr'><strong>est</strong></span> <span class='ocrx_word' id='word_1_377' title='bbox 307 2477 450 2525; x_wconf 86' lang='lat' dir='ltr'><strong>dicere,</strong></span> <span class='ocrx_word' id='word_1_378' title='bbox 482 2489 573 2516; x_wconf 90' lang='lat' dir='ltr'><strong>nam</strong></span> <span class='ocrx_word' id='word_1_379' title='bbox 605 2477 640 2516; x_wconf 92' lang='lat' dir='ltr'><strong>si</strong></span> <span class='ocrx_word' id='word_1_380' title='bbox 670 2476 807 2515; x_wconf 89' lang='lat' dir='ltr'><strong>haberi</strong></span> <span class='ocrx_word' id='word_1_381' title='bbox 836 2480 976 2527; x_wconf 91' lang='lat' dir='ltr'><strong>posset</strong></span> <span class='ocrx_word' id='word_1_382' title='bbox 1006 2475 1146 2516; x_wconf 89' lang='lat' dir='ltr'><strong>similis</strong></span> <span class='ocrx_word' id='word_1_383' title='bbox 1179 2475 1521 2515; x_wconf 75' lang='lat' dir='ltr'><strong>eccentricitatum</strong></span> <span class='ocrx_word' id='word_1_384' title='bbox 1550 2474 1664 2524; x_wconf 88' lang='lat' dir='ltr'><strong>ratio,</strong></span> <span class='ocrx_word' id='word_1_385' title='bbox 1701 2474 1856 2527; x_wconf 90' lang='lat' dir='ltr'><strong>qualem</strong></span> <span class='ocrx_word' id='word_1_386' title='bbox 1885 2473 1982 2534; x_wconf 53' lang='lat' dir='ltr'><strong>vide:</strong></span> 
     </span>
     <span class='ocr_line' id='line_1_41' title="bbox 212 2533 1982 2584; baseline -0.002 -8"><span class='ocrx_word' id='word_1_387' title='bbox 212 2550 298 2577; x_wconf 89' lang='lat' dir='ltr'><strong>mus</strong></span> <span class='ocrx_word' id='word_1_388' title='bbox 330 2549 419 2576; x_wconf 89' lang='lat' dir='ltr'><strong>esse</strong></span> <span class='ocrx_word' id='word_1_389' title='bbox 450 2536 489 2575; x_wconf 90' lang='lat' dir='ltr'><strong>in</strong></span> <span class='ocrx_word' id='word_1_390' title='bbox 523 2535 737 2584; x_wconf 86' lang='lat' dir='ltr'><strong>distantiis,</strong></span> <span class='ocrx_word' id='word_1_391' title='bbox 770 2535 953 2574; x_wconf 88' lang='lat' dir='ltr'><strong>confecta</strong></span> <span class='ocrx_word' id='word_1_392' title='bbox 984 2547 1047 2574; x_wconf 89' lang='lat' dir='ltr'><strong>res</strong></span> <span class='ocrx_word' id='word_1_393' title='bbox 1080 2538 1189 2574; x_wconf 90' lang='lat' dir='ltr'><strong>esset</strong></span> <span class='ocrx_word' id='word_1_394' title='bbox 1214 2539 1255 2574; x_wconf 92' lang='lat' dir='ltr'><strong>et</strong></span> <span class='ocrx_word' id='word_1_395' title='bbox 1285 2534 1447 2575; x_wconf 90' lang='lat' dir='ltr'><strong>cuilibet</strong></span> <span class='ocrx_word' id='word_1_396' title='bbox 1467 2534 1595 2574; x_wconf 90' lang='lat' dir='ltr'><strong>obvia.</strong></span> <span class='ocrx_word' id='word_1_397' title='bbox 1657 2533 1764 2574; x_wconf 90' lang='lat' dir='ltr'><strong>Nam</strong></span> <span class='ocrx_word' id='word_1_398' title='bbox 1783 2533 1884 2573; x_wconf 90' lang='lat' dir='ltr'><strong>adeo</strong></span> <span class='ocrx_word' id='word_1_399' title='bbox 1903 2535 1982 2583; x_wconf 62' lang='lat' dir='ltr'><strong>corr?</strong></span> 
     </span>
     <span class='ocr_line' id='line_1_42' title="bbox 157 2591 1960 2646; baseline -0.002 -10"><span class='ocrx_word' id='word_1_400' title='bbox 157 2592 163 2599; x_wconf 66' lang='grc'><em>”</em></span> <span class='ocrx_word' id='word_1_401' title='bbox 213 2597 368 2636; x_wconf 89' lang='lat' dir='ltr'><strong>cinnum</strong></span> <span class='ocrx_word' id='word_1_402' title='bbox 399 2595 494 2636; x_wconf 90' lang='lat' dir='ltr'><strong>mihi</strong></span> <span class='ocrx_word' id='word_1_403' title='bbox 525 2595 682 2634; x_wconf 91' lang='lat' dir='ltr'><strong>videtur</strong></span> <span class='ocrx_word' id='word_1_404' title='bbox 711 2595 785 2634; x_wconf 92' lang='lat' dir='ltr'><strong>hoc</strong></span> <span class='ocrx_word' id='word_1_405' title='bbox 818 2594 865 2633; x_wconf 91' lang='lat' dir='ltr'><strong>de</strong></span> <span class='ocrx_word' id='word_1_406' title='bbox 897 2593 1125 2646; x_wconf 89' lang='lat' dir='ltr'><strong>corporibus</strong></span> <span class='ocrx_word' id='word_1_407' title='bbox 1157 2594 1381 2646; x_wconf 90' lang='lat' dir='ltr'><strong>negotium,</strong></span> <span class='ocrx_word' id='word_1_408' title='bbox 1425 2598 1470 2633; x_wconf 91' lang='lat' dir='ltr'><strong>ut</strong></span> <span class='ocrx_word' id='word_1_409' title='bbox 1509 2592 1692 2645; x_wconf 90' lang='lat' dir='ltr'><strong>quicquid</strong></span> <span class='ocrx_word' id='word_1_410' title='bbox 1729 2591 1856 2632; x_wconf 90' lang='lat' dir='ltr'><strong>adhuc</strong></span> <span class='ocrx_word' id='word_1_411' title='bbox 1887 2592 1960 2632; x_wconf 91' lang='lat' dir='ltr'><strong>dee</strong></span> 
     </span>
    </p>

    <p class='ocr_par' dir='ltr' id='par_1_13' title="bbox 213 2651 1921 2705">
     <span class='ocr_line' id='line_1_43' title="bbox 213 2651 1921 2705; baseline -0.002 -10"><span class='ocrx_word' id='word_1_412' title='bbox 213 2656 263 2695; x_wconf 88' lang='lat' dir='ltr'><strong>ad</strong></span> <span class='ocrx_word' id='word_1_413' title='bbox 294 2660 468 2695; x_wconf 88' lang='lat' dir='ltr'><strong>motuum</strong></span> <span class='ocrx_word' id='word_1_414' title='bbox 499 2659 681 2694; x_wconf 89' lang='lat' dir='ltr'><strong>exactam</strong></span> <span class='ocrx_word' id='word_1_415' title='bbox 712 2653 1000 2705; x_wconf 90' lang='lat' dir='ltr'><strong>cognitionem,</strong></span> <span class='ocrx_word' id='word_1_416' title='bbox 1048 2666 1159 2693; x_wconf 90' lang='lat' dir='ltr'><strong>omne</strong></span> <span class='ocrx_word' id='word_1_417' title='bbox 1197 2653 1237 2692; x_wconf 92' lang='lat' dir='ltr'><strong>in</strong></span> <span class='ocrx_word' id='word_1_418' title='bbox 1269 2651 1606 2693; x_wconf 88' lang='lat' dir='ltr'><strong>eccentricitatum</strong></span> <span class='ocrx_word' id='word_1_419' title='bbox 1643 2651 1744 2691; x_wconf 88' lang='lat' dir='ltr'><strong>vitia</strong></span> <span class='ocrx_word' id='word_1_420' title='bbox 1786 2651 1921 2692; x_wconf 88' lang='lat' dir='ltr'><strong>confer</strong></span> 
     </span>
    </p>

    <p class='ocr_par' dir='ltr' id='par_1_14' title="bbox 213 2710 1946 2765">
     <span class='ocr_line' id='line_1_44' title="bbox 213 2710 1946 2765; baseline -0.002 -11"><span class='ocrx_word' id='word_1_421' title='bbox 213 2715 406 2765; x_wconf 84' lang='lat' dir='ltr'><strong>Imprimis</strong></span> <span class='ocrx_word' id='word_1_422' title='bbox 452 2715 633 2754; x_wconf 87' lang='lat' dir='ltr'><strong>idoneam</strong></span> <span class='ocrx_word' id='word_1_423' title='bbox 670 2712 760 2752; x_wconf 89' lang='lat' dir='ltr'><strong>huic</strong></span> <span class='ocrx_word' id='word_1_424' title='bbox 800 2713 857 2752; x_wconf 87' lang='lat' dir='ltr'><strong>rei</strong></span> <span class='ocrx_word' id='word_1_425' title='bbox 889 2725 1030 2752; x_wconf 90' lang='lat' dir='ltr'><strong>censeo</strong></span> <span class='ocrx_word' id='word_1_426' title='bbox 1062 2712 1264 2752; x_wconf 89' lang='lat' dir='ltr'><strong>Martialis</strong></span> <span class='ocrx_word' id='word_1_427' title='bbox 1298 2710 1603 2752; x_wconf 89' lang='lat' dir='ltr'><strong>eccentricitatis</strong></span> <span class='ocrx_word' id='word_1_428' title='bbox 1641 2710 1946 2762; x_wconf 89' lang='lat' dir='ltr'><strong>amplificatione</strong></span> 
     </span>
    </p>

    <p class='ocr_par' dir='ltr' id='par_1_15' title="bbox 213 2769 1969 3181">
     <span class='ocr_line' id='line_1_45' title="bbox 216 2769 1888 2825; baseline -0.002 -13"><span class='ocrx_word' id='word_1_429' title='bbox 216 2786 314 2824; x_wconf 90' lang='lat' dir='ltr'><strong>quae</strong></span> <span class='ocrx_word' id='word_1_430' title='bbox 347 2774 427 2813; x_wconf 88' lang='lat' dir='ltr'><strong>fieri</strong></span> <span class='ocrx_word' id='word_1_431' title='bbox 459 2778 597 2825; x_wconf 89' lang='lat' dir='ltr'><strong>posset</strong></span> <span class='ocrx_word' id='word_1_432' title='bbox 626 2785 697 2825; x_wconf 91' lang='lat' dir='ltr'><strong>per</strong></span> <span class='ocrx_word' id='word_1_433' title='bbox 726 2784 892 2823; x_wconf 88' lang='lat' dir='ltr'><strong>parvum</strong></span> <span class='ocrx_word' id='word_1_434' title='bbox 924 2771 1125 2811; x_wconf 88' lang='lat' dir='ltr'><strong>circellum</strong></span> <span class='ocrx_word' id='word_1_435' title='bbox 1158 2772 1339 2823; x_wconf 87' lang='lat' dir='ltr'><strong>(propter</strong></span> <span class='ocrx_word' id='word_1_436' title='bbox 1370 2770 1501 2810; x_wconf 89' lang='lat' dir='ltr'><strong>varios</strong></span> <span class='ocrx_word' id='word_1_437' title='bbox 1532 2769 1677 2810; x_wconf 90' lang='lat' dir='ltr'><strong>Martis</strong></span> <span class='ocrx_word' id='word_1_438' title='bbox 1715 2771 1888 2818; x_wconf 87' lang='lat' dir='ltr'><strong>errores)</strong></span> 
     </span>
     <span class='ocr_line' id='line_1_46' title="bbox 215 2828 1965 2885; baseline -0.001 -15"><span class='ocrx_word' id='word_1_439' title='bbox 215 2833 560 2885; x_wconf 89' lang='lat' dir='ltr'><strong>quomodocunque</strong></span> <span class='ocrx_word' id='word_1_440' title='bbox 593 2832 721 2872; x_wconf 86' lang='lat' dir='ltr'><strong>aliter.</strong></span> <span class='ocrx_word' id='word_1_441' title='bbox 783 2831 888 2872; x_wconf 80' lang='lat' dir='ltr'><strong>Nam</strong></span> <span class='ocrx_word' id='word_1_442' title='bbox 918 2831 1033 2871; x_wconf 88' lang='lat' dir='ltr'><strong>Jovis</strong></span> <span class='ocrx_word' id='word_1_443' title='bbox 1067 2831 1119 2870; x_wconf 90' lang='lat' dir='ltr'><strong>ad</strong></span> <span class='ocrx_word' id='word_1_444' title='bbox 1140 2831 1320 2877; x_wconf 88' lang='lat' dir='ltr'><strong>Martem,</strong></span> <span class='ocrx_word' id='word_1_445' title='bbox 1346 2829 1500 2870; x_wconf 73' lang='lat' dir='ltr'><strong>,Terrae</strong></span> <span class='ocrx_word' id='word_1_446' title='bbox 1532 2828 1583 2867; x_wconf 90' lang='lat' dir='ltr'><strong>ad</strong></span> <span class='ocrx_word' id='word_1_447' title='bbox 1608 2828 1807 2868; x_wconf 88' lang='lat' dir='ltr'><strong>Venerem</strong></span> <span class='ocrx_word' id='word_1_448' title='bbox 1830 2839 1965 2880; x_wconf 85' lang='lat' dir='ltr'><strong>propo</strong></span> 
     </span>
     <span class='ocr_line' id='line_1_47' title="bbox 214 2878 1982 2943; baseline -0.001 -15"><span class='ocrx_word' id='word_1_449' title='bbox 214 2890 269 2929; x_wconf 87' lang='lat' dir='ltr'><strong>tio</strong></span> <span class='ocrx_word' id='word_1_450' title='bbox 304 2892 441 2930; x_wconf 87' lang='lat' dir='ltr'><strong>eadem</strong></span> <span class='ocrx_word' id='word_1_451' title='bbox 472 2904 571 2943; x_wconf 93' lang='lat' dir='ltr'><strong>quae</strong></span> <span class='ocrx_word' id='word_1_452' title='bbox 604 2891 641 2930; x_wconf 89' lang='lat' dir='ltr'><strong>in</strong></span> <span class='ocrx_word' id='word_1_453' title='bbox 675 2890 926 2941; x_wconf 88' lang='lat' dir='ltr'><strong>corporibus,</strong></span> <span class='ocrx_word' id='word_1_454' title='bbox 972 2889 1147 2938; x_wconf 89' lang='lat' dir='ltr'><strong>indicat,</strong></span> <span class='ocrx_word' id='word_1_455' title='bbox 1192 2890 1231 2929; x_wconf 93' lang='lat' dir='ltr'><strong>in</strong></span> <span class='ocrx_word' id='word_1_456' title='bbox 1263 2888 1431 2928; x_wconf 87' lang='lat' dir='ltr'><strong>maxima</strong></span> <span class='ocrx_word' id='word_1_457' title='bbox 1463 2886 1658 2936; x_wconf 90' lang='lat' dir='ltr'><strong>Veneris,</strong></span> <span class='ocrx_word' id='word_1_458' title='bbox 1701 2886 1842 2927; x_wconf 89' lang='lat' dir='ltr'><strong>intima</strong></span> <span class='ocrx_word' id='word_1_459' title='bbox 1870 2878 1982 2927; x_wconf 77' lang='lat' dir='ltr'><strong>J0v·3</strong></span> 
     </span>
     <span class='ocr_line' id='line_1_48' title="bbox 214 2945 1926 2999; baseline -0.001 -11"><span class='ocrx_word' id='word_1_460' title='bbox 214 2948 309 2989; x_wconf 91' lang='lat' dir='ltr'><strong>item</strong></span> <span class='ocrx_word' id='word_1_461' title='bbox 338 2949 377 2988; x_wconf 88' lang='lat' dir='ltr'><strong>in</strong></span> <span class='ocrx_word' id='word_1_462' title='bbox 410 2955 496 2989; x_wconf 87' lang='lat' dir='ltr'><strong>tota</strong></span> <span class='ocrx_word' id='word_1_463' title='bbox 528 2950 672 2989; x_wconf 88' lang='lat' dir='ltr'><strong>Terrae</strong></span> <span class='ocrx_word' id='word_1_464' title='bbox 707 2949 1002 2989; x_wconf 84' lang='lat' dir='ltr'><strong>eccentricitate</strong></span> <span class='ocrx_word' id='word_1_465' title='bbox 1035 2961 1111 2988; x_wconf 92' lang='lat' dir='ltr'><strong>non</strong></span> <span class='ocrx_word' id='word_1_466' title='bbox 1144 2949 1202 2988; x_wconf 89' lang='lat' dir='ltr'><strong>ita</strong></span> <span class='ocrx_word' id='word_1_467' title='bbox 1221 2947 1336 2987; x_wconf 90' lang='lat' dir='ltr'><strong>facile</strong></span> <span class='ocrx_word' id='word_1_468' title='bbox 1356 2946 1447 2999; x_wconf 91' lang='lat' dir='ltr'><strong>quid</strong></span> <span class='ocrx_word' id='word_1_469' title='bbox 1466 2946 1609 2986; x_wconf 82' lang='lat' dir='ltr'><strong>mutari</strong></span> <span class='ocrx_word' id='word_1_470' title='bbox 1627 2958 1759 2998; x_wconf 85' lang='lat' dir='ltr'><strong>posse.</strong></span> <span class='ocrx_word' id='word_1_471' title='bbox 1821 2945 1926 2986; x_wconf 90' lang='lat' dir='ltr'><strong>Vide</strong></span> 
     </span>
     <span class='ocr_line' id='line_1_49' title="bbox 215 3004 1931 3059; baseline -0.001 -12"><span class='ocrx_word' id='word_1_472' title='bbox 215 3008 357 3056; x_wconf 89' lang='lat' dir='ltr'><strong>etiam,</strong></span> <span class='ocrx_word' id='word_1_473' title='bbox 406 3009 544 3059; x_wconf 90' lang='lat' dir='ltr'><strong>quibus</strong></span> <span class='ocrx_word' id='word_1_474' title='bbox 571 3014 633 3047; x_wconf 90' lang='lat' dir='ltr'><strong>est</strong></span> <span class='ocrx_word' id='word_1_475' title='bbox 664 3008 804 3056; x_wconf 88' lang='lat' dir='ltr'><strong>otium,</strong></span> <span class='ocrx_word' id='word_1_476' title='bbox 850 3014 979 3048; x_wconf 90' lang='lat' dir='ltr'><strong>utrum</strong></span> <span class='ocrx_word' id='word_1_477' title='bbox 1012 3021 1087 3047; x_wconf 93' lang='lat' dir='ltr'><strong>non</strong></span> <span class='ocrx_word' id='word_1_478' title='bbox 1121 3012 1255 3047; x_wconf 88' lang='lat' dir='ltr'><strong>cetera</strong></span> <span class='ocrx_word' id='word_1_479' title='bbox 1285 3018 1470 3057; x_wconf 87' lang='lat' dir='ltr'><strong>corpora,</strong></span> <span class='ocrx_word' id='word_1_480' title='bbox 1505 3017 1602 3056; x_wconf 88' lang='lat' dir='ltr'><strong>quae</strong></span> <span class='ocrx_word' id='word_1_481' title='bbox 1635 3004 1788 3057; x_wconf 89' lang='lat' dir='ltr'><strong>species</strong></span> <span class='ocrx_word' id='word_1_482' title='bbox 1820 3005 1931 3045; x_wconf 87' lang='lat' dir='ltr'><strong>diver</strong></span> 
     </span>
     <span class='ocr_line' id='line_1_50' title="bbox 213 3048 1969 3249; baseline -0.001 -143"><span class='ocrx_word' id='word_1_483' title='bbox 213 3067 356 3107; x_wconf 85' lang='lat' dir='ltr'><strong>sortita</strong></span> <span class='ocrx_word' id='word_1_484' title='bbox 386 3072 489 3115; x_wconf 88' lang='lat' dir='ltr'><strong>sunt,</strong></span> <span class='ocrx_word' id='word_1_485' title='bbox 523 3066 772 3107; x_wconf 85' lang='lat' dir='ltr'><strong>occasionem</strong></span> <span class='ocrx_word' id='word_1_486' title='bbox 804 3068 1022 3119; x_wconf 89' lang='lat' dir='ltr'><strong>praebeant</strong></span> <span class='ocrx_word' id='word_1_487' title='bbox 1052 3065 1134 3106; x_wconf 90' lang='lat' dir='ltr'><strong>suis</strong></span> <span class='ocrx_word' id='word_1_488' title='bbox 1166 3065 1395 3105; x_wconf 86' lang='lat' dir='ltr'><strong>differentiis</strong></span> <span class='ocrx_word' id='word_1_489' title='bbox 1433 3069 1475 3104; x_wconf 89' lang='lat' dir='ltr'><strong>et</strong></span> <span class='ocrx_word' id='word_1_490' title='bbox 1507 3065 1554 3104; x_wconf 90' lang='lat' dir='ltr'><strong>de</strong></span> <span class='ocrx_word' id='word_1_491' title='bbox 1586 3048 1969 3249; x_wconf 50' lang='lat' dir='ltr'><strong>eccentricitatuma</strong></span> 
     </span>
    </p>
   </div>
  </div>
 </body>
</html>
