2028 3242
153 66 240 111 348
727 70 861 102 Literae
886 70 1024 111 Kepleri
1049 71 1249 114 aliorumque
1274 77 1409 105 mutuae

157 176 327 228 Opticis.
392 176 449 216 Tu
483 182 623 217 contra
656 177 736 216 ais:
775 175 817 225 1)
849 178 1048 229 puriorem
1081 178 1162 218 illis
1195 191 1285 219 esse
1317 183 1466 220 aerem.
1527 180 1587 221 At
1617 193 1694 220 non
1727 181 1906 234 sequitur
1924 186 1968 222 et

154 235 412 276 humiliorem.
479 234 604 277 Calor
634 241 851 285 extenuat,
897 237 1081 277 tenuiora
1111 238 1286 289 puriora.
1351 237 1474 280 Calor
1505 252 1619 291 ergo,
1665 240 1731 292 qui
1762 239 1963 292 puritatis,

152 295 259 334 idem
279 294 502 335 altitudinis
523 309 658 344 causa,
683 295 775 348 quia
794 301 914 347 auget
936 301 1071 337 aerem
1089 311 1097 337 :
1133 297 1172 337 in
1193 301 1288 337 aere
1317 297 1422 338 enim
1442 298 1618 351 quotidie
1640 298 1828 351 gignitur,
1861 299 1965 352 quod

153 354 190 394 in
226 358 343 394 nocte
375 355 520 395 iterum
552 355 709 408 cogitur
740 356 777 395 in
805 367 915 395 rores
948 368 1020 407 per
1052 356 1177 408 frigus
1210 369 1438 408 supernum.
1501 355 1549 405 2)
1583 356 1684 398 Ais:
1717 358 1797 398 cito
1817 362 1965 410 perva-

154 414 247 454 dere
279 419 566 467 tempestates,
609 427 700 455 esse
734 414 856 467 igitur
888 415 1075 455 humilem
1108 416 1163 455 ibi
1195 420 1344 457 aerem.
1406 417 1562 456 Bonum
1594 423 1890 469 argumentum,
1928 418 1966 458 εἰ

154 474 297 514 bonum
329 479 442 514 esset
473 479 706 515 assumtum.
758 474 863 514 Nam
895 487 984 514 cum
1014 474 1054 514 in
1087 475 1262 515 borealis
1295 476 1435 516 oceani
1457 474 1714 527 navigatione
1740 477 1965 529 lego-subi-

152 538 218 572 tas
250 538 530 585 tempestates,
566 538 822 586 argumentor
853 533 939 586 ipse
973 547 1141 587 quoque,
1175 534 1362 575 humilem
1395 548 1484 575 esse
1518 539 1663 583 aerem,
1697 535 1758 576 ita
1775 541 1822 576 ut
1841 548 1966 588 vapor

154 606 202 632 ox
229 598 346 633 'terra
377 594 598 633 ascendens
632 593 764 633 subito
797 593 835 632 in
870 592 996 645 frigus
1029 594 1259 634 aethereum
1293 594 1489 643 incurrat,
1537 599 1727 647 superato
1760 594 1866 636 a‘eris
1900 595 1964 635 fa-

154 651 287 703 stigio.
349 652 404 692 Et
436 658 478 692 tu
510 652 716 705 pulchram
754 652 1078 693 observationem
1119 653 1252 702 addis,
1293 654 1545 694 utilissimam
1586 654 1852 706 speculationi
1885 655 1958 695 ful-

154 710 314 756 minum,
350 712 452 764 quod
485 713 591 764 apud
624 725 695 752 vos
728 724 804 752 non
837 711 896 751 ita
928 712 1185 752 fulminentur
1217 718 1340 762 tecta,
1373 713 1476 754 utin
1500 711 1720 754 Germania
1747 714 1964 766 superiore.

155 769 291 811 Causa
333 777 469 811 tamen
512 772 632 824 paulo
671 771 789 811 aliter
833 771 1089 824 accipienda,
1135 785 1276 824 nempe
1322 785 1400 812 non
1445 777 1515 813 aer
1546 777 1705 822 terrae,
1753 774 1826 813 sed
1857 778 1968 814 terra

154 830 236 870 a'eri
270 835 333 870 est
363 831 534 882 propior.
596 831 718 871 Aeris
752 843 901 883 aequor
933 831 1134 883 aequabili
1166 831 1393 883 superficie,
1434 832 1584 872 Terrae
1622 837 1716 872 sunt
1751 832 1964 885 profundi-

150 895 281 938 tates,
329 896 373 930 ut
410 895 603 930 montana
635 890 717 930 sint
749 890 864 942 quasi
892 890 1081 954 scopuli,
1120 895 1162 930 et
1193 890 1375 943 superior
1415 889 1635 931 Germania
1672 891 1786 944 quasi
1818 897 1964 946 syrtes.

149 949 204 988 Et
235 949 344 988 soleo
377 948 467 989 hine
500 949 784 1001 argumentari,
819 962 941 1001 quare
975 950 1183 990 cacumina
1216 949 1496 990 fulminentur:
1537 950 1700 1002 spiritus
1733 951 1836 991 enim
1869 963 1963 1004 per-

150 1008 297 1060 rumpit
329 1008 531 1064 humidum
565 1013 715 1057 aerem,
764 1021 842 1061 qua
873 1009 1145 1049 tenuissimus.
1211 1008 1292 1049 Sed
1325 1014 1459 1049 tamen
1493 1009 1593 1049 haec
1625 1010 1788 1050 obstare
1822 1010 1963 1050 viden-

149 1073 237 1107 tur:
294 1067 336 1115 1)
369 1068 565 1108 Bohemia
597 1081 672 1108 non
705 1068 843 1108 crebro
876 1067 1027 1120 petitur
1059 1068 1302 1116 fulminibus,
1337 1074 1403 1109 est
1432 1074 1568 1109 tamen
1601 1069 1711 1117 alta,
1746 1070 1798 1110 ad
1830 1069 1964 1110 fontes

149 1140 205 1167 sc.
239 1126 377 1176 Albisg
412 1127 450 1167 id
482 1127 719 1181 praesertim
741 1128 848 1168 circa
868 1128 1054 1180 Pragam.
1119 1126 1165 1176 2)
1199 1127 1386 1168 Secunda
1413 1141 1548 1177 causa,
1581 1140 1651 1168 cur
1670 1133 1864 1170 montana
1883 1129 1964 1169 ful-

148 1186 357 1236 minentur,
393 1192 467 1235 est,
503 1187 595 1240 quia
627 1191 783 1227 montes
818 1192 911 1227 sunt
943 1187 1126 1227 officinae.
1160 1193 1441 1228 meteororum.
1507 1184 1555 1236 3)
1589 1186 1695 1228 Sunt
1714 1193 1850 1229 certae
1873 1200 1963 1229 ma-

149 1246 288 1295 teriae,
324 1259 422 1298 quae
456 1247 596 1287 crebro
630 1246 901 1287 fulminantur.
966 1247 1096 1299 Igitur
1127 1247 1313 1287 videntur
1345 1247 1529 1287 emittere
1563 1247 1823 1300 spirituosum
1852 1247 1963 1302 hali-

149 1311 243 1354 tum,
277 1305 342 1358 qui
375 1306 582 1346 fulminum
613 1306 805 1358 impetum
837 1305 876 1345 in
910 1319 999 1346 sese
1034 1306 1291 1346 similitudine
1313 1306 1507 1346 materiae
1536 1306 1722 1346 invitant.
1784 1304 1832 1356 4)
1865 1306 1964 1347 Ful-

148 1364 294 1404 minum
326 1372 471 1405 natura
504 1366 658 1414 eadem,
693 1379 794 1419 quae
829 1365 914 1406 auri
948 1365 1125 1406 fulminei
1159 1364 1471 1418 (Schlaggold);
1513 1365 1717 1406 incensum
1751 1367 1854 1407 enim
1889 1379 1964 1406 non

148 1437 304 1464 sursum
338 1425 490 1472 nititur,
526 1426 595 1465 sed
630 1426 829 1473 deorsum,
864 1424 902 1465 in
930 1419 1142 1465 adversum
1169 1425 1284 1477 quasi
1309 1424 1474 1464 humori.
1537 1425 1592 1465 Et
1621 1424 1662 1464 in
1685 1425 1830 1466 fodinis
1853 1424 1963 1465 auri-

151 1483 244 1523 feris
286 1484 419 1523 solent
456 1498 506 1524 ex
539 1484 721 1536 fuligine,
770 1497 869 1537 quae
916 1485 1108 1524 lateribus
1155 1485 1390 1538 abyssorum
1436 1483 1710 1534 adhaerescit,
1756 1485 1963 1537 ingruente

149 1543 310 1583 humida
343 1548 583 1595 tempestate
617 1544 792 1585 existere
825 1557 944 1584 casus
977 1544 1182 1584 fulminum
1212 1543 1416 1588 similium,
1450 1543 1515 1596 qui
1537 1548 1683 1584 necant
1713 1544 1895 1584 homines
1923 1543 1962 1583 in

148 1607 356 1654 puteorum
389 1602 608 1652 (Schacht)
644 1603 791 1643 fundis.
856 1602 1036 1644 Censent
1067 1602 1296 1652 metallarii,
1331 1602 1536 1654 fuliginem
1556 1602 1666 1643 illam
1699 1615 1860 1644 auream
1887 1602 1964 1642 hu-

148 1662 253 1701 mido
286 1666 378 1702 aere
411 1662 594 1711 incendi,
643 1675 764 1715 quare
798 1663 861 1703 hic
904 1675 1058 1715 quoque
1098 1662 1248 1703 fulmen
1293 1662 1367 1702 hoc
1413 1674 1576 1702 aureum
1612 1662 1807 1714 profunde
1845 1662 1961 1715 petit.

150 1722 235 1760 Hae
270 1722 515 1772 objectiones
548 1722 713 1774 ancipiti
758 1727 799 1762 et
842 1735 964 1762 caeca
1007 1734 1143 1774 pugna
1191 1723 1372 1761 feruntur
1415 1720 1454 1761 in
1486 1734 1650 1761 causam
1682 1726 1816 1769 tuam,
1862 1733 1963 1774 quae

149 1780 250 1820 alifis
283 1781 376 1820 mihi
410 1794 562 1833 quoque
595 1794 673 1821 non
705 1781 903 1832 displicet.
969 1780 1049 1820 Sed
1083 1787 1173 1820 utut
1204 1780 1270 1829 sit,
1307 1786 1407 1827 est0‚
1442 1780 1506 1820 ubi
1541 1780 1645 1820 citae
1678 1785 1961 1833 tempestates,

150 1845 192 1879 ut
224 1840 276 1878 ibi
311 1840 470 1879 humilis
504 1845 585 1887 aer,
622 1840 709 1879 dico
742 1841 827 1884 tibi,
863 1840 935 1879 sub
967 1841 1121 1879 torrida
1154 1852 1229 1879 non
1264 1840 1367 1879 citas
1387 1845 1668 1891 tempestates.
1721 1840 1825 1880 Nam
1856 1839 1961 1880 unde

148 1904 189 1938 tu
221 1899 395 1950 probas?
445 1898 552 1945 Quia
583 1900 633 1939 ad
654 1906 784 1940 ortum
812 1899 1031 1938 nubeculae
1064 1899 1203 1939 statim
1224 1899 1343 1938 adest
1377 1899 1483 1938 furor
1513 1904 1735 1940 ventorum.
1785 1899 1961 1940 Pulchra

150 1958 397 2005 observatio;
431 1958 578 1998 similia
609 1958 646 1998 in
680 1958 808 1999 sacris
839 1959 1046 2006 habemus,
1081 1971 1168 1998 cum
1201 1957 1315 1997 Elias
1348 1958 1503 1997 coelum
1521 1958 1748 1998 recluderet
1766 1957 1959 2000 imbrem-

151 2030 223 2068 que
257 2017 294 2056 in
327 2017 487 2057 Achabi
519 2022 641 2069 caput
672 2017 972 2071 praecipitaret.
1036 2016 1119 2057 Sed
1159 2029 1235 2056 non
1267 2016 1391 2056 vincit
1429 2016 1690 2068 propositum.
1751 2017 1963 2058 Nubecula

151 2076 305 2127 signum
339 2081 403 2115 est
435 2077 736 2129 copiosissimae
763 2077 970 2124 materiae,
998 2077 1083 2128 jam
1114 2075 1153 2115 in
1174 2075 1381 2127 procinctu
1413 2075 1574 2124 stantis,
1607 2089 1684 2115 non
1715 2089 1851 2125 causa,
1886 2089 1961 2116 non

149 2141 292 2175 mater.
356 2134 424 2175 Si'c
457 2136 495 2175 in
530 2135 686 2190 Styria‚
721 2149 809 2176 cum
841 2148 955 2176 mons
989 2135 1163 2176 Schekel
1194 2135 1299 2187 pileo
1333 2134 1507 2186 tegitur,
1553 2135 1691 2186 phrasi
1728 2134 1960 2184 incolarum,

148 2199 332 2234 manente
364 2194 469 2246 pileo
502 2209 574 2235 nec
608 2208 806 2249 quoquam
826 2195 991 2244 dimoto,
1025 2194 1166 2234 existit
1184 2194 1335 2246 pluvia,
1369 2194 1548 2234 oriuntur
1580 2194 1631 2234 ad
1651 2194 1809 2235 oculum
1837 2194 1962 2235 nubes

149 2253 184 2293 in
217 2254 399 2306 partibus
433 2255 533 2295 coeli
565 2255 729 2303 serenis,
763 2254 944 2295 collectis
977 2267 1034 2294 sc.
1068 2259 1110 2295 et
1142 2254 1192 2294 ad
1225 2254 1390 2297 oculum⁴
1414 2252 1596 2293 densatis
1627 2253 1856 2307 vaporibus.

241 2325 494 2358 Fabricius:
531 2324 614 2358 Solis
647 2330 682 2358 et
715 2326 832 2358 Lunae
864 2325 1002 2367 eclipses
1032 2329 1070 2358 ut
1094 2325 1268 2367 plurimum
1303 2324 1466 2358 inducunt
1501 2323 1579 2356 illae
1618 2327 1746 2362 aestus,
1781 2325 1961 2362 siccitates,

147 2372 211 2404 hae
236 2372 459 2404 humiditates.
512 2373 562 2405 Tu
586 2374 618 2405 in
646 2374 749 2406 Terra
772 2374 984 2415 praecipuam
1011 2382 1148 2405 causam
1173 2372 1321 2414 quaeris,
1357 2371 1415 2404 sed
1440 2371 1536 2403 valde
1562 2372 1714 2404 absurde.
1763 2371 1867 2404 Tem
1891 2372 1959 2414 qui-

149 2420 220 2451 dem
246 2430 382 2461 vapores
409 2424 442 2452 et
467 2421 534 2453 alia
559 2426 662 2459 creat,
690 2422 747 2453 sed
774 2431 794 2453 a
819 2421 976 2463 singulari
1002 2422 1121 2452 virtute
1147 2420 1270 2452 Terrae
1295 2419 1354 2451 illa.
1379 2419 1505 2451 extrudi
1530 2429 1597 2450 non
1622 2418 1740 2456 cred0;
1767 2419 1893 2451 coelum
1920 2428 1962 2451 ea

148 2467 246 2499 elicit.
294 2466 477 2500 Ventorum
503 2479 629 2510 quoque
662 2469 760 2501 flatus
787 2469 904 2500 diversi
935 2469 1044 2501 irritas
1069 2477 1169 2509 saepe
1201 2467 1342 2499 reddunt
1374 2470 1569 2508 aspectuum
1594 2466 1811 2508 operationes.
1861 2465 1959 2502 Vide,

148 2525 188 2546 ne
215 2524 332 2546 novam
359 2517 586 2548 constituendo
612 2517 880 2558 meteorologiam
914 2516 1004 2548 coelo
1030 2515 1183 2556 injuriam
1209 2515 1334 2551 facias,
1361 2524 1418 2556 pro
1443 2514 1585 2555 planetis
1610 2513 1749 2546 inducas
1770 2512 1960 2555 Neptunum

148 2567 182 2593 et
208 2561 290 2594 alios
315 2562 417 2594 Deos.

266 2622 536 2673 Keplerus:
570 2622 880 2663 Absurditatem
899 2622 1087 2674 Neptuno
1120 2634 1208 2661 meo
1241 2620 1458 2672 ἐννοσιγαιῳ
1479 2619 1668 2672 imputas,
1702 2632 1828 2660 causa
1852 2621 1961 2660 nulla

149 2681 300 2727 allata;
335 2681 534 2722 tacuisses
555 2682 695 2722 eodem
717 2682 889 2722 foenore.
942 2681 1070 2733 Igitur
1101 2681 1224 2720 verba
1244 2685 1315 2720 tua
1335 2679 1548 2730 usurpab0‚
1584 2680 1789 2720 sententia
1814 2693 1957 2720 versa:

148 2740 301 2780 coelum
335 2741 492 2793 quidem
525 2741 708 2781 stimulat
733 2742 915 2789 Terram,
951 2741 1022 2780 sed
1055 2754 1079 2780 a
1110 2739 1304 2792 singulari
1337 2738 1508 2791 quadan]
1543 2738 1691 2780 virtute
1724 2738 1826 2780 coeli
1857 2739 1961 2779 citra

149 2798 318 2839 Telluris
352 2811 514 2851 operam
546 2813 717 2853 vapores
751 2814 799 2840 ex
833 2801 958 2840 Terra
990 2799 1080 2840 elici
1112 2812 1188 2839 non
1222 2798 1363 2846 credo;
1397 2797 1523 2837 Terra
1554 2811 1624 2838 eos
1658 2798 1851 2838 extrudit.

266 2858 327 2898 De
370 2864 580 2899 ventorum
618 2860 784 2912 imperio
823 2859 861 2899 in
900 2863 1170 2912 tempestates
1209 2857 1337 2897 sentio
1377 2861 1522 2897 tecum.
1585 2858 1646 2898 At
1677 2857 1886 2898 circuitum
1917 2864 1958 2897 et

150 2915 257 2955 vices
279 2930 413 2957 eorum
446 2931 584 2958 omnes
617 2919 874 2971 inquirendas
907 2919 1176 2970 relinquamus
1209 2915 1358 2956 nostris
1390 2916 1578 2968 posteris.
1642 2916 1779 2956 Pauca
1810 2917 1957 2958 scimus

151 2974 198 3013 de
233 2976 526 3017 universalibus
560 2991 609 3017 ex
644 2977 771 3018 Costa
789 2977 962 3018 Jesuita..

243 3045 484 3078 Fabricius:
525 3047 718 3086 Quaeritur,
758 3058 800 3080 an
825 3049 935 3081 lumen
961 3047 1012 3079 vel
1046 3047 1136 3080 calor
1162 3046 1246 3078 Solis
1281 3048 1314 3078 et
1340 3045 1508 3076 stellarum
1542 3045 1584 3075 sit
1621 3044 1806 3076 vehiculum
1829 3045 1956 3076 virtutis

108 3121 111 3123 ,
149 3091 232 3122 illius
259 3093 388 3124 astralis
413 3094 462 3125 vel
490 3095 681 3127 influentiae
709 3096 939 3138 astrologicae.
992 3094 1078 3126 Sunt
1102 3093 1260 3130 nonnulli,
1288 3092 1342 3135 qui
1368 3095 1503 3134 negant,
1531 3097 1661 3134 praeter
1679 3092 1761 3124 lueis
1787 3095 1821 3125 et
1837 3092 1957 3125 caloris
