2028 3242
225 89 310 132 356
793 88 927 120 Literae
952 87 1087 130 Kepleri
1117 89 1318 131 aliorumque
1342 94 1477 123 mutuae

224 194 470 235 vicinissima
502 198 636 233 tamen
671 190 883 232 carinthia
914 193 969 232 nil
999 193 1181 244 pluviae,
1225 195 1405 246 squalor,
1440 195 1628 245 ariditas,
1667 201 1713 236 ut
1744 195 2028 248 impedirentur

222 254 371 305 pabula
404 259 444 292 et
478 252 626 304 fruges.
689 251 780 291 Non
807 252 986 303 negarim
1018 252 1335 304 conjunctionem
1366 251 1452 302 Qlss
1486 254 1634 307 aliquid
1674 255 1805 296 facere
1839 255 1891 295 ad
1923 254 2028 295 leni-

222 313 412 361 tudinem,
445 317 490 351 ut
522 317 562 350 et
595 311 758 350 stellam
788 323 934 350 novam
967 315 1007 350 et
1040 324 1278 363 congressus
1312 313 1484 352 omnium
1519 314 1773 365 planetarum
1805 313 1842 354 in
1863 318 1917 362 >2¹-
1969 314 2028 354 At

221 385 298 411 non
331 383 402 423 per
434 383 490 418 se,
527 371 597 409 sed
628 382 700 421 per
732 370 968 409 facultatem
1002 371 1216 411 animalem
1237 371 1399 419 Terrae,
1433 384 1534 423 quae
1569 372 1644 413 fuit
1669 373 1887 414 stimulata.
1941 372 2028 413 Ne-

223 444 298 482 que
332 443 382 469 ex
415 427 498 480 Osi}
518 429 559 477 ‘³4
591 429 667 468 dici
699 434 856 481 potest,
897 442 965 468 cur
997 428 1212 470 Germanis
1244 430 1346 470 lenis
1379 430 1499 470 fuerit
1531 431 1676 480 hiems,
1710 432 1828 472 Italis
1862 431 2028 484 frigida;

222 490 294 529 sed
327 489 556 541 quaerenda
588 488 685 528 haec
719 488 826 528 intus
859 487 897 527 in
932 488 1083 528 Terra:
1117 489 1261 544 quippe
1296 491 1335 539 c(
1354 487 1380 541 Β
1401 489 1442 538 04
1472 489 1652 531 omnibus
1685 491 1838 532 eadem.

340 548 427 596 (Ad
460 545 521 595 6.)
584 547 650 586 An
690 548 806 587 Luna
844 559 934 587 cum
971 548 1173 600 parallaxi
1216 549 1454 600 dirigenda?
1516 546 1714 595 Quaestio
1752 548 2026 601 impertinens,

219 621 307 647 cum
341 608 388 647 de
421 607 537 658 longe
571 606 791 658 majoribus
823 606 1085 658 disputemus.
1149 607 1293 648 Dicam
1313 613 1446 648 tamen
1470 609 1736 650 sententiam:
1769 607 1926 648 omnino
1953 607 2028 647 hoc

219 672 282 706 est
312 666 545 718 principium
579 665 878 716 astrologicam,
914 670 1039 714 astra,
1073 666 1133 706 uti
1166 667 1365 716 videntur,
1401 667 1458 707 sic
1479 667 1633 708 censeri
1665 682 1690 708 a
1720 672 1865 708 natura
1895 666 2026 707 facul-

219 731 306 765 tate
341 725 527 765 naturali.
593 725 700 776 Ergo
722 724 839 763 Luna
870 737 958 764 cum
988 725 1189 776 parallaxi
1221 730 1285 766 est
1317 726 1487 766 locanda
1518 726 1555 766 in
1577 727 1715 779 genesi
1742 732 1785 766 et
1803 725 2025 778 dirigenda.

218 785 372 824 Videor
404 784 572 823 eandem
605 796 692 823 cum
712 783 900 835 Tychone
933 796 1097 824 causam
1130 785 1282 825 afferre.
1346 786 1390 825 In
1416 797 1507 824 mea
1539 785 1678 836 genesi
1709 798 1829 826 casus
1859 784 2026 825 evidens

217 844 281 891 fit,
315 856 406 882 nam
437 855 509 897 per
534 842 760 894 parallaxin
793 842 908 882 Luna
940 843 1202 895 corporaliter
1227 843 1464 896 jungeretur
1494 844 1693 896 paulitio,
1740 844 1775 885 si
1807 844 1923 884 modo
1954 855 2027 896 per

217 901 504 954 longitudinem
530 902 780 953 jungeretur.
1187 926 1190 928 v

339 961 426 1008 (Ad
458 959 521 1008 8.)
583 960 712 1000 Recte
744 973 900 1008 mones,
948 966 991 1000 ut
1024 958 1225 1001 Chronica
1262 961 1423 1010 adeam,
1471 974 1571 1014 quae
1602 967 1781 1002 meteora
1813 960 2028 1012 consigna-

218 1025 322 1066 runt,
356 1020 524 1071 indeque
558 1019 849 1071 experientiam
881 1019 1075 1059 hauriam.
1139 1020 1303 1060 Faciam
1333 1019 1387 1069 id,
1421 1020 1487 1060 ubi
1520 1021 1608 1074 plus
1629 1021 1701 1062 otii
1728 1021 1918 1061 habuero,
1970 1019 2028 1059 At

221 1092 299 1119 non
333 1092 419 1118 curn
452 1079 563 1118 coelo
597 1084 754 1118 tantum
786 1079 1042 1131 comparabo,
1077 1079 1149 1119 sed
1182 1079 1349 1119 Terram
1382 1092 1514 1119 secum
1546 1078 1690 1130 ipsam.

340 1138 427 1185 (Ad
460 1135 522 1186 9.)
585 1138 676 1178 Non
709 1138 760 1177 ad
783 1138 1047 1178 describenda
1068 1142 1249 1178 meteora
1280 1139 1374 1179 anni
1400 1135 1503 1180 1601
1543 1139 1667 1179 otium
1691 1142 1888 1191 superest.
1945 1138 2028 1178 Fa-

218 1198 300 1237 ciat
344 1210 414 1249 pro
458 1209 521 1236 me
564 1197 743 1237 ,Ioannes
789 1197 1018 1245 (Eriksen),
1053 1197 1120 1237 ubi
1163 1197 1351 1246 redierit,
1397 1203 1466 1238 aut
1509 1198 1706 1238 Matthias
1751 1196 2027 1246 (Seiffardus).

217 1257 293 1296 Die
331 1255 397 1296 10.
433 1253 545 1303 (20.)
579 1257 675 1296 Feb.
711 1256 770 1296 ais
815 1269 951 1296 eurum
977 1261 1107 1296 ortum
1138 1262 1233 1308 post
1265 1257 1497 1305 lenitatem3
1530 1257 1635 1297 idem
1666 1257 1729 1297 bic
1761 1256 1813 1296 ad
1841 1266 2025 1308 unguem.

218 1316 345 1355 Vides
378 1315 644 1355 universalem
675 1320 850 1364 ventum,
885 1316 950 1368 qui
983 1320 1165 1364 serenat;
1212 1316 1278 1368 qui
1310 1315 1453 1369 pluvii,
1498 1315 1787 1368 particulares,
1827 1329 1853 1355 a
1883 1314 2026 1355 vicinis

218 1387 274 1414 sc.
308 1374 523 1414 montibus.
1647 1388 1649 1391 -

336 1433 422 1481 (Ad
461 1431 547 1480 10.)
610 1431 724 1479 Quae
750 1433 837 1484 jam
869 1446 991 1485 supra
1022 1433 1314 1474 affirmaveram
1348 1434 1405 1485 (p.
1443 1430 1566 1482 352),
1607 1438 1654 1474 tu
1684 1446 1776 1475 ecce
1809 1433 1957 1474 evertis
1988 1431 2028 1472 in

221 1493 430 1544 dirigendo
465 1492 717 1532 latitudinem
750 1492 1034 1532 adhibendam.
1096 1492 1164 1532 Ad
1186 1492 1473 1544 experientiam
1498 1501 1714 1545 provocas:
1770 1493 1887 1545 Nego
1917 1491 2028 1532 illam

219 1553 320 1591 adeo
355 1551 542 1590 subtilem
576 1564 665 1591 esse
697 1563 831 1602 posse,
865 1555 923 1591 ut*
942 1552 1186 1591 sufficienter
1211 1556 1396 1599 testetur,
1429 1551 1493 1591 vel
1518 1552 1592 1591 hoc
1614 1553 1700 1592 solo
1717 1552 1889 1602 nomine,
1923 1550 2027 1604 quod

220 1610 464 1650 directiones
493 1611 605 1662 ajunt
632 1610 826 1662 applicari
848 1611 899 1649 ad
924 1610 1194 1650 revolutiones
1225 1622 1328 1650 anno
1361 1610 1425 1649 vel
1445 1611 1712 1662 praecedente
1734 1611 1801 1652 vel
1819 1615 2025 1663 sequente.

219 1670 324 1709 Dum
357 1682 452 1708 vero
484 1681 680 1720 provocas
713 1669 765 1708 ad
798 1670 1023 1721 exemplum
1054 1670 1363 1721 profectionum,
1409 1671 1527 1722 plane
1568 1675 1609 1711 te
1641 1670 1764 1720 rideo,
1811 1682 1899 1710 cum
1929 1681 2027 1722 pro-

218 1729 341 1769 fectio
375 1741 527 1768 merum
559 1728 614 1767 sit
645 1727 853 1767 somnium.

312 1787 550 1819 Fabricius
576 1787 622 1819 sic
649 1786 835 1818 concludit:
873 1786 944 1828 Ego
968 1786 1004 1817 in
1028 1795 1106 1818 mea
1130 1787 1245 1828 genesi
1277 1786 1491 1819 directionem
1518 1784 1560 1826 Θ
1589 1787 1632 1831 ad
1658 1786 1692 1827 d*
1717 1787 1891 1829 plurimum
1915 1787 2025 1819 timeo.

219 1833 293 1866 Scio
319 1843 437 1875 nempe
463 1833 648 1874 horribilem
674 1843 767 1870 esse,
804 1842 866 1864 nec
891 1838 953 1864 tua.
975 1834 1061 1865 ratio
1087 1833 1249 1876 dirigendi
1273 1843 1378 1875 nuper
1402 1835 1526 1875 scripta
1557 1835 1703 1868 animum
1733 1844 1842 1867 meum
1866 1834 2025 1876 tranquil·

216 1882 285 1913 lare
310 1885 437 1922 potest,
474 1885 508 1912 et
533 1890 660 1921 semper
686 1880 845 1921 ejusmodi
871 1880 1005 1911 directio
1040 1890 1166 1912 summe
1190 1881 1376 1922 periculosa
1399 1881 1471 1913 fuit.
1521 1881 1568 1914 At
1591 1881 1689 1914 Deus*
1710 1881 1849 1919 efficiet,
1885 1890 1928 1914 ne
1953 1882 2026 1914 ani.—

215 1938 303 1967 mae,
331 1929 358 1960 si
383 1929 524 1959 maxime
551 1928 687 1968 corpori,
713 1931 845 1959 noceat.
896 1927 998 1959 Hisce
1024 1931 1058 1959 te
1082 1932 1239 1969 tuamque
1264 1927 1373 1959 valere
1395 1929 1512 1968 jubeo,
1548 1933 1583 1961 et
1605 1939 1685 1971 rogo
1711 1932 1881 1966 amanter,
1907 1932 1946 1960 ut
1969 1938 2026 1970 pro

217 1975 364 2007 Uranica
387 1980 501 2005 nostra
527 1975 675 2006 amicitia
700 1975 779 2006 mihi
804 1974 1013 2014 respondeas.
1064 1974 1167 2011 Vale,
1194 1974 1284 2011 vale,
1320 1974 1412 2012 vale,
1451 1976 1633 2017 iterumque
1659 1979 1694 2008 et
1716 1976 1834 2009 millies
1858 1976 1951 2013 vale,
1991 1979 2026 2007 et

216 2032 285 2054 rem
311 2022 564 2053 astronomicam
588 2031 686 2064 urge,
721 2022 929 2063 Martemque
956 2021 1103 2058 debella,
1139 2025 1176 2053 ut
1214 2031 1327 2053 omnes
1364 2026 1567 2064 cognoscant
1585 2026 1708 2055 (artem
1742 2027 1837 2056 tuam
1859 2031 2017 2065 superare

215 2069 360 2101 Martem
384 2069 546 2100 hactenus
571 2069 739 2100 invictum.
791 2068 927 2109 Raptim
953 2068 1101 2105 Ostelae‚
1127 2069 1252 2100 Frisiae
1277 2069 1358 2106 vico,
1387 2069 1418 2101 d.
1445 2068 1501 2101 10.
1527 2067 1620 2110 (20.)
1645 2070 1724 2102 Feb.
1753 2068 1858 2102 1605.

335 2116 613 2166 Keplerus:
648 2115 683 2155 O
716 2122 756 2155 te
790 2116 979 2155 miserum
1012 2121 1054 2155 et
1084 2116 1303 2155 infelicem!
1368 2115 1448 2162 Qui
1466 2122 1529 2158 tot
1554 2117 1642 2169 jam
1669 2117 1768 2158 meis
1788 2117 2023 2162 instructio-

217 2175 332 2215 nibus
365 2175 536 2214 nondum
570 2175 729 2214 liberari
761 2180 876 2226 potes
910 2188 934 2214 a
965 2180 1074 2214 metu
1106 2175 1350 2224 directionis,
1385 2176 1477 2228 quin
1510 2182 1553 2216 et
1583 2177 1775 2218 orandum
1797 2176 1871 2218 tibi
1890 2181 2022 2229 putas,

216 2247 264 2274 ne
298 2234 453 2273 animae
486 2239 641 2274 noceat.
703 2233 943 2274 Benefaciat
972 2234 1083 2273 Deus
1117 2239 1209 2273 tuae
1242 2233 1417 2283 animae,
1451 2239 1629 2275 ceterum
1659 2241 1704 2276 ut
1733 2235 1927 2289 impediat
1957 2235 2023 2276 di-

217 2292 449 2341 rectionem,
483 2305 531 2331 ne
564 2293 622 2331 illi
654 2298 812 2340 noceat,
847 2293 945 2332 nihil
977 2298 1042 2333 est
1071 2305 1250 2332 necesse.

334 2352 457 2391 Albe
474 2358 604 2398 rtus,
636 2351 827 2391 Austriae
854 2351 1074 2400 Archidux,
1110 2357 1227 2391 natus
1255 2357 1318 2391 est
1350 2351 1502 2391 oriente
1535 2348 1624 2392 22⁰
1653 2356 1719 2400 s,
1753 2350 1805 2403 Θ
1832 2353 1874 2393 in
1905 2349 1964 2394 0⁰
1983 2356 2023 2400 ,ὃ

217 2411 256 2450 in
279 2413 312 2458 00
339 2408 385 2461 ij,
420 2410 535 2450 Luna
555 2411 593 2450 in
622 2411 666 2450 11
689 2407 703 2428 ⁰
723 2411 771 2459 ὅ.
823 2410 1082 2462 Philippus
1109 2411 1183 2450 ΙΙΙ.
1216 2409 1438 2462 Hispaniae
1472 2423 1564 2459 reX,
1595 2423 1698 2451 anno
1720 2408 1788 2452 78.
1830 2409 1892 2451 14.
1914 2411 2016 2463 Apr.

217 2483 332 2509 mane
366 2470 404 2509 h.
427 2467 468 2509 2.
497 2467 566 2509 20¹
588 2469 766 2509 meridiei
798 2475 842 2508 ut
859 2470 1048 2521 Maginus
1080 2469 1316 2521 perscripsit
1342 2470 1394 2509 ad
1414 2469 1716 2521 Tengnaglium.
1776 2468 2022 2511 'Accidentia

218 2529 377 2580 privata
408 2528 558 2579 ignoro,
594 2529 754 2579 publica
786 2541 836 2567 ex
867 2528 1134 2568 monumentis
1165 2528 1336 2579 publicis
1369 2528 1455 2579 ipse
1487 2528 1654 2580 corrige.

313 2587 540 2619 Fabricius
570 2585 617 2626 (d.
646 2587 676 2618 2.
705 2584 793 2627 [12]
820 2585 933 2628 Apr.):
961 2586 1099 2628 Scripsit
1123 2587 1166 2618 ad
1190 2596 1243 2618 me
1267 2586 1318 2618 Jo.
1345 2586 1494 2623 Eriksen,
1520 2595 1556 2618 se
1579 2587 1744 2619 rationem
1767 2589 1802 2619 et
1827 2596 1947 2620 causas
1972 2588 2020 2620 di·

218 2635 400 2666 rectionum
425 2638 458 2665 et
483 2635 721 2674 profectionum
745 2635 919 2665 invenisse.
970 2633 1123 2665 Promisit
1146 2642 1224 2665 suas
1241 2634 1458 2676 cogitationes
1483 2633 1526 2665 ad
1542 2643 1595 2665 me
1617 2634 1759 2674 mittere,
1785 2634 1844 2667 sed
1859 2635 2023 2668 hactenus

217 2691 283 2712 uon
309 2682 397 2713 fecit.
450 2680 594 2719 Quaeso,
620 2685 657 2713 tu
683 2681 833 2717 adoleas.
861 2691 935 2713 cum
961 2682 1075 2718 sciam,
1102 2681 1162 2712 tibi
1186 2684 1267 2712 nota
1292 2690 1363 2712 esse
1387 2679 1472 2712 illius
1498 2681 1621 2713 omnia.

338 2725 613 2779 Keplerus:
669 2727 892 2768 Occasione
937 2741 1114 2768 mearum
1157 2727 1446 2778 cogitationum
1489 2727 1538 2767 de
1583 2728 1715 2768 causis
1759 2729 2020 2769 directionum

218 2786 398 2826 Joannes
431 2787 517 2837 ipse
551 2800 705 2840 quoque
739 2787 1020 2826 exstimulatus
1054 2787 1142 2835 fuit,
1175 2786 1416 2838 tandemque
1447 2782 1592 2837 εὕρηκα
1619 2788 1873 2829 exclamavit.
1934 2787 2018 2840 Ego

220 2858 314 2884 vero
345 2845 422 2896 ipsi
454 2847 687 2894 monstravi,
721 2846 862 2885 eadem
893 2845 1023 2897 ipsum
1051 2845 1230 2896 cogitare
1250 2857 1414 2885 mecum.
1477 2846 1605 2896 Igitur
1635 2859 1718 2886 rem
1746 2851 1874 2887 totam
1905 2847 1958 2887 ad
1978 2859 2016 2886 se

222 2904 438 2951 revocavit,
473 2904 689 2953 affirmans,
724 2917 766 2944 se
801 2900 1112 2944 nondum‘recte
1146 2903 1368 2955 explicasse
1403 2917 1477 2944 sua
1508 2905 1631 2944 animi
1651 2916 1785 2951 sensa,
1818 2905 2014 2946 delibera.-

221 2966 354 3001 turum
383 2962 562 3012 ulterius,
581 2963 794 3015 ‘quomodo
828 2963 1105 3014 explicandum
1125 2962 1180 3002 sit
1201 2963 1272 3001 hoc
1305 2975 1418 3002 suum
1437 2962 1655 3003 inventum.
1717 2964 1784 3004 Ita
1815 2964 2013 3017 negotium

221 3019 295 3058 hoc
328 3020 431 3059 inter
463 3033 535 3060 nos
569 3022 732 3074 quievit.
745 3018 778 3069 ⁷)
844 3021 1019 3062 Chartas
1039 3034 1149 3061 meas
1172 3034 1195 3060 a
1215 3021 1266 3060 D.
1290 3019 1450 3060 Schelio
1483 3026 1672 3073 acceptas
1702 3022 1751 3062 de
1783 3023 2010 3063 directioni-

222 3077 294 3115 bus
326 3078 421 3117 mihi
451 3079 624 3128 remitte,
659 3085 704 3119 ut
735 3080 820 3132 ipse
850 3093 922 3132 per
953 3080 1091 3120 literas
1123 3078 1218 3119 mihi
1250 3091 1293 3118 es
1323 3079 1526 3131 pollicitus
1560 3086 1600 3120 te
1630 3081 1842 3123 facturum.
1905 3080 2009 3128 Quat
