1982 3268
130 2870 145 2873 ,.
198 2848 293 2875 rum.
356 2837 491 2877 Tertia
523 2843 586 2877 est
614 2843 707 2878 tuus
738 2838 803 2877 ille
837 2843 994 2877 cometa
1014 2838 1220 2877 Venereus
1238 2834 1284 2883 ³).
1346 2836 1420 2875 His
1450 2835 1680 2888 praemissis
1712 2836 1791 2876 ad
1781 2849 1870 2889 ipsa
1887 2840 1942 2876 co'

205 119 256 162 10
984 124 1197 158 Prooemium.

199 228 469 270 Stadlerorum
499 235 798 283 praeceptorem
823 232 1210 272 commendaveram:
1239 231 1308 271 sed
1333 244 1417 272 cum
1438 232 1504 272 ille
1525 230 1856 285 imparatissimus
1875 235 1982 272 esset

201 290 250 328 ad
269 289 357 338 iter,
391 294 433 328 et
461 289 573 342 proin
605 290 1135 342 etiamsperturbatissimua
1170 296 1321 332 mutato
1354 290 1518 332 consilio
1548 291 1697 332 tradidi
1715 290 1874 332 famulo.
1906 289 1982 330 Est

200 355 330 388 autem
370 347 435 388 ille
477 361 586 389 meus
626 349 781 401 collega
818 350 1036 395 eruditione
1075 363 1198 404 aeque
1238 355 1355 403 atque
1395 363 1543 391 morum
1577 349 1828 403 praestantia
1864 361 1982 402 supra

198 413 416 448 ceterorum
447 408 646 448 hominum
679 414 842 448 sortem.
904 409 1098 449 Memoria
1127 409 1366 461 prodigiosa,
1398 423 1518 450 aurea
1550 409 1683 458 dictio,
1716 409 1830 450 varia
1849 408 1982 449 scien-

198 467 266 515 tia,
294 466 483 518 judicium
508 467 654 515 foelix3
688 468 759 507 sed
780 468 932 508 animus
952 469 1154 520 perpetuis
1175 469 1283 510 curis
1299 474 1429 520 aeger,
1460 468 1603 517 tristis,
1624 469 1805 521 simplex,
1825 467 1982 508 nimium

198 532 370 578 apertus.
435 526 588 573 Quibus
622 527 669 566 de
702 527 833 567 causis
866 540 938 579 ego
971 541 1141 577 moveor,
1174 533 1219 568 ut
1248 528 1321 568 tibi
1350 528 1538 580 privatim
1565 528 1751 578 scribam,
1776 527 1879 580 quod
1899 527 1982 567 for-

198 591 307 625 tasse
332 585 486 637 publice
519 586 698 626 interest.
765 587 911 626 Vester
947 587 1015 626 ille
1053 587 1241 627 Hetlerns
1279 587 1342 627 hic
1379 587 1417 627 in
1457 599 1608 628 summo
1645 587 1792 627 honore
1823 586 1982 627 habitus

199 649 281 684 est:
311 650 427 697 atque
454 645 493 685 id
525 658 646 698 opera
670 645 919 697 potissimum
940 645 1129 698 Speidelii
1159 647 1394 693 secretarii:
1428 647 1537 699 cujus
1568 646 1640 686 viri
1674 646 1754 693 (sui
1785 645 1879 686 olim
1907 657 1982 697 po-

195 704 364 755 pularis)
403 705 624 746 authoritas
665 705 722 745 illi
765 705 915 745 aditum
951 706 1144 757 patefecit
1182 706 1231 745 ad
1263 706 1500 758 praecipuae
1532 705 1754 746 nobilitatis
1792 704 1982 746 homines.

197 764 467 803 Veruntamen
498 769 707 816 postquam
739 764 805 804 ille
832 764 931 804 abiit
962 765 1075 812 hinc,
1109 765 1334 817 paedagogi
1361 765 1520 818 pristini
1551 765 1695 806 remoti
1726 764 1982 806 commisera-

196 823 300 863 tione
341 823 488 863 factum
526 829 606 873 est,
652 829 696 863 ut
731 824 830 864 haec
869 824 952 875 ejus
991 825 1216 876 negociatio
1256 825 1303 864 dc
1342 825 1548 877 discipulis
1579 824 1849 865 adsciscendis
1879 823 1982 864 male

197 882 330 922 audire
362 882 565 938 inceperit.
628 883 731 923 Nam
752 883 790 922 in
811 883 987 931 Austria,
1022 883 1159 936 Styria
1180 889 1219 923 et
1240 882 1449 924 Carinthia
1480 883 1655 936 suscepit
1684 884 1850 936 aliquos.
1895 883 1982 924 Ita-

196 954 269 993 que
301 941 359 981 ita
390 941 642 994 interpret-ari
676 948 890 994 coeperunt
921 943 1228 994 calumniatores
1262 943 1443 996 quidam:
1475 943 1589 996 quasi
1619 943 1724 995 ipse,
1756 947 1800 983 ut
1824 943 1982 994 profes-

195 1001 295 1040 soris
321 1000 435 1050 filius,
471 1001 521 1041 ad
553 1001 867 1053 amplificandam
895 1015 1007 1042 suam
1034 1002 1278 1042 academiam
1297 1002 1562 1052 descenderit,
1580 1002 1798 1043 auditores
1818 1001 1982 1055 conqui-

195 1059 332 1109 situm,
379 1073 542 1113 quorum
572 1061 706 1113 inopia
738 1061 854 1101 isthic
885 1062 1129 1114 premamini.
1190 1063 1278 1102 Huc
1320 1062 1493 1102 accessit
1530 1062 1656 1111 aliud,
1697 1062 1799 1114 quod
1830 1066 1982 1114 partem

194 1119 402 1167 nobilium,
446 1125 656 1172 perspecta
698 1121 945 1160 absurditate
977 1134 1127 1161 morum
1156 1121 1196 1161 in
1229 1121 1390 1162 obtruso
1421 1127 1679 1174 praeceptore
1713 1121 1824 1168 (nam
1853 1120 1982 1162 Ride-

194 1179 287 1219 lium
319 1179 504 1219 Hetlerus
538 1180 624 1231 ipse
657 1181 845 1232 suscepit,
874 1193 974 1220 novo
995 1181 1057 1220 hic
1079 1181 1290 1232 exemplo),
1324 1181 1527 1233 poenitere
1558 1181 1655 1221 facti
1685 1176 1848 1233 incepit.
1897 1180 1982 1221 Nec

194 1238 342 1287 dubito,
375 1239 451 1278 nisi
484 1239 631 1291 aliquid
663 1239 896 1279 authoritati
923 1239 1113 1291 Speidelii
1146 1239 1335 1288 dedisset,
1369 1245 1646 1280 revocaturum
1674 1239 1799 1280 fuisse
1829 1251 1982 1280 omnem

193 1302 454 1338 contractum.
515 1298 630 1339 Nunc
662 1304 861 1350 parentes,
896 1299 959 1352 qui
992 1305 1112 1339 antea
1143 1299 1204 1339 usi
1225 1304 1339 1339 erant
1369 1299 1526 1340 homine
1558 1299 1874 1361 elegantissimo,
1906 1311 1982 1339 no-

193 1357 293 1397 mine
338 1362 379 1397 et
416 1370 456 1396 re
502 1357 650 1398 urbano
696 1358 934 1409 (cujusmodi
971 1358 1130 1398 minime
1163 1363 1226 1398 est
1255 1358 1460 1405 Ridelius)
1501 1359 1540 1398 in
1579 1358 1753 1399 maxima
1789 1358 1854 1399 hic
1891 1362 1982 1399 sunt

196 1416 482 1460 sollicitudine,
516 1417 607 1469 quid
640 1418 687 1457 de
720 1418 794 1457 hac
826 1417 976 1458 lubrica
1006 1417 1255 1458 institutione
1286 1419 1457 1458 futurum
1482 1418 1548 1459 sit.
1611 1416 1728 1464 Quod
1759 1417 1793 1457 si
1825 1417 1982 1470 gravior

194 1475 327 1528 aliqua
360 1477 520 1528 querela
551 1481 620 1516 aut
652 1477 699 1516 de
730 1482 988 1529 praeceptore
1030 1477 1114 1529 (qui
1146 1477 1302 1517 minime
1341 1477 1435 1516 mihi
1474 1482 1590 1529 aptus
1621 1477 1779 1518 videtur
1818 1477 1868 1517 ad
1909 1477 1982 1518 hoc

193 1535 382 1584 officium)
416 1540 485 1575 aut
517 1536 564 1575 de
596 1536 765 1588 hospitis
790 1536 945 1576 Hetleri
976 1536 1195 1576 tenacitate
1223 1536 1346 1588 (quod
1376 1538 1527 1583 metuo)
1557 1536 1733 1582 existat:
1767 1540 1900 1576 actum
1920 1540 1982 1576 est

192 1594 254 1634 hic
288 1594 335 1634 de
368 1594 474 1634 fama
505 1595 745 1635 academiae.
810 1593 982 1641 Quidam
1014 1595 1115 1635 enim
1146 1607 1350 1646 procerum
1375 1595 1464 1636 odio
1492 1594 1711 1636 Suevorum
1739 1596 1982 1648 quorundam

193 1654 240 1693 de
272 1653 362 1705 ipsa
393 1654 515 1693 etiam
547 1654 753 1694 academia
784 1667 861 1694 non
892 1655 991 1694 bene
1025 1654 1212 1694 sentiunt.
1282 1653 1398 1701 Quod
1437 1655 1470 1694 si
1509 1660 1553 1695 tu
1592 1667 1821 1707 quacunque
1861 1654 1902 1694 in
1939 1667 1982 1696 re

191 1713 583 1765 vel.praeceptorem
619 1713 877 1762 admonendo,
909 1714 972 1754 vel
1005 1714 1121 1754 aliter
1150 1719 1355 1765 praestare
1388 1714 1480 1766 quid
1506 1718 1642 1766 potes:
1675 1714 1716 1754 id
1736 1726 1848 1754 omne
1868 1714 1982 1754 cedet

196 1772 234 1811 in
266 1772 454 1812 honorem
485 1773 724 1813 academiae.
787 1772 920 1812 Velim
948 1786 995 1812 ex
1016 1773 1197 1824 Zieglero
1224 1773 1358 1825 capiat
1387 1773 1518 1813 ideam
1542 1773 1813 1826 praeceptoris
1842 1772 1982 1825 hujus-

198 1830 315 1871 modi.
378 1831 507 1871 Venio
551 1832 671 1884 igitur
707 1832 758 1871 ad
789 1838 1041 1883 piaesentem
1073 1832 1316 1872 studiosum:
1350 1832 1413 1885 qui
1444 1833 1506 1872 hic
1533 1833 1698 1873 honeste
1730 1832 1842 1881 vixit,
1877 1837 1918 1872 et
1942 1832 1982 1872 in

199 1890 398 1930 exercitiis
432 1891 703 1939 scholasticis,
736 1892 971 1943 praesertim
1003 1891 1354 1932 declamationibus
1384 1891 1561 1944 poeticis
1584 1892 1746 1954 aliquot
1767 1891 1982 1944 specimina

200 1949 335 1989 edidit.
400 1948 499 1990 Cum
529 1949 650 2002 igitur
681 1951 731 1990 ad
762 1963 834 1990 vos
867 1951 1044 1999 accedat,
1079 1955 1265 2018 capturus
1297 1951 1515 1991 uberiorem
1541 1951 1740 2004 aliquem‘
1730 1950 1875 2003 ingenii
1895 1950 1982 1991 cul-

198 2013 301 2056 tum;
344 2009 525 2049 existimo
564 2022 639 2049 non
675 2010 877 2062 indignum
914 2023 1028 2054 esse,
1074 2010 1138 2061 qui
1176 2015 1243 2049 tuo
1283 2010 1416 2050 favore
1448 2010 1486 2050 in
1518 2010 1830 2062 promotionibus
1863 2014 1982 2062 atque

198 2068 417 2119 ubicunque
438 2068 532 2108 alibi
552 2069 791 2109 sublevetur.
855 2068 936 2109 Sed
968 2069 1018 2108 ad
1049 2081 1145 2108 rem.
1209 2067 1401 2109 Secundis
1421 2069 1549 2110 literis
1569 2069 1742 2122 promisi,
1775 2081 1836 2109 me
1855 2067 1982 2121 prima

200 2127 408 2167 occasione
451 2127 660 2168 missurum
691 2128 930 2179 integrum
963 2127 1249 2180 opusculum.
1311 2127 1434 2179 Atqui
1471 2129 1637 2169 necdum
1675 2128 1771 2169 illud
1805 2127 1982 2176 absolvi;

198 2186 351 2225 videbis
385 2187 487 2226 enim
517 2187 582 2226 ubi
614 2187 818 2227 haeream:
859 2193 900 2227 et
940 2187 1165 2239 insperatus
1199 2186 1323 2238 ipsius
1354 2187 1505 2227 Wurzii
1545 2187 1676 2228 abitus
1713 2192 1891 2239 tempore
1919 2198 1982 2238 me

199 2245 390 2294 excludit,
438 2246 662 2298 quominus,
706 2259 804 2298 quae
847 2247 1003 2298 scripsi,
1046 2246 1246 2297 descripta
1277 2247 1327 2286 ad
1349 2251 1397 2286 ‘te
1430 2246 1589 2287 mittere
1614 2246 1776 2299 possim.
1839 2244 1982 2302 Sumes}

198 2303 316 2355 igitur
348 2318 493 2351 eorum,
527 2318 626 2358 quae
658 2304 930 2358 ἀγεωμετρητα
961 2310 1065 2351 sunt,
1095 2306 1256 2344 brevem
1289 2318 1491 2345 summam.
1553 2306 1672 2346 Initio
1705 2306 1858 2359 aliquot
1887 2305 1982 2355 the-3

199 2363 304 2403 sibus
339 2364 385 2404 de
419 2363 552 2404 Sacris
586 2364 710 2404 literis
744 2377 840 2415 ago:
876 2371 916 2405 et
948 2366 1187 2411 demonstro,
1221 2365 1412 2415 quomodo
1446 2365 1561 2405 simul
1586 2370 1628 2405 et
1646 2365 1726 2406 illis
1745 2379 1817 2406 sua
1835 2363 1982 2415 autho-1}

198 2422 297 2462 ritas
329 2428 496 2471 constet,
531 2429 573 2462 et
603 2429 735 2463 tamen
770 2422 1022 2476 Copernicus‚
1058 2424 1090 2463 si
1125 2423 1240 2463 aliter
1272 2429 1538 2464 consentanea
1571 2425 1689 2478 dicat,
1723 2437 1773 2464 ex
1802 2423 1882 2464 illis
1915 2435 1956 2463 re

198 2481 317 2521 futari
347 2495 423 2522 non
455 2482 596 2533 possit.
658 2483 812 2523 Deinde
845 2488 927 2523 tres
961 2484 1080 2523 affero
1113 2482 1302 2530 rationes,
1335 2482 1473 2535 quibus
1499 2488 1630 2524 motus
1650 2495 1806 2536 semper
1826 2481 1966 2535 copes

197 2541 283 2580 nico
316 2541 574 2582 adhaeserim.
636 2542 771 2582 Prima
808 2548 871 2582 est
909 2542 1198 2582 astronomica:
1241 2542 1305 2582 ubi
1338 2542 1416 2582 illis
1447 2542 1690 2597 respondeo,
1736 2542 1801 2594 qui
1832 2541 1948 2583 dicun

198 2612 246 2639 ex
279 2601 379 2640 falso
410 2601 606 2641 interdum
638 2601 749 2653 sequi
781 2614 934 2642 verum:
967 2601 1087 2653 igitu1
1118 2601 1200 2640 fieri
1233 2614 1363 2653 posse,
1396 2606 1441 2640 ut
1472 2600 1713 2652 Copernicus
1745 2601 1931 2653 falsnmp

197 2664 284 2708 nat,
325 2660 401 2700 etsi
434 2674 482 2700 ex
512 2660 579 2700 illo
612 2673 746 2700 verum
776 2661 1037 2712 pulcherrime
1071 2660 1329 2700 demonstret.
1391 2659 1476 2711 Ego
1510 2659 1671 2711 negavi,
1704 2659 1779 2700 hoc
1810 2659 1868 2700 ita
1897 2659 1951 2699 fi‘

198 2730 327 2769 posse
390 2719 532 2759 Altera
563 2724 626 2759 est
655 2719 830 2772 physica,
865 2719 929 2758 ubi
960 2719 1161 2770 promitto,
1194 2732 1254 2759 me
1286 2723 1412 2758 totam
1436 2718 1579 2758 molem
1599 2718 1876 2771 hypothesium
1896 2708 1954 2762 Co

197 2777 493 2827 pernicanarum
526 2791 574 2818 ex
606 2784 770 2818 naturae
803 2779 975 2818 fontibus
1009 2779 1123 2828 longe
1156 2779 1302 2818 rectius
1334 2783 1452 2829 atque
1490 2778 1749 2825 contrarium,
1790 2777 1956 2818 defensa

198 2906 293 2945 pora
325 2896 481 2935 accedo.
547 2895 774 2949 syllogismi
807 2897 1004 2949 generalis
1038 2896 1141 2936 idem
1182 2895 1335 2948 quidem
1372 2894 1584 2942 intentum,
1630 2895 1702 2935 sed
1741 2895 1859 2948 paulo
1898 2894 1950 2938 al,

204 2953 336 3001 verba,
371 2966 486 3005 quam
511 2955 596 3006 jam
627 2956 748 3006 leges.
812 2955 1016 3004 Videmus,
1050 2955 1176 2995 Deum
1208 2966 1364 2993 creasse
1396 2966 1560 3005 corpora
1591 2954 1786 2994 mundana
1817 2953 1868 2993 ad
1887 2966 1931 3001 ce

198 3017 280 3051 tum
312 3024 524 3052 numerum.
586 3014 780 3054 Numerus
821 3020 951 3054 autem
991 3020 1054 3053 est
1091 3012 1326 3065 quantitatis
1358 3012 1562 3060 accidens,
1606 3025 1787 3052 numerus
1819 3012 1938 3065 inqua

201 3070 237 3110 in
271 3071 426 3110 mundo.
489 3072 591 3110 Nam
624 3078 716 3111 ante
749 3074 932 3113 mundum
964 3073 1091 3113 nullus
1124 3077 1211 3110 erat
1229 3083 1410 3111 numerus
1431 3076 1590 3122 praeter
1609 3071 1842 3120 trinitatem,
1876 3083 1926 3124 qu

201 3134 262 3169 est
293 3129 376 3183 ipse
410 3129 531 3170 Deus.
595 3128 725 3177 Quare
771 3131 803 3170 si
849 3132 898 3171 ad
937 3142 1182 3172 numerorum
1219 3142 1440 3171 mensuram
1477 3136 1540 3170 est
1577 3130 1757 3173 conditus
1798 3128 1921 3173 mund'
