1982 3268
588 861 1254 929 PROOEMIUM.

151 1124 291 1216 Quem
330 1156 371 1198 in
415 1158 647 1211 colligendis
686 1158 851 1212 Kepleri
893 1159 1076 1212 operibus
1121 1158 1290 1212 primum
1334 1158 1372 1199 in
1418 1158 1547 1199 lucem
1590 1158 1818 1200 vocavimus

36 1225 224 1276 libellum,
255 1232 320 1268 est
348 1228 416 1269 ille
447 1229 602 1283 quidem
632 1243 658 1270 a
681 1209 828 1282 juvene
858 1230 1120 1283 conscriptus,
1152 1231 1362 1283 multisque
1395 1229 1494 1277 locis
1524 1229 1641 1282 signa
1670 1229 1819 1281 ingenii

35 1297 211 1339 nondum
234 1299 479 1340 corroborati
509 1301 657 1341 refert:
699 1306 744 1342 at
773 1301 912 1341 eodem
942 1306 983 1341 et
1013 1301 1141 1350 illius,
1181 1314 1256 1355 qno
1287 1301 1535 1353 conscriptus
1566 1306 1648 1350 est,
1680 1300 1818 1350 seculi,

34 1373 78 1409 et
105 1369 280 1410 auctoris
310 1370 432 1423 ipsius
456 1371 604 1423 ingenii
627 1371 811 1425 vitaeque
831 1372 1033 1412 acerrimis
1059 1371 1382 1425 gravissimisque
1406 1371 1549 1412 studiis
1575 1371 1820 1412 exercitatae

34 1442 79 1480 et
105 1439 338 1481 nobilitatae
363 1441 609 1483 verissimam
634 1443 845 1496 imaginem
868 1443 1064 1484 intuemur
1082 1456 1325 1496 expressam,
1358 1443 1476 1496 quid?
1507 1443 1646 1483 eodem
1670 1442 1818 1491 libello,

35 1514 225 1564 tanquam
252 1524 281 1551 a
309 1511 437 1562 fonte,
467 1512 691 1565 posteriora
720 1527 841 1566 opera
871 1514 930 1554 ita
959 1519 1052 1554 sunt
1083 1514 1282 1563 derivata,
1314 1519 1376 1559 ut,
1415 1528 1441 1554 a
1471 1526 1547 1567 quo
1578 1513 1820 1554 edendorum

30 1578 198 1632 Kepleri
227 1593 388 1634 operum
417 1583 596 1624 ordinem
632 1584 894 1636 auspicemur,
936 1584 999 1625 hic
1039 1584 1126 1637 ipse
1164 1584 1322 1624 libellus
1358 1584 1542 1625 videatur
1571 1583 1818 1637 aptissimus.

35 1649 291 1704 Quantopere
319 1653 425 1693 enim
455 1666 566 1694 mens
596 1654 768 1695 humana
798 1655 1058 1702 contenderit,
1088 1661 1144 1703 ut,
1178 1655 1318 1708 quibus
1343 1654 1564 1696 constricta
1593 1654 1819 1702 tenebatur,

34 1721 193 1764 vincula
222 1723 433 1776 frangeret,
466 1738 603 1766 recens
633 1731 750 1778 parta
780 1730 957 1767 tueretur
986 1731 1029 1767 et
1059 1731 1256 1774 servaret,
1284 1725 1407 1778 jactis
1439 1725 1708 1766 fundamentis
1739 1724 1821 1772 alia

8 1822 10 1824 -
36 1797 339 1845 superstrueret,
371 1800 468 1853 quot
486 1796 718 1850 quantisque
739 1809 832 1837 vero
851 1810 939 1837 cum
963 1797 1263 1838 difficultatibus
1293 1797 1415 1837 menti
1448 1797 1500 1836 ad
1530 1796 1696 1836 meliora
1725 1801 1819 1836 ten-

37 1862 150 1904 denti
178 1864 296 1905 fuerit
325 1866 648 1916 conflictandum,
687 1880 803 1921 quum
833 1868 955 1908 seculi
987 1867 1130 1909 decimi
1160 1868 1265 1908 sexti
1294 1867 1523 1908 memoriam
1553 1866 1821 1908 recolentibus

37 1940 242 1987 appareat,
272 1940 356 1977 tum
386 1950 436 1977 ex
465 1937 630 1990 singulis
657 1938 774 1991 hujus
798 1939 923 1980 libelli
940 1939 1112 1991 plagulis
1138 1939 1281 1980 elucet.
1329 1938 1622 1979 Dominabatur
1641 1938 1723 1978 fere
1742 1950 1822 1978 una

36 2004 78 2045 in
106 2005 254 2047 scholis
287 2007 539 2060 philosophia
567 2009 851 2059 Aristotelica‚
888 2015 1150 2062 perangusto,
1188 2009 1230 2050 in
1267 2021 1381 2062 quem
1419 2014 1690 2058 excurrerent,
1730 2008 1820 2049 aliis

37 2083 176 2130 campo
206 2090 418 2127 concesso3
458 2085 618 2132 praeter
646 2093 795 2133 paucos
824 2080 951 2129 viros,
990 2080 1055 2132 qui
1086 2093 1157 2120 suo
1188 2080 1432 2121 confiderent
1460 2079 1638 2132 ingenio,
1680 2078 1822 2133 reliqui

38 2158 173 2188 omnes
202 2148 321 2190 alieni
350 2156 466 2191 erant
495 2150 664 2191 arbitrii.
713 2151 758 2191 In
790 2152 1085 2201 mathematica,
1117 2151 1194 2192 nisi
1224 2151 1274 2191 ab
1305 2151 1471 2191 Euclide
1503 2156 1545 2191 et
1562 2150 1819 2198 Archimede,

38 2216 138 2258 nihil
153 2219 391 2271 suppetebat
409 2220 567 2269 auxilii;
593 2221 820 2273 algebraica
845 2222 947 2262 ratio
965 2234 1107 2275 parum
1126 2222 1254 2262 adhuc
1282 2223 1391 2263 culta
1411 2234 1501 2263 raro
1521 2222 1560 2262 in
1580 2221 1822 2274 geometriae

38 2299 152 2328 usum
169 2288 496 2340 transferebatur,
527 2291 765 2343 logarithmi,
798 2304 873 2344 quo
894 2304 971 2331 non
991 2292 1131 2332 melius
1151 2291 1352 2332 inventum
1379 2297 1444 2331 est
1466 2291 1519 2331 ad
1546 2291 1822 2331 subducendos

39 2358 212 2400 calculos
230 2359 430 2409 auxilium,
460 2361 632 2400 nondum
652 2361 690 2400 in
709 2368 863 2413 promtu
886 2367 1021 2410 erant3
1054 2363 1296 2414 geometrica
1318 2362 1474 2402 ratione
1499 2374 1618 2413 aegre
1652 2374 1822 2414 quaere-

38 2428 201 2480 bantur,
242 2443 343 2483 quae
373 2429 511 2471 lustris
541 2431 691 2483 aliquot
718 2438 812 2486 post
841 2433 908 2472 via
938 2433 1232 2485 compendiaria
1262 2433 1386 2473 oculis
1417 2437 1459 2472 et
1491 2432 1673 2472 manibus
1704 2437 1821 2471 tene-

0 2499 197 2559 ·},banmr.
261 2500 307 2540 In
345 2501 588 2541 astronomia
622 2514 720 2542 unus
757 2502 992 2543 laudabatur
1027 2503 1304 2551 Ptolemaeus,
1348 2516 1420 2543 nec
1462 2502 1540 2542 nisi
1583 2502 1699 2554 pauci
1737 2515 1823 2542 cum

3 2563 30 2619 3,
33 2567 259 2623 Copernico
279 2570 411 2632 facere
430 2571 641 2612 audebant.
691 2572 948 2625 Astrologiae
969 2577 1102 2613 autem
1126 2573 1166 2613 in
1191 2573 1426 2614 servitutem
1455 2573 1515 2612 ita
1547 2578 1707 2612 asserta
1736 2577 1825 2612 erat

4 2632 300 2752 {astronomia
334 2646 397 2692 ut,
435 2641 576 2695 quibus
606 2643 708 2683 hanc
738 2643 904 2683 docendi
933 2656 1071 2683 munus
1107 2643 1263 2696 publice
1299 2643 1531 2683 mandatum
1569 2645 1675 2692 erat,
1714 2642 1824 2683 illam

26 2711 267 2764 *impugnare
296 2712 411 2752 nefas
443 2718 562 2754 esset.

159 2780 311 2828 Quibus
342 2782 391 2822 de
421 2783 552 2824 causis
582 2783 623 2824 in
651 2783 881 2836 disciplinis,
914 2797 1012 2837 quas
1038 2784 1220 2832 diximus,
1254 2783 1287 2823 si
1315 2783 1406 2835 quid
1438 2783 1529 2823 novi
1560 2788 1672 2823 esset
1702 2796 1823 2824 exco-

36 2851 223 2906 gitatum,
253 2853 296 2893 id
323 2853 364 2904 jn
394 2867 507 2894 suam
533 2867 614 2895 rem
634 2860 789 2894 vertere
810 2860 852 2894 et
870 2866 1027 2906 augere,
1060 2855 1095 2893 si
1126 2854 1219 2906 quid
1250 2858 1359 2893 esset
1389 2853 1590 2900 vitiosum,
1621 2853 1663 2894 id
1689 2866 1824 2894 emen-

30 2919 148 2972 dare,
180 2923 450 2964 difficillimum
479 2924 602 2964 fuisse
626 2925 759 2965 seculo
778 2924 917 2964 XVI
906 2924 1074 2976 mgeniis
1102 2925 1154 2963 ad
1185 2924 1350 2964 meliora
1379 2924 1609 2973 nitentibus,
1642 2929 1823 2976 apparet.

152 2993 276 3034 habet
304 3007 415 3034 mens
445 3000 584 3036 nostra
599 3001 750 3037 natura
774 2995 939 3035 sublime
960 2995 1144 3047 quiddam
1163 3000 1205 3035 et
1233 3001 1419 3043 erectum,
1452 3002 1496 3034 ut
1523 2995 1825 3035 difficultatibus

49 3060 57 3110 ³.
87 3062 209 3115 jectis
238 3076 316 3104 non
346 3064 560 3118 affligatur,
593 3065 664 3106 sed
694 3071 831 3106 contra
860 3065 1012 3106 nitendi
1044 3065 1252 3106 alacritate
1276 3066 1523 3114 incendatur,
1555 3070 1614 3105 ut'
1630 3065 1827 3105 destituta

5 3147 8 3150 <
50 3141 59 3160 ·.
134 3131 251 3164 muri
267 3132 398 3164 orer-1.
1528 3135 1542 3166 1
