2028 3242
815 69 926 104 Nom
951 71 1104 104 editoris.
1782 68 1865 115 661

66 182 216 218 mm
232 181 420 220 :appar-tuno
444 177 644 218 accepimus.
692 175 803 208 Trium
826 175 899 208 loco
924 186 987 220 ego
1012 176 1100 209 solus
1138 175 1254 219 (atque
1287 177 1415 209 utinam
1446 186 1512 209 non
1537 175 1639 218 solus)
1675 176 1868 218 respondeo.

67 224 112 258 Et
132 233 274 265 m
297 223 429 267 quidem
453 223 532 256 clar.
557 223 662 255 nostri
683 222 727 255 D.
754 223 956 266 Berneggeri
980 216 1135 259 nomine,
1173 224 1227 265 qui
1257 223 1341 256 baec
1378 223 1439 256 tibi
1462 232 1522 265 per
1544 233 1598 256 me
1621 223 1756 256 rescribi
1779 223 1870 256 vult·

65 273 136 313 ipae
161 271 248 306 ni-
268 271 463 314 gravissimo
497 271 615 311 capitis
641 269 764 302 affectu
803 268 899 312 (proh
924 269 1014 302 dolor
1027 268 1052 309 ')
1087 269 1263 312 implicitus
1299 279 1366 302 non
1389 273 1510 312 potest·
1558 269 1652 303 Deus
1677 279 1738 304 sua
1760 271 1871 313 gratia

65 317 202 360 ρήίᾶιιο
226 326 303 352 oum
326 318 432 350 robori
456 318 640 354 restituere,
666 320 704 348 ut
729 317 846 358 coepit,
872 322 991 360 pergat
994 339 1177 349 ......
1217 316 1260 349 D.
1289 316 1511 360 Gringalletus
1536 317 1677 349 salutem
1701 320 1736 349 et
1760 316 1871 350 officia

66 373 130 399 aa
149 365 370 407 por-ussum
394 365 453 396 tibi
477 373 535 406 per
557 373 611 396 me
635 365 784 396 nunciati
809 365 915 404 petiit,
941 374 1040 406 seque
1066 373 1107 396 ea
1130 363 1328 400 conditione,
1354 373 1452 406 quam
1468 364 1528 406 ipsi
1546 363 1702 398 obtulisti.
1727 364 1870 396 maxime

65 419 140 444 ene
162 414 354 445 οοιιιοιιιιιιιι
377 411 458 450 dicit
482 414 516 444 et
540 410 584 442 ad
619 414 765 442 nostrum
789 409 919 442 Pascha
943 410 1015 443 Deo
1041 410 1170 443 volente
1194 410 1346 443 Lincium
1371 420 1407 443 se
1432 411 1588 443 conseret.
1638 410 1784 443 Habebis
1808 410 1867 443 ho·

65 457 187 492 Ιιίιιαιι
209 461 248 491 ιιι
270 467 365 500 spero
389 457 580 502 diligentem
605 461 639 490 et
663 457 795 490 doctum
818 457 1014 499 negotioque
1039 460 1106 496 tuo,
1131 457 1165 489 in
1190 467 1252 498 quo
1277 457 1427 494 versaris,
1452 467 1519 489 non
1543 457 1702 490 inutilem.
1722 481 1730 489 .
1751 481 1758 488 .
1779 481 1788 489 .

183 527 193 536 .
219 528 228 536 .
254 528 263 536 .
289 505 365 538 Hoc
386 505 492 542 doleo,
516 514 570 537 me
594 503 760 545 exemplar
782 504 830 536 tui
854 503 1059 546 Prognostici
1083 514 1149 536 non
1173 503 1304 537 habere.
1345 503 1444 541 Nam,
1469 504 1556 547 quod
1579 504 1692 536 scribis
1716 504 1867 537 sufficere

65 551 159 584 nobis
181 551 280 591 istud,
304 551 391 594 quod
413 553 540 588 misisti.
564 561 631 583 non
655 550 791 582 sufficit:
816 560 883 582 non
907 551 994 583 enim
1019 552 1100 583 satis
1126 556 1176 584 est
1197 551 1275 583 mihi
1299 551 1400 584 semel
1425 555 1485 583 tua
1501 551 1632 594 legisse,
1658 551 1717 584 sed
1733 548 1866 594 saepius

65 598 232 642 W·-
255 602 292 632 et
311 598 490 632 identidem
515 606 557 631 ea
580 602 739 639 tanquam
764 598 941 640 imaginem
966 602 1059 630 ιιιιιιι
1082 598 1271 640 inspexisse.
1309 597 1420 637 Quare
1444 597 1520 630 huic
1544 597 1716 630 tabellario
1742 602 1866 635 nostro,

65 645 94 678 d
115 644 229 684 vol-s,
265 645 435 688 amplas
455 644 536 678 mihi
560 644 761 677 reddendum
785 645 882 685 probe
908 644 1115 677 convolutum
1138 644 1269 677 tradere
1292 645 1432 688 poteris;
1471 653 1493 677 a
1516 654 1592 682 me,
1625 645 1681 676 ubi
1706 645 1864 682 attulerit,

64 690 249 726 wod-
285 692 436 735 accipiet.
462 707 509 714 —
532 692 738 734 Argentinae
775 690 963 723 Calendarii
998 691 1047 723 tui
1081 691 1280 733 exemplaria
1313 691 1425 733 procul
1462 691 1560 724 dubio
1592 691 1699 724 multa
1732 695 1869 733 possent

64 739 185 778 rodi.
222 739 252 772 si
274 738 448 778 adessent,
486 743 520 771 et
543 742 670 771 nostros
694 737 882 779 bibliopolas
906 738 1049 779 proxime
1074 739 1189 771 futuris
1213 738 1542 771 Frankofurtensibus
1576 738 1754 776 nundinis,
1791 748 1865 771 cum

66 786 161 819 nacti
182 785 326 830 laudnt,
360 789 541 819 eoeneum
578 786 645 818 scio
682 790 716 817 et
741 784 905 826 duplicato
930 786 1033 826 pretio
1057 785 1111 818 hic
1135 786 1343 823 vendituros3
1380 786 1407 817 is
1432 794 1542 817 eorum
1566 792 1659 822 mos,
1696 788 1735 817 nt
1756 786 1869 818 'omnia

66 836 128 866 ιιιι
160 827 285 875 scripta
320 833 449 866 euim
482 831 723 874 praetendant.
761 841 821 868 eo.
857 832 943 874 quod
978 833 1048 874 ipse
1082 833 1217 875 propu'is
1246 833 1402 875 pleraque
1436 831 1595 864 sumtibus
1620 831 1736 865 excudi
1761 841 1865 865 cures.

66 877 112 919 (Ε
133 869 238 913 litoris
260 876 294 912 d.
319 877 382 912 m.
406 878 493 912 Non.
519 880 620 912 Μιιι.
648 875 768 917 1617).

182 936 332 973 Eandem
355 947 453 981 quam
485 947 584 980 supra
619 937 829 981 Berneggero
865 937 964 970 refert
999 946 1154 979 causam,
1190 947 1248 971 cnr
1285 937 1484 971 Calendaria
1516 937 1719 970 conscribere
1761 936 1868 971 denuo

67 988 245 1033 inceperit,
280 990 466 1034 perscripsit
487 989 651 1032 Keplerus
675 990 707 1023 J.
733 989 779 1022 M.
806 989 1080 1030 Wackherio,
1111 991 1315 1032 imperatoris
1354 989 1518 1024 Matthiae
1558 1000 1581 1023 a
1611 991 1764 1024 consiliis.
1819 987 1871 1022 Ut

66 1039 231 1087 primum,
260 1037 387 1085 inquit,
415 1039 543 1085 Praga
570 1039 711 1074 domum
738 1038 827 1074 redii
857 1034 997 1081 (mense
1018 1038 1108 1084 Maji
1132 1036 1261 1083 1617),
1292 1041 1337 1074 ad
1366 1039 1590 1074 Tabularum
1617 1043 1657 1074 et
1682 1039 1865 1085 Epheme-

65 1092 182 1128 ridum
209 1103 300 1139 opus
327 1091 440 1133 redii,
470 1095 583 1138 utque
612 1099 750 1126 sumtus
780 1093 825 1126 ad
852 1092 1113 1136 Ephemerides
1142 1093 1293 1127 duorum
1320 1102 1495 1127 annorum
1521 1092 1756 1137 expedirem,
1793 1092 1866 1127 vile

68 1143 430 1181 cuendsriuin'mm
457 1145 698 1191 Prognostico
739 1145 890 1190 scripsi,
934 1146 1027 1191 quod
1068 1145 1180 1190 paulo
1209 1146 1398 1180 admodum
1425 1144 1615 1179 honestius
1643 1148 1721 1186 est,
1759 1155 1867 1191 quam

67 1197 292 1235 mendicare:
323 1197 391 1233 nisi
419 1199 514 1244 quod
542 1197 594 1231 sic
621 1197 748 1232 honori
777 1197 947 1232 Caesaris
976 1197 1174 1243 parcitum,
1205 1197 1264 1244 qui
1292 1209 1349 1233 me
1378 1198 1413 1233 ιιι
1442 1197 1595 1232 solidum
1622 1198 1782 1239 deserit,
1825 1202 1868 1232 ιιι

66 1262 135 1298 per
172 1249 288 1297 ipsius
322 1251 499 1286 mandata
535 1250 757 1291 cameralia,
800 1250 1031 1296 quantumvis
1060 1251 1190 1286 crebra
1217 1255 1256 1285 et
1283 1251 1465 1292 recentia,
1503 1250 1588 1285 mihi
1625 1251 1719 1285 fame
1746 1249 1867 1296 perire

184 1353 427 1394 Cdo-darium,
451 1354 538 1396 quod
561 1354 683 1395 priores
711 1353 864 1386 exhibent
888 1355 1043 1397 paginae,
1069 1354 1112 1386 ad
1135 1362 1239 1386 annos
1263 1351 1355 1385 1618
1373 1358 1406 1386 et
1428 1352 1515 1386 1619
1533 1353 1665 1386 diversis
1682 1355 1868 1388 confectmn

67 1411 141 1436 etue
163 1401 382 1456 morib-us,
420 1409 519 1442 supra
555 1401 715 1438 diximus,
752 1401 922 1444 idemque
937 1401 1056 1443 probat
1092 1402 1160 1442 ipse
1196 1401 1383 1442 adspectus.
1434 1401 1506 1441 Quo
1530 1411 1606 1433 vero
1631 1404 1777 1456 tempore
1801 1402 1867 1433 sin-

67 1448 168 1492 gulae
204 1448 408 1489 eomaiptae
439 1448 505 1487 sint
528 1452 661 1489 partes,
698 1453 807 1480 utrum
841 1449 924 1480 forte
949 1448 1184 1480 calendarium
1220 1447 1262 1479 ad
1297 1456 1420 1479 annum
1445 1445 1536 1479 1618
1560 1449 1694 1481 seorsim
1719 1447 1868 1484 ediderit,

68 1498 251 1538 posteaque
273 1494 352 1528 illud
377 1494 563 1536 adiunxerit
585 1495 632 1526 ini
657 1495 701 1527 ad
726 1504 849 1527 annum
877 1493 967 1527 1619
993 1505 1058 1527 non
1082 1494 1180 1550 plane
1214 1498 1354 1526 constat.
1404 1493 1585 1537 Sequentes
1610 1495 1869 1539 Gringalleti

67 1542 208 1579 literae.
237 1541 342 1584 pridie
367 1540 439 1574 Cal.
466 1540 548 1573 Nov.
576 1539 667 1572 1617
693 1542 737 1574 ad
760 1542 940 1583 Keplerum
965 1542 1085 1578 datae,
1110 1542 1248 1583 priorem
1272 1541 1463 1574 confirmare
1486 1542 1638 1574 videntur
1659 1542 1869 1575 sententiam.

191 1587 323 1623 Clariss-
348 1591 384 1621 et
406 1587 529 1620 Excell-
558 1587 624 1620 Vir.
674 1588 775 1620 Dubii
800 1589 928 1630 quidem
953 1599 1081 1626 sumus,
1119 1588 1278 1631 quomodo
1313 1588 1426 1620 literas
1452 1588 1496 1621 ad
1519 1592 1553 1620 te
1579 1592 1668 1621 certo
1692 1588 1772 1621 dare
1795 1597 1869 1630 pos-

54 1635 181 1674 ,sim
209 1645 285 1668 cum
309 1635 408 1667 lixam
432 1644 498 1666 non
522 1635 646 1667 habeas
671 1635 790 1668 alicubi
814 1636 1002 1674 stationem,
1027 1645 1089 1668 nec
1114 1636 1267 1674 sciamus,
1293 1634 1336 1667 ad
1360 1644 1456 1677 quem
1481 1645 1539 1668 eas
1557 1634 1771 1668 Canstadium
1794 1636 1869 1667 mit-

70 1687 142 1717 tere
165 1681 216 1714 vel
242 1682 471 1714 commendare
496 1691 664 1723 queamus.
714 1681 893 1723 (Keplerus
928 1683 1022 1714 initio
1057 1683 1178 1714 mensis
1209 1682 1358 1714 Octobris
1383 1681 1599 1714 Ratisbouam
1635 1682 1678 1714 ad
1714 1691 1872 1725 generum

71 1729 256 1771 profectus.
286 1728 363 1760 inde
386 1732 610 1782 transgressus
636 1732 684 1760 est
710 1729 744 1760 in
769 1729 1101 1772 Wiirttembergiam,
1136 1729 1190 1760 ubi
1215 1738 1317 1772 usque
1342 1729 1385 1760 ad
1410 1728 1627 1762 Decembrem
1652 1726 1871 1769 versabatur).

74 1775 251 1808 Consilium
275 1775 386 1817 itaque
410 1775 561 1812 iniimus,
600 1779 637 1807 nt
662 1774 878 1808 Canstadium
903 1776 1034 1818 quidem
1058 1786 1116 1818 per
1140 1775 1263 1808 celeres
1287 1776 1475 1815 mittantur,
1513 1775 1590 1808 inde
1615 1775 1804 1818 Tubingam
1828 1774 1876 1809 ad

73 1821 117 1855 D.
141 1820 356 1855 Haestlinum
380 1821 430 1853 vel
456 1821 498 1853 D.
525 1821 738 1854 Besoldum..
759 1845 766 1853 .
787 1846 795 1854 .

245 1868 383 1900 ‚Tertio
401 1877 420 1900 a
438 1868 584 1900 discessu
599 1872 655 1900 tuo
674 1869 725 1901 die
743 1869 862 1902 tradidi
879 1869 1080 1912 typographo
1095 1868 1140 1901 60
1152 1868 1321 1903 duodenas
1335 1868 1612 1907 calendariormn,
1626 1866 1672 1900 40
1687 1868 1872 1912 ligatorum.

74 1915 192 1958 partim
217 1915 437 1953 rescissorum,
462 1916 581 1956 partim
605 1917 816 1958 integrorum,
843 1920 877 1948 et
901 1915 949 1947 20
971 1926 1036 1948 non
1059 1916 1244 1959 ligatorum.
1295 1915 1475 1957 Supersunt
1500 1917 1593 1948 nobis
1619 1915 1725 1948 adhuc
1751 1915 1874 1957 aliquot

74 1963 246 1996 duodenae
269 1962 467 2017 ligatorum,
506 1966 540 1994 et
576 1963 837 2004 sesquiduodena
860 1963 932 2004 plus
956 1964 1063 1995 minus
1087 1973 1152 1995 non
1179 1966 1432 2004 compactorum.
1483 1963 1618 2014 Propter
1654 1962 1789 1994 chartae
1815 1961 1871 1994 de-

73 2010 196 2042 iectum
219 2018 286 2042 non
310 2009 493 2051 pergimus·
530 2009 629 2041 habui
665 2015 777 2041 tamen
810 2012 880 2050 Jam
905 2011 1063 2052 probam,
1098 2010 1147 2042 vel
1184 2011 1320 2042 formam
1345 2019 1456 2049 unam,
1482 2019 1567 2052 quae
1587 2007 1681 2050 j'acet
1703 2018 1806 2051 usque
1831 2009 1874 2041 ad

74 2055 212 2089 chame
235 2056 423 2090 adventum.
461 2055 496 2088 Si
522 2057 685 2088 scivissem
710 2057 768 2088 tibi
789 2058 855 2088 non
879 2057 978 2089 fuisse
1000 2058 1176 2099 ingratum,
1202 2056 1333 2096 Styram
1354 2066 1407 2088 me
1425 2057 1633 2089 contulissem
1649 2055 1874 2098 procurandae

75 2097 213 2136 chartae
237 2112 350 2139 causa,
376 2111 462 2144 quae
486 2103 513 2134 si
538 2104 603 2134 cito
628 2113 692 2135 non
717 2104 878 2139 mittatur,
903 2114 1025 2140 vereor,
1051 2109 1098 2140 ut,
1122 2105 1177 2136 ubi
1200 2103 1347 2139 redieris,
1371 2103 1451 2135 nihil
1477 2105 1645 2145 inceptum
1660 2103 1803 2135 futurum
1820 2103 1872 2134 sit.

75 2149 174 2189 Quod
189 2150 341 2192 Augusta
354 2150 485 2181 mittere
510 2150 678 2188 deliberes,
704 2151 737 2182 id
762 2151 900 2182 fortasse
920 2159 1198 2192 supervacaneum
1224 2151 1296 2187 erit,
1322 2159 1395 2182 cum
1420 2151 1549 2183 interea
1571 2150 1674 2192 possit
1691 2149 1790 2191 Styra
1814 2149 1874 2182 ad

73 2196 157 2228 vehi.
205 2196 310 2230 Nemo
334 2200 507 2238 praeterea
530 2197 581 2228 vel
607 2196 803 2229 calendaria
827 2198 879 2229 vel
905 2198 1134 2239 Ephemerides
1157 2198 1264 2238 petiit.
1291 2212 1337 2218 —

194 2255 299 2287 Ann'u
322 2255 466 2296 proxime
491 2256 701 2296 sequentibus
726 2253 946 2294 (1620-23)
971 2255 1062 2287 nulla
1086 2257 1214 2296 scripsit
1230 2255 1393 2296 Keplerus
1411 2246 1620 2292 c‘alendaria,
1646 2255 1731 2296 quod
1747 2258 1873 2288 testan-

74 2311 129 2340 tur
151 2307 235 2340 baec
259 2308 359 2349 ipsius
383 2308 502 2339 verba:
541 2304 629 2338 Cum
658 2304 719 2339 24.
747 2304 820 2337 Jul.
854 2303 965 2338 1620.
994 2305 1161 2338 Batavus
1190 2308 1406 2348 occupasset
1423 2303 1598 2344 Lincium‚
1627 2303 1711 2348 ipsa
1739 2300 1876 2347 (mater

75 2352 248 2400 Kepleri)
278 2356 313 2402 5.
332 2357 494 2402 Augusti
522 2362 606 2401 post
634 2357 670 2390 in
699 2356 901 2390 custodiam
929 2358 1018 2391 data
1046 2360 1084 2390 et
1110 2357 1221 2400 plane
1251 2357 1295 2390 ad
1326 2361 1503 2391 torturam
1530 2356 1735 2401 postulata.
1774 2355 1875 2390 Nihil

75 2413 158 2443 erat
183 2408 317 2453 potius,
347 2418 455 2467 quam
481 2414 523 2443 ut
551 2420 586 2443 a
603 2410 651 2443 70
680 2409 896 2443 milliaribus
926 2419 1193 2443 accurrerem..
1248 2409 1504 2443 .Laboratum
1532 2409 1602 2442 hac
1628 2408 1664 2442 iu
1692 2419 1732 2442 re
1759 2419 1873 2454 usque

75 2461 112 2496 in
141 2461 178 2495 4.
207 2461 299 2495 NoV.
328 2461 412 2495 anni
450 2462 560 2502 1621,
602 2473 681 2495 cum
722 2461 862 2495 solenni
896 2461 1034 2505 judicio
1075 2466 1193 2495 mater
1218 2435 1290 2495 fuit
1319 2472 1342 2495 a
1369 2466 1514 2495 tortura
1539 2461 1661 2506 petita
1702 2461 1876 2495 absoluta

75 2524 169 2559 eque
196 2513 363 2547 custodia
389 2514 534 2554 emissa,
565 2525 588 2547 a
616 2525 686 2558 quo
713 2514 792 2558 ipso
820 2514 978 2559 vestigio
1007 2524 1078 2559 ego
1106 2513 1268 2547 Lincium
1295 2514 1444 2549 recurri.
1498 2514 1651 2558 Jamque
1683 2516 1723 2547 et
1749 2514 1793 2547 de
1821 2513 1874 2548 in-

70 2565 173 2611 juria
208 2570 250 2599 et
289 2566 333 2599 de
374 2566 551 2600 sumtibus
580 2567 765 2612 agebatur
792 2567 829 2600 in
869 2566 1137 2606 adversariam,
1180 2577 1260 2600 cum
1297 2578 1380 2600 ecce
1420 2565 1478 2600 13.
1508 2568 1597 2610 Apr.
1632 2565 1744 2602 1622.
1773 2567 1875 2600 Deus

75 2619 183 2653 linem
218 2617 318 2651 vitae
358 2618 484 2652 matris
523 2623 562 2651 et
598 2617 673 2652 litis
702 2618 811 2658 fecit,
850 2618 984 2653 aetatis
1024 2630 1119 2653 auno
1150 2618 1212 2653 75.
1269 2621 1321 2653 At
1347 2619 1406 2653 hic
1434 2630 1500 2664 per
1527 2628 1645 2653 meam
1672 2618 1876 2654 absentiam

78 2670 347 2716 spargebatur,
388 2681 444 2704 me
475 2675 628 2714 propter
654 2670 899 2705 temeritatem
926 2670 1159 2717 Nagelianae
1189 2671 1341 2706 similem
1371 2671 1461 2706 iram
1488 2671 1663 2715 meurisse
1693 2671 1874 2710 Caesaris,

78 2733 228 2768 cumque
256 2718 446 2767 effugerim
474 2722 719 2767 (paucissimis
749 2723 841 2757 enim
871 2734 1017 2758 causam
1044 2724 1165 2758 abitus
1191 2724 1260 2759 mei
1281 2720 1522 2765 credideram)
1551 2734 1723 2770 magnam
1742 2734 1766 2758 a
1785 2724 1875 2758 Cae-

78 2786 161 2810 sare
200 2785 374 2809 summam
414 2775 649 2810 constitutam
679 2775 714 2809 in
743 2780 856 2820 caput
882 2787 1016 2817 meum,
1054 2776 1138 2821 quin
1166 2777 1276 2811 etiam
1303 2777 1455 2810 flammis
1483 2776 1620 2810 tradita
1648 2775 1878 2821 exemplaria

79 2827 288 2862 Calendarii
328 2827 470 2868 omnia,
513 2829 630 2872 quod
658 2833 770 2862 tunc
797 2828 912 2862 fieri
942 2840 1030 2862 non
1058 2829 1244 2873 potuit,
1286 2840 1382 2863 cum
1411 2829 1544 2863 nulla
1582 2828 1875 2873 scripserim.

78 2881 170 2914 Post
195 2880 332 2914 factum
359 2883 440 2920 est,
470 2880 648 2924 superiori
675 2881 868 2914 Decembri
896 2881 933 2915 in
961 2880 1108 2926 styria,
1138 2882 1278 2916 nullum
1306 2882 1351 2915 ob
1378 2880 1671 2927 prognosticum,
1701 2882 1765 2915 sed
1792 2880 1879 2926 quia

80 2933 124 2966 de
147 2931 420 2977 *praecellentia
447 2933 671 2966 contendunt
697 2933 917 2977 provinciae,
947 2944 1099 2978 quarum
1127 2933 1162 2967 in
1191 2933 1301 2968 titulo
1328 2934 1370 2968 fit
1387 2933 1542 2976 mentio,
1572 2944 1651 2968 cum
1674 2945 1746 2979 ego
1765 2933 1876 2978 Supr-

80 2984 304 3025 Anisanam,
334 2984 390 3018 cui
418 2984 547 3025 servio,
576 2985 882 3030 praeposuissem.
937 2985 1006 3019 Hic
1033 2985 1166 3030 privati
1205 2986 1329 3032 aliqui,
1360 2991 1557 3032 antequam
1584 2996 1643 3020 res
1672 2987 1719 3020 ad
1747 2996 1876 3030 corpus

84 3035 254 3072 Ordinum
281 3037 430 3080 delata,
470 3037 732 3082 praejudicium
769 3038 837 3072 hoc
872 3037 1005 3084 insigni
1034 3044 1072 3072 et
1111 3038 1251 3073 solenni
1290 3043 1375 3073 actu
1404 3039 1621 3074 abolendum
1650 3042 1862 3074 statuerunt
