2028 3242
700 94 908 138 Astrologi„
933 95 1133 129 certioribus
1725 91 1811 136 425

15 200 240 244 variatione
266 201 371 242 varii
399 200 507 242 modi
537 200 780 249 reflexionis‚
813 213 915 254 quae
946 204 1012 241 est
1042 213 1069 241 a
1097 199 1222 241 variis
1252 199 1550 254 superficiebus.
1610 199 1704 242 Non
1735 212 1813 252 ago

10 261 99 314 jam
129 261 180 302 de
205 260 280 303 illa
307 260 538 309 reflexione,
572 271 676 312 quae
706 265 773 301 est
802 273 828 300 a
857 259 1065 313 superficie
1095 259 1296 312 speculari
1341 263 1385 300 et
1405 259 1627 302 reflectitur
1657 273 1683 299 a
1710 271 1812 312 quo-

15 319 116 360 libet
142 318 229 372 ejus
257 323 405 372 puncto
435 319 474 358 in
505 319 663 359 unicum
694 319 840 359 saltem
869 322 1080 371 punctum.
1125 318 1199 358 sed
1230 318 1279 358 de
1311 317 1383 358 illa
1407 318 1650 367 reflexione,
1694 330 1813 371 quam

15 377 212 419 currimus
238 377 287 418 in
321 377 504 430 quolibet
538 378 716 430 pariete,
758 377 983 430 inaequalis
1018 375 1140 417 etiam
1176 381 1219 417 et
1255 389 1425 429 asperae
1462 376 1703 429 superficiei,
1746 376 1813 429 qui

14 435 158 486 lucem,
190 436 271 489 qua
298 436 497 489 pingitur,
527 436 720 476 imbutam
750 447 799 476 eo
830 436 963 475 colore
997 447 1115 489 quem
1144 434 1287 484 habet,
1320 448 1346 475 a
1371 434 1548 488 quolibet
1575 439 1724 488 puncto
1752 434 1813 475 sui

13 494 55 535 in
90 498 221 536 totum
255 494 592 549 hemisphaerium
628 493 813 535 reflectit.
874 492 981 534 Nam
1022 493 1092 534 lux
1129 506 1155 534 a
1183 493 1299 534 Luna
1337 493 1389 534 ad
1419 506 1492 533 nos
1530 495 1682 534 reflexa
1717 506 1814 546 per-

15 553 128 594 venit
155 553 244 603 hoe,
277 564 357 594 non
385 553 458 601 illo
486 552 607 593 modo
613 564 627 601 ;
657 552 761 592 alias
790 563 869 592 non
900 564 1050 592 cornua
1079 552 1119 592 in
1143 552 1274 597 Luna,
1307 552 1379 592 sed
1409 552 1706 604 imagunculam
1730 551 1812 593 So-

16 612 68 652 lis
104 623 264 665 seraper
290 611 505 652 rotundam
542 622 808 651 cerneremus.
870 611 1013 664 Itaque
1057 610 1305 663 geometrica
1336 610 1549 662 dispositio
1591 610 1813 664 superficiei

16 670 116 711 nihil
146 670 212 711 hic
239 669 318 711 nisi
348 670 452 711 forte
481 669 675 718 maculas,
709 670 848 722 quales
879 670 919 709 in
950 670 1067 710 Luna
1096 669 1307 719 cernimus,
1341 669 1479 710 efficit.

718 728 893 768 Thesis
922 726 1103 769 XXVII.

119 785 291 829 causae
317 796 414 826 vero
445 785 549 826 alius
580 790 701 839 atque
733 787 836 827 alius
866 786 1093 828 reflexionis
1125 787 1270 834 (causa
1289 785 1499 839 qualitatis
1529 785 1570 826 in
1596 784 1711 826 radio
1743 798 1813 826 re-

14 845 140 895 flexo)
179 849 278 887 sunt
316 844 566 885 reflectentis
608 845 832 896 superficiei
874 845 1043 886 colores.
1111 845 1248 892 Velim
1298 844 1364 885 hic
1405 844 1544 885 audire
1597 844 1814 911 chymicos,

14 904 202 958 quidnam
229 903 386 945 colores
415 902 456 943 in
487 903 747 944 terrestribus
778 904 1011 956 corporibus
1040 903 1186 944 variet.
1249 902 1418 944 Colores
1438 903 1597 956 quidem
1627 902 1742 943 iridis
1773 902 1812 942 in

15 964 119 1006 duas
134 962 442 1004 distribuuntur
471 962 649 1011 classes3
693 963 827 1003 altera
856 968 988 1003 ortum
1018 963 1143 1003 habet
1173 962 1224 1002 ab
1256 961 1588 1002 obtenebratione
1625 974 1697 1001 seu
1727 962 1814 1013 pri-

15 1021 185 1062 vatione
210 1021 333 1068 lucis,
373 1020 505 1061 altera
547 1034 573 1061 a
602 1021 844 1062 refractione
888 1034 959 1061 seu
995 1021 1202 1062 tinctione.
1265 1020 1484 1074 Utriusque
1515 1019 1661 1061 classis
1699 1020 1813 1072 prin-

15 1079 161 1134 cipium
188 1084 257 1121 est
285 1078 340 1120 ab
367 1078 571 1132 ipsissima
601 1080 708 1128 luce,
751 1093 822 1120 seu
853 1080 946 1120 albo
977 1080 1110 1120 calore
1142 1079 1242 1120 lucis
1282 1078 1477 1132 ἄναλογῳ,
1521 1091 1623 1132 quae
1656 1078 1813 1132 quidem

13 1139 85 1180 lux
111 1138 287 1180 medium
316 1137 430 1179 iridis
460 1137 651 1179 circulum
681 1138 889 1188 obtinens,
927 1151 1019 1178 eum
1056 1138 1096 1178 in
1126 1138 1204 1179 duo
1245 1138 1360 1191 quasi
1397 1143 1526 1178 secat.
1587 1137 1654 1188 Εμι
1685 1138 1817 1178 altera

18 1209 189 1250 namque
215 1201 335 1250 parte
365 1195 608 1246 diminuitur,
642 1210 693 1237 ex
723 1197 856 1238 altera
885 1197 1139 1250 refringitur:
1178 1196 1362 1249 utrinque
1394 1196 1558 1237 tandem
1587 1195 1628 1236 in
1658 1197 1815 1249 nigrum

16 1269 92 1297 seu·
120 1255 315 1297 tenebras
349 1254 510 1295 desinit.
573 1256 620 1296 In
661 1255 934 1297 diminutionis
971 1255 1098 1308 primo
1140 1255 1267 1308 gradu
1306 1255 1352 1296 fit
1394 1255 1521 1304 flava,
1566 1255 1607 1295 in
1639 1255 1814 1295 secundo

18 1315 160 1364 rubea,
196 1319 281 1355 tum
312 1314 447 1354 fusca:
492 1309 535 1354 et
571 1314 741 1367 denique
781 1314 908 1367 nigra.
974 1315 1086 1355 Idem
1125 1319 1297 1367 apparet
1332 1314 1372 1355 in
1410 1313 1580 1354 nubibus
1617 1312 1713 1354 Sole
1748 1314 1815 1353 vel

16 1384 163 1414 occaso
198 1373 266 1414 vel
303 1371 467 1413 orituro.
528 1373 641 1413 Idem
677 1374 717 1413 in
756 1374 890 1414 stellis
927 1373 1036 1414 circa
1066 1373 1331 1421 horizontem,
1376 1373 1480 1413 idem
1516 1373 1557 1412 in
1596 1372 1815 1424 eclipsibus

20 1431 250 1480 Solu-ibam
286 1439 376 1472 cum
410 1431 516 1471 oculi
545 1432 691 1481 nostri,
734 1432 774 1472 in
805 1432 946 1485 quibus
986 1437 1051 1472 est
1080 1432 1178 1473 haec
1217 1431 1400 1478 fallacia,
1443 1430 1576 1471 subito
1605 1430 1814 1484 privantur

17 1491 107 1531 luce
123 1489 257 1531 Solis.
317 1490 365 1530 In
403 1489 630 1531 reflexionis
661 1502 756 1531 vero
785 1492 914 1544 primo
945 1491 1093 1543 gradu,
1138 1489 1276 1530 viridis
1290 1522 1302 1539 ,
1345 1495 1441 1543 post
1477 1489 1679 1538 caerulea,
1722 1489 1812 1530 dein

14 1550 232 1602 purpurea,
275 1553 319 1589 et
358 1548 527 1601 denique
564 1549 723 1597 omnino
759 1550 877 1602 nigra
914 1562 986 1589 seu
1023 1548 1289 1590 obtenebrata
1318 1549 1506 1589 cernitur.
1570 1546 1673 1589 Cum
1716 1561 1812 1600 ergo

14 1607 80 1648 hic
117 1607 173 1648 sit
208 1607 307 1648 ordo
336 1606 442 1647 inter
478 1607 632 1648 colores
672 1607 711 1647 in
750 1608 871 1648 iride:
913 1613 1226 1649 consentaneum
1264 1611 1328 1648 est
1364 1607 1533 1648 eundem
1570 1619 1661 1647 esse
1700 1612 1743 1647 et
1773 1607 1813 1647 in

17 1665 254 1715 reflexione3
290 1670 337 1706 ut
376 1665 595 1706 fortissime
630 1666 784 1707 radium
823 1667 1008 1707 reflectat
1043 1666 1272 1719 superficies
1309 1666 1427 1715 alba;
1470 1671 1565 1718 post
1593 1665 1733 1706 viridis
1773 1670 1815 1705 et

16 1725 145 1773 flava3
176 1728 262 1765 tum
280 1724 467 1765 caerulea
495 1729 539 1764 et
556 1724 703 1774 rubea3
736 1725 827 1766 dein
845 1737 1047 1778 purpurea
1070 1731 1111 1766 et
1136 1725 1270 1774 fusca;
1302 1725 1547 1766 debilissime
1571 1736 1667 1764 vero
1687 1723 1814 1776 nigra.

708 1784 885 1825 Thesis
914 1784 1115 1825 nvm.

135 1839 264 1892 Niger
300 1844 437 1881 autem
473 1840 632 1881 fortiter
669 1842 896 1883 illustratus
934 1843 1098 1883 rubeum
1134 1841 1292 1894 spargit
1332 1842 1501 1882 radium.
1563 1841 1610 1881 Id
1648 1846 1817 1894 apparet

17 1910 70 1939 ex
99 1898 304 1952 chalybeis
336 1899 532 1951 speculis,
570 1899 637 1940 ubi
669 1901 787 1942 faciei
818 1901 927 1942 color
958 1901 1074 1941 albus
1117 1906 1160 1941 et
1190 1900 1342 1952 speculi
1372 1900 1485 1953 niger
1516 1900 1671 1940 confusi
1701 1900 1815 1941 rubi-

15 1957 247 1998 cundiorem
275 1962 582 2010 repraesentant
612 1959 767 1999 faciem.
830 1958 965 2007 Quare
997 1959 1219 2000 rectissime
1258 1959 1346 2011 quis
1376 1959 1524 1999 Martis
1556 1959 1718 1999 stellam
1749 1959 1814 1998 di-

13 2016 122 2056 xerit
149 2016 357 2068 superficie
386 2016 505 2068 nigra
542 2017 770 2069 praeditam
802 2031 908 2067 esse,
941 2031 1030 2059 cum
1058 2018 1195 2059 radius
1227 2018 1314 2069 ejus
1346 2018 1400 2058 sit
1417 2018 1537 2058 valde
1560 2017 1814 2058 rubicundus

14 2071 264 2114 Debilitatur
290 2074 413 2126 igitur
443 2075 529 2127 ejus
560 2076 711 2117 reflexa
740 2078 830 2126 lux,
869 2090 947 2117 non
978 2077 1100 2128 igitur
1129 2077 1297 2116 multum
1326 2076 1554 2124 humectat,
1588 2082 1630 2116 et
1661 2076 1702 2116 in
1732 2076 1810 2116 hu-

16 2132 140 2186 moris
169 2132 328 2173 defectu
359 2138 435 2173 est.
495 2133 651 2174 Eodem
682 2135 826 2176 coloris
856 2140 899 2175 et
929 2135 1238 2175 humectationis
1271 2140 1506 2187 argumento
1531 2134 1707 2175 Saturno
1738 2134 1815 2174 tri-

15 2190 185 2231 buemus
216 2190 350 2231 albam
380 2196 422 2231 et
452 2205 637 2244 asperam
668 2194 928 2245 superficiem,
964 2195 1056 2245 quia
1076 2194 1207 2234 colore
1228 2199 1292 2234 est
1310 2193 1508 2246 plumbeo,
1539 2193 1634 2234 Jovi
1652 2192 1817 2233 rubeam

16 2249 83 2290 vel
115 2261 374 2301 purpuream,
420 2251 513 2302 quia
543 2252 670 2291 flavus
703 2252 890 2292 subrufus
922 2258 1112 2304 apparet,
1151 2252 1302 2292 Veneri
1333 2253 1482 2293 flavam
1511 2253 1578 2292 vel
1609 2251 1743 2292 albam
1774 2258 1816 2291 et

18 2307 397 2360 aequabilissimam,
429 2320 520 2349 cum
550 2309 723 2349 omnium
754 2310 809 2350 sit
838 2311 1124 2362 pulcherrima:
1157 2310 1354 2351 Mercurio
1377 2311 1603 2351 caeruleum
1632 2311 1698 2350 vel
1716 2309 1817 2349 viri-

17 2365 121 2465 dein,
151 2371 489 2464 cumgenteus
520 2374 738 2420 appareat,
770 2369 900 2421 magis
931 2368 1217 2409 scintillatione
1248 2382 1319 2409 seu
1350 2370 1476 2409 diluto
1510 2369 1663 2420 fulgore
1695 2381 1813 2421 quam

18 2435 67 2465 oo
83 2436 152 2465 ore
181 2437 204 2465 c
317 2454 327 2464 .

134 2540 227 2581 Lux
253 2539 417 2594 propria
441 2540 601 2593 quidem
632 2541 723 2593 ipsa
736 2483 1100 2582 Ἑξίἓιειιιενέξίξέιξ.
1114 2554 1187 2595 per
1217 2541 1464 2594 superficiem
1491 2541 1683 2594 corporis,
1715 2543 1819 2583 unde

19 2599 143 2648 venit,
173 2603 220 2639 ut
249 2599 371 2639 alium
402 2605 445 2639 et
474 2599 593 2639 alium
624 2600 799 2640 colorem
829 2606 1128 2653 repraesentet:
1161 2601 1233 2640 sed
1265 2600 1413 2652 gradus
1444 2600 1702 2641 calfactoriae
1734 2601 1818 2640 vir-

19 2657 122 2698 tutis
150 2657 387 2710 adipiscitur
417 2658 467 2698 ab
498 2658 640 2698 intima
670 2659 846 2710 corporis
879 2660 940 2699 sui
972 2659 1246 2712 dispositione.
1309 2658 1393 2699 Sed
1410 2663 1544 2699 tamen
1576 2659 1666 2711 ipsa
1691 2659 1816 2700 etiam

20 2715 250 2768 superficies
294 2716 344 2756 de
381 2716 558 2768 corporis
603 2716 863 2768 dispositione
903 2722 1101 2758 testatur:
1146 2723 1191 2757 ut
1234 2717 1294 2756 ita
1329 2717 1584 2758 humectandi
1623 2717 1751 2758 virtus
1791 2731 1819 2758 a

20 2773 257 2815 calfactoria
292 2775 581 2826 quodammodo
621 2775 857 2826 dependeat.
918 2777 980 2817 Ac
1019 2789 1116 2816 sane
1156 2776 1191 2815 si
1221 2775 1330 2815 color
1366 2776 1594 2816 interventu
1632 2776 1734 2816 lucis
1767 2776 1818 2816 ab

23 2840 106 2873 imo
134 2845 301 2885 corpore
332 2832 372 2872 in
405 2834 576 2873 alienum
607 2834 816 2874 transferri
847 2838 890 2873 et
919 2835 1134 2886 propagari
1165 2838 1313 2886 potest,
1346 2833 1535 2874 credibile
1554 2838 1620 2874 est
1650 2840 1692 2874 et
1716 2835 1819 2875 alias

0 2890 237 2944 *qualitates
266 2903 408 2943 posse;
441 2893 489 2932 de
522 2892 654 2931 calore
687 2892 792 2931 enim
823 2893 1088 2933 certissimum
1119 2898 1195 2932 est.
1257 2892 1372 2932 Unde
1399 2904 1518 2944 quam
1538 2892 1702 2946 quisque
1721 2894 1816 2945 pla-

22 2951 120 2988 ueta
151 2949 341 2989 virtutem
376 2950 417 2990 in
457 2950 601 2990 effectu
640 2954 838 2999 ostentat,
883 2951 971 3002 ejus
1003 2950 1201 3002 analogon
1239 2949 1415 3003 aliquam
1441 2950 1747 3002 dispositionem
1776 2952 1815 2991 in

20 3000 111 3056 ipm
138 3006 327 3058 planetae
358 3020 523 3060 corpore
561 3020 652 3048 esse
684 3013 995 3049 consentaneum
1026 3009 1197 3049 videtur.
1260 3006 1378 3054 Quod
1415 3008 1449 3048 si
1482 3009 1610 3049 locum
1642 3010 1812 3058 obtinet,

24 3062 78 3103 n'd
106 3064 303 3106 mirabilia
332 3067 503 3107 artificia
532 3079 651 3107 manu
682 3067 824 3107 ducere
865 3079 938 3108 nos
975 3072 1125 3120 potest.
1187 3067 1316 3108 Verbi
1346 3067 1480 3120 gratia
1514 3080 1589 3120 per
1618 3072 1819 3110 aestatem
