2028 3242
145 35 230 79 344
714 37 848 68 Literae
874 36 1009 78 Kepleri
1035 36 1234 78 aliorumque
1258 41 1393 69 mutuae

144 146 183 184 in
218 142 243 184 2
263 141 280 163 ⁰
310 142 346 192 ὅ
378 143 651 196 parallactice,
685 147 750 183 est
780 147 914 183 tamen
947 142 1055 182 ultra
1094 138 1176 182 17⁰
1206 141 1242 191 ὅ
1275 143 1511 191 eccentrice‚
1545 148 1589 184 et
1618 156 1713 184 vero
1745 144 1831 196 ipse
1857 155 1955 196 pro-

142 203 252 255 prius
284 201 430 242 Martis
463 207 596 243 motus
630 201 729 242 facit
760 201 1017 249 latitudines;
1051 201 1282 253 parallaxes
1315 207 1472 243 tantum
1493 208 1645 254 augent
1669 203 1733 243 vel
1759 203 1953 252 minuunt,

144 262 282 314 quales
314 261 534 301 inveniunt.
584 261 658 301 'De
700 261 918 305 directione
957 260 1220 312 objectionem
1255 261 1351 300 dilui
1395 262 1513 302 niodo
1545 274 1634 302 meo
1672 275 1796 315 supra
1826 275 1952 315 expo-

143 321 235 369 sito,
270 320 335 371 qui
367 320 493 360 habet
524 326 838 361 consentaneum
871 325 913 360 et
945 321 1169 360 naturalem
1192 321 1362 367 modum,
1395 326 1441 361 ut
1461 321 1546 360 dies
1573 320 1773 373 significet
1792 335 1954 362 annum.

236 379 484 412 Fabricius:
524 380 767 423 Tengnaglium
802 380 845 412 ad
870 379 1132 421 respondendum
1157 389 1291 412 moveas
1323 383 1358 412 et
1383 380 1471 413 brevi
1495 379 1695 421 respondeas
1718 380 1762 414 ad
1787 382 1898 414 omnia
1923 386 1958 413 et

142 427 289 470 singula3
317 427 364 459 sic
389 437 442 459 me
468 427 512 459 ad
536 427 632 469 plura
655 427 878 470 excogitanda
901 427 1066 464 incitabis,
1092 430 1130 459 ut
1153 427 1316 459 hactenus
1342 427 1492 461 factum.-

235 474 323 506 Vale
357 475 641 516 praestantissime
676 476 743 511 vir.
776 475 850 518 vige
876 479 910 507 et
933 475 1012 507 flore
1051 478 1085 506 et
1108 475 1274 516 triumpha
1299 473 1332 514 <5
1361 479 1394 507 et
1419 479 1534 508 cetera
1558 479 1670 513 astra;
1703 485 1763 507 nos
1789 475 1956 522 astrophili
1979 499 1989 501 -

141 522 302 554 tubicines
327 521 452 564 gloriae
477 526 556 555 tuae
581 523 707 555 strenui
732 523 851 555 erimus
877 525 912 555 et
937 532 1009 554 esse
1035 522 1193 554 volumus.
1245 521 1365 555 Saluta
1381 523 1539 555 circulum
1557 526 1650 556 tuum
1668 532 1708 556 ex
1719 532 1778 556 me
1795 523 1952 561 officiose,

142 569 321 602 Dominum
345 568 556 602 Matthaeum
582 568 811 611 (Seyfardum)
837 574 870 602 et
894 570 987 602 alios.
1466 583 1474 585 s

234 616 322 649 Vale
347 615 407 649 dte.
458 617 589 651 Esenae
615 619 645 650 d.
673 615 729 649 24.
755 618 834 650 Jun.
863 627 893 649 v.
919 621 961 648 st.
991 614 1093 648 1603.

235 664 274 697 In
298 664 401 696 literis
427 665 636 703 brevioribus,
663 674 748 707 quae
773 665 834 697 has
859 669 996 697 secutae
1022 668 1111 704 sunt,
1135 664 1220 698 haec
1246 664 1519 705 deprehendimus
1544 664 1608 696 huc
1633 665 1828 698 referenda:

234 711 273 744 In
291 711 482 751 Honandia,
510 713 622 745 scribit
638 713 884 750 Fabricius,
910 713 1046 744 moritur
1060 715 1139 744 ante
1165 722 1288 744 annum
1306 711 1520 744 Martinus
1546 711 1779 745 Everartus
1805 717 1952 745 astrono-

139 769 222 792 mus.
273 758 366 791 Duos
391 760 435 791 ibi
460 761 587 797 inveni,
613 761 685 802 qni,
722 763 855 801 praeter
880 758 1097 801 Scaligerum‚
1131 760 1366 801 quadraturam
1396 759 1507 791 circuli
1539 764 1701 802 asserunt.
1752 761 1951 794 Geometrae

140 807 207 839 illic
231 807 377 843 maximi,
405 809 582 839 astronomi
610 807 792 849 proletarii,
820 807 979 849 astrologi
1005 806 1096 838 nulli.
1147 807 1254 839 Tuum
1280 806 1492 838 Prodromum
1517 806 1627 838 multis
1652 807 1888 840 commendavi.

235 853 337 886 Plura
360 864 449 886 nunc
473 865 540 887 non
563 853 689 892 habeo,
727 854 814 896 qnod
847 858 907 886 tua
944 854 987 887 ad
1011 855 1119 886 varias
1144 864 1236 887 meas
1261 854 1396 886 diversis
1420 854 1621 896 temporibus
1653 857 1688 886 et
1711 855 1813 887 literis
1838 865 1952 897 propo-

142 902 223 934 sitas
249 902 461 943 quaestiones
488 902 627 935 sollicite
653 906 840 944 exspectem
865 910 1043 943 responsa;
1069 901 1156 943 quod
1181 912 1244 944 quo
1270 902 1366 934 citius
1390 902 1518 941 feceris,
1545 911 1584 934 eo
1607 903 1734 944 gratius
1759 903 1831 935 erit.
1881 902 1954 936 Ha-

141 948 232 981 bebis
257 952 374 989 postea
398 950 610 987 mirabiliora,
636 959 723 991 quae
747 949 811 982 hnc
836 948 913 981 illuc
938 950 972 980 in
997 949 1142 981 Batavia
1167 953 1363 982 consecutus
1388 958 1470 981 sum.
1815 943 1832 951 ⁶

235 995 354 1028 Saluta
378 995 422 1028 D.
450 996 693 1029 Cancellarium
717 1001 862 1029 nostrum
888 1000 923 1028 et
946 995 990 1028 D.
1010 996 1142 1028 Petrum
1159 995 1365 1033 Vischerum,
1390 1001 1547 1038 patronos
1571 1005 1662 1029 meos
1687 997 1854 1038 quondam
1867 998 1954 1040 opti-

138 1053 220 1080 mos,
246 1053 382 1085 quorum
408 1044 583 1077 destitutus
610 1044 744 1076 consilio
770 1048 804 1077 et
829 1044 949 1076 auxilio
974 1054 1063 1076 nunc
1087 1045 1206 1077 misere
1231 1045 1301 1076 vivo
1327 1048 1362 1076 et
1386 1044 1428 1076 de
1451 1043 1669 1086 relinquenda
1693 1045 1804 1086 patria
1830 1046 1953 1089 cogito.

141 1089 168 1122 Ο
194 1091 384 1123 instabilem
410 1092 536 1124 aulam!
565 1091 592 1124 O
618 1093 725 1124 varios
751 1092 849 1124 aulae
874 1091 998 1123 mores!
1039 1090 1068 1124 Ο
1093 1096 1242 1124 monstra
1267 1091 1378 1124 aulica
1403 1092 1480 1124 afris
1507 1091 1648 1123 diriora!
1699 1120 1701 1122 .

233 1137 410 1171 Dabantur
435 1139 566 1172 Esenae
593 1149 632 1172 ex
657 1143 782 1172 moesto
807 1149 960 1179 musaeo,
999 1139 1101 1172 flente
1138 1143 1173 1171 et
1198 1140 1397 1182 agonizante
1421 1139 1550 1172 Urania.
1582 1133 1697 1171 noftra
1721 1139 1754 1171 d.
1782 1137 1836 1171 11.
1862 1138 1955 1182 (21.)

140 1186 225 1229 Aug.
254 1184 356 1218 1603.
1166 1187 1260 1219 Tuae
1284 1187 1518 1219 Praestantiae
1544 1186 1788 1219 addictissimus

1302 1234 1346 1266 D.
1372 1233 1608 1266 Fabricius.

235 1279 373 1322 Spectat
410 1279 459 1312 his
491 1281 630 1323 querelis
665 1280 781 1324 (quas,
824 1281 864 1313 ob
895 1290 1030 1313 manum
1067 1282 1125 1313 viri
1162 1282 1251 1314 lectu
1282 1281 1507 1315 difficillimam
1544 1291 1610 1313 non
1646 1281 1746 1323 plane
1780 1281 1955 1316 enucleare

139 1326 318 1368 potuimus)
352 1328 521 1360 Fabricius
547 1339 637 1370 spem
663 1330 746 1362 forte
777 1333 847 1361 tum
873 1330 1027 1370 temporis
1051 1333 1196 1365 tenuem,
1221 1334 1338 1371 postea
1362 1329 1492 1362 demum
1518 1327 1594 1370 (sub
1619 1328 1718 1362 finem
1745 1330 1824 1362 anni
1851 1327 1953 1362 1603.

142 1375 253 1416 Comp.
279 1386 311 1417 p.
340 1373 424 1414 341)
451 1377 494 1408 ad
520 1382 672 1409 eventum
697 1377 891 1418 perductam
915 1376 1028 1409 Esena
1053 1376 1201 1409 Ostelam
1226 1377 1494 1420 transmigrandi.

232 1429 440 1470 Keplerus
478 1430 562 1462 haec
599 1434 730 1462 tanturn
763 1426 952 1472 respondit?
1001 1423 1115 1471 Quae
1161 1424 1360 1465 mirabilia
1404 1423 1574 1477 Belgica
1610 1424 1774 1477 jactas,
1825 1425 1952 1478 primo

138 1495 291 1534 quoque
324 1487 504 1535 tempore
539 1484 683 1524 scribe.
749 1483 1068 1525 Commentarios
1095 1482 1444 1536 τετραγωνιζοπας
1476 1484 1591 1536 parvi
1612 1483 1738 1532 facio;
1771 1484 1952 1525 remim-

135 1541 368 1592 possibilem
400 1547 573 1591 tentant,
608 1544 712 1597 quod
745 1543 854 1591 scio;
887 1542 1091 1592 ἐπιςαμαι,
1125 1544 1298 1595 inquam.
1335 1546 1463 1591 (Comp.
1498 1559 1530 1591 p.
1557 1546 1657 1589 338.)

231 1601 456 1633 Fabricius
492 1600 538 1642 (d.
567 1601 622 1634 22.
650 1602 732 1635 Dec.
759 1613 789 1634 v.
816 1606 857 1634 st.
894 1601 1015 1642 1603):
1055 1602 1188 1642 Quaeso
1221 1603 1416 1644 plurimum,
1453 1605 1491 1634 ut
1523 1602 1735 1643 respondeas.
1786 1601 1893 1635 Video
1918 1607 1952 1635 te

135 1648 358 1690 tergiversari,
395 1649 481 1691 quod
507 1654 541 1682 et
567 1655 679 1692 aperte
704 1650 880 1687 miniteris,
915 1651 978 1682 nisi
1004 1650 1047 1683 ad
1072 1654 1165 1682 tuam
1191 1649 1514 1685 dissertatiunculam
1546 1649 1780 1690 respondeam,
1816 1650 1894 1691 quid
1917 1651 1952 1682 in

139 1705 181 1727 ea
204 1696 338 1737 probem
362 1697 412 1729 vel
437 1698 617 1738 improbem
645 1696 774 1739 (Comp.
792 1708 824 1739 p.
845 1694 941 1736 326).
993 1698 1064 1740 Ego
1092 1702 1181 1731 certe
1206 1708 1272 1729 non
1297 1698 1325 1729 is
1351 1704 1434 1734 Sum,
1459 1707 1522 1729 nec
1547 1701 1646 1730 tanta
1671 1701 1723 1729 est
1746 1697 1871 1740 ingenii
1887 1699 1952 1730 mei

134 1743 314 1780 subtilitas,
349 1749 387 1776 ut
420 1745 557 1776 subtiles
592 1750 667 1776 tuas
701 1746 846 1777 rationes
880 1746 1070 1787 percipiam.
1121 1745 1211 1777 Nihil
1239 1756 1316 1778 vero
1350 1745 1458 1787 magis
1489 1754 1543 1776 me
1567 1748 1693 1780 movet.
1731 1754 1831 1786 quam
1867 1745 1953 1787 quod

137 1790 258 1822 Terrae
285 1791 464 1823 animalem
489 1791 685 1824 facultatem
712 1793 849 1828 tribuas,
876 1801 1013 1835 eamque
1040 1797 1233 1835 aspectuum
1261 1793 1458 1834 operationis
1489 1801 1601 1824 veram
1626 1801 1764 1825 causam
1789 1802 1871 1824 esse.
1913 1793 1953 1825 In

136 1838 254 1870 ceteris
280 1838 361 1870 nihil
387 1839 545 1871 desidero.

228 1885 268 1917 In
294 1885 497 1928 astrologicis
519 1887 652 1927 judiciis
678 1887 849 1929 genesium
883 1896 970 1918 nunc
997 1888 1200 1919 constantior
1226 1891 1260 1918 et
1285 1887 1550 1927 circumspectior
1585 1896 1658 1919 esse
1683 1886 1824 1928 incipio,
1861 1892 1950 1930 post-

137 1941 235 1972 quam
260 1936 352 1964 tuam
380 1933 702 1966 dissertatiunculam
727 1933 794 1977 legi
831 1938 865 1966 et
889 1938 964 1966 tuas
990 1936 1135 1966 rationes
1161 1934 1343 1967 contrarias
1374 1934 1524 1975 cognovi.
1575 1933 1671 1972 Quod
1695 1934 1952 1975 profectionibus

133 1979 214 2010 nihil
238 1980 371 2019 tribuis,
410 1981 442 2011 in
470 1990 509 2012 eo
536 1986 570 2013 te
595 1981 733 2013 multum
760 1991 781 2013 a
806 1991 903 2023 scopo
930 1983 1083 2014 aberrare
1109 1992 1166 2013 suo
1191 1986 1338 2022 tempore
1365 1981 1435 2022 ipse
1461 1989 1650 2023 cognosces.
1701 1980 1797 2018 Scio,
1826 1986 1861 2014 te
1885 1993 1952 2014 non
1991 1997 1994 2001 ·

133 2026 231 2059 facile
258 2037 346 2058 nunc
372 2037 582 2060 assensurum
607 2029 698 2065 mihi,
724 2029 912 2071 priusquam
939 2039 978 2061 ex
1004 2030 1087 2061 veris
1113 2029 1252 2060 motibus
1279 2027 1311 2067 ὅ
1340 2032 1374 2060 et
1398 2027 1417 2063 ii
1446 2026 1541 2069 (quos
1567 2027 1674 2060 adhuc
1698 2026 1863 2068 desidero)
1889 2030 1950 2061 tibi

133 2073 231 2106 fidem
255 2074 383 2112 fecero,
419 2085 481 2107 nec
508 2076 586 2108 mihi
611 2086 738 2118 quoque
765 2081 868 2108 antea
900 2077 934 2108 in
960 2077 1107 2108 omnibus
1133 2076 1328 2108 satisfacere
1353 2086 1495 2117 possum.
1546 2074 1623 2107 Non
1647 2075 1773 2113 dubito,
1799 2082 1833 2108 te
1862 2071 1902 2120 Os
1927 2076 1948 2116 5

134 2125 169 2152 et
193 2120 222 2160 ᾋ
249 2121 423 2164 diligenter
447 2133 504 2164 per
529 2124 746 2156 instrumenta
764 2124 954 2165 Tychonica
980 2124 1180 2156 observasse.
1233 2123 1473 2161 communices,
1499 2132 1634 2166 quaeso,
1659 2127 1698 2156 ut
1715 2127 1750 2156 et
1773 2124 1807 2156 in
1833 2119 1872 2167 Q,
1900 2118 1951 2166 ῼ.

134 2168 205 2211 Ego
231 2178 330 2202 mane
356 2170 445 2203 circa
468 2171 500 2203 h.
530 2170 561 2202 7.
588 2171 730 2213 positum
754 2172 819 2204 vidi
845 2172 948 2204 hunc:

1323 2244 1341 2264 *
1363 2239 1384 2276 t

992 2310 1012 2330 *
1183 2308 1203 2329 *

789 2360 817 2424 ὃ
979 2332 1014 2378 3)
1176 2335 1207 2375 Ἃ

229 2453 401 2487 Distantia
425 2455 455 2495 ‘ll
483 2459 517 2487 et
540 2455 560 2495 ἦ
589 2455 718 2487 circiter
745 2451 804 2486 2⁰.
849 2450 877 2493 ξ
903 2455 1024 2496 optime
1050 2454 1211 2486 videbam.

230 2500 394 2543 Scripsisti
421 2503 464 2535 ad
490 2502 756 2539 Ridderhusium‚
785 2506 818 2534 te
844 2503 1005 2534 rationem
1031 2502 1132 2534 aliam
1158 2500 1472 2543 compendiosiorem
1503 2500 1704 2542 supputandi
1728 2503 1854 2532 motum
1879 2499 1949 2532 Ln-

135 2558 199 2580 nae
224 2549 397 2582 invenisse.
450 2550 689 2587 Communices‚
721 2560 810 2592 rogo.

231 2595 321 2628 Scire
347 2598 461 2639 cupio,
500 2607 542 2629 an
569 2598 731 2639 quaedam
769 2597 964 2639 specialiora
1001 2596 1041 2628 de
1066 2605 1192 2638 magna
1226 2597 1458 2636 conjunctione
1491 2595 1534 2626 sis
1565 2593 1737 2626 editurus?
1785 2593 1949 2626 Herlicius

135 2643 380 2676 reformatorem
407 2655 446 2676 ex
474 2645 625 2687 aquilone
654 2643 806 2684 (Danum
830 2646 966 2676 innuere
992 2641 1136 2683 videtur)
1162 2643 1330 2684 producit3
1357 2643 1415 2675 sed
1439 2652 1538 2684 quam
1563 2646 1664 2678 certe,
1690 2651 1756 2673 non
1782 2641 1886 2674 video.

230 2690 337 2729 Quem
372 2692 451 2724 dicit
476 2693 656 2729 Fabricius,
684 2691 1031 2724 Riddershusius
1058 2689 1281 2731 (Ludolphus)
1308 2691 1447 2722 Brcmae
1483 2689 1628 2732 degebat
1665 2693 1699 2721 et
1730 2698 1841 2730 panca
1859 2693 1949 2720 ‘cum

136 2737 279 2778 Keplero
315 2740 383 2782 egit
417 2750 474 2780 per
507 2740 619 2772 literas
657 2740 697 2772 de
735 2739 899 2781 Tychonis
937 2739 1085 2780 operibus
1113 2737 1242 2779 (Comp.
1277 2737 1484 2770 Hanschium
1519 2747 1551 2778 p.
1579 2735 1647 2768 202
1673 2735 1750 2778 sq.).
1801 2735 1948 2768 Davides

135 2784 192 2816 He
205 2785 376 2823 rlicius,
419 2786 610 2824 „Medicus‚
650 2787 881 2821 Astronomus.
915 2786 1099 2818 Historicus
1125 2789 1158 2817 et
1182 2785 1308 2817 Poetast
1337 2783 1422 2825 (nat.
1459 2785 1494 2815 iu
1519 2784 1636 2826 oppido
1662 2784 1756 2816 Zeita
1783 2793 1814 2815 a.
1844 2781 1945 2815 1557.

134 2835 228 2863 mort.
256 2832 427 2875 Stargardi
453 2844 483 2866 a.
515 2832 637 2874 1636),
678 2835 877 2877 astrologiae
913 2834 1114 2865 vanitatibus
1148 2842 1247 2877 quam
1278 2833 1418 2864 maxime
1444 2831 1594 2868 deditus,
1634 2831 1722 2864 hanc
1746 2831 1948 2864 sententiam

136 2878 279 2911 exhibuit
303 2881 384 2912 forte
410 2882 443 2912 in
469 2881 549 2913 libro
579 2882 652 2919 „die
671 2881 922 2924 Sternglocke“,
951 2878 1057 2911 1603.
1109 2879 1143 2912 Si
1169 2880 1238 2921 quis
1263 2880 1357 2921 plura
1382 2879 1423 2911 de
1440 2879 1575 2912 Herlicii
1594 2880 1722 2921 scriptis
1748 2888 1947 2921 cognoscere

134 2925 228 2962 velit,
256 2937 329 2959 eum
353 2929 517 2969 rejicimus
544 2929 586 2961 ad
611 2929 763 2961 Joecheri
789 2929 953 2964 Lamon,
985 2929 1039 2970 qui
1064 2931 1217 2960 recenset
1240 2927 1367 2959 illorum
1392 2927 1528 2968 longam
1553 2927 1679 2958 seriem.

255 2986 414 3039 Keple
429 3000 509 3027 rus
529 3002 537 3027 :
581 2987 899 3028 Observationes
921 2993 1083 3027 nostrae
1118 2987 1278 3038 frigent.
1342 2985 1615 3025 Instrumenta
1641 2986 1680 3026 in
1701 2985 1814 3025 horto
1836 2983 1945 3025 Cae-

136 3043 239 3084 saris
273 3045 345 3085 sub
378 3046 440 3085 dio
476 3052 724 3098 putrescunt..
790 3048 891 3088 Utor
924 3051 1111 3087 sextante
1152 3045 1447 3099 et·quad1·ante
1481 3057 1604 3099 parvo
1651 3058 1699 3087 ex
1731 3042 1946 3085 Hofmanni
