2028 3242
884 83 995 126 ΟΝ
1017 83 1105 116 ΧΠ·
1816 81 1899 125 179

95 189 291 242 Kaepluw
325 195 517 243 qnantum
547 184 654 231 intei-
682 202 728 230 se
758 189 983 230 dissideant
1011 194 1144 230 motus
1174 194 1219 228 et
1253 201 1443 240 corpora,
1479 187 1556 228 hoc
1585 192 1651 229 est
1681 188 1901 233 distantiae

77 247 281 301 'aviaque
301 254 553 301 exstructae.
614 247 750 295 Quare
778 249 927 289 nudum
957 248 1067 289 hosti
1097 247 1206 288 latus
1235 246 1402 299 objicis,
1438 247 1519 287 imo
1555 252 1599 287 te
1629 247 1761 300 ipsum
1789 247 1899 296 feris,

97 317 171 347 nec
200 318 300 360 opus
331 307 462 348 alieno
487 308 672 360 jugulere
702 307 850 360 gladio

207 364 296 406 ffle'
317 365 443 419 igitur
469 372 516 407 ιιι
543 366 829 419 respondeam,
865 365 1033 419 primum
1062 364 1219 404 inverto
1250 363 1472 413 rationem,
1509 368 1553 404 et
1581 364 1783 416 ipsorum,
1821 363 1901 404 imo

95 423 269 467 omnim
298 425 458 478 appello
482 425 678 480 judicium
708 429 751 465 et
780 424 1092 472 conscientiam,
1129 428 1260 464 utrum
1299 427 1577 474 argumentum
1612 428 1757 475 putent
1792 421 1899 463 veri-

80 482 267 527 'similins
297 495 415 534 esse,
425 511 427 513 ·
456 496 551 525 num
581 483 749 524 alterum
787 483 837 523 de
875 482 1131 535 corporibus,
1172 494 1226 522 an
1263 481 1339 521 boc
1369 481 1419 521 de
1450 486 1574 521 motu.
1634 481 1775 532 Neque
1806 480 1901 521 mibi

93 541 303 596 probabile
332 548 410 593 est,
442 554 680 596 quemquam
710 542 832 583 aliter
861 541 1070 589 dicturum,
1103 553 1223 594 qnam
1254 540 1356 580 hanc
1385 545 1564 581 motuum
1595 540 1646 580 ad
1678 540 1797 585 orbes
1827 553 1900 580 ac-

95 600 456 651 mandationem
497 601 712 642 modum
755 600 989 643 concinnam
1037 612 1129 640 esse
1181 605 1302 652 atque
1357 598 1592 640 admirabile
1631 597 1708 638 Dei
1749 597 1901 651 opificis

93 674 337 715 W
381 659 555 701 Proinde
585 660 621 701 si
651 660 834 700 alterutri
860 664 1095 711 argumento
1119 658 1220 699 fides
1247 658 1435 698 habenda
1458 657 1528 705 sit,
1558 656 1648 698 huic
1679 668 1778 710 prae
1807 669 1901 698 cor-

93 718 257 772 poribus
296 719 584 772 astipnlatnros
599 750 611 768 ,
643 725 836 772 tanquam
872 719 931 758 rei
968 717 1098 770 magis
1127 717 1331 758 evidenti:
1375 715 1559 769 quamvis
1589 715 1743 756 numeri
1772 716 1901 756 adbuc

93 777 342 831 aliquantum
371 791 398 818 a
427 776 715 830 Copernicanis
747 778 990 829 discrepent.
1041 774 1162 822 Quod
1190 776 1226 816 si
1256 774 1412 816 obtinui
1442 775 1606 816 lectoris
1636 774 1901 822 confessione,

95 842 188 877 utar
220 848 295 890 pro
330 837 629 878 confirmatione
666 849 873 888 corporum
906 843 948 876 et
979 835 1237 875 excusatione
1268 834 1494 874 discordiae
1537 834 1670 882 illius,
1714 840 1760 874 ιιι
1801 846 1902 886 quae

95 895 231 936 multis
260 895 442 949 partibus
474 895 602 935 minor
631 901 718 941 est,
751 908 870 948 qnam
900 895 1000 934 haec
1031 893 1070 934 in
1102 899 1211 933 motu
1243 893 1508 933 dissonantia.
1570 893 1678 932 Nam
1709 893 1744 932 si
1776 892 1915 932 lector

0 955 7 1009 ξ
92 953 158 995 hic
186 959 354 1009 propter
383 954 695 995 concinnitatem
725 953 875 994 inventi
906 965 1093 1006 magnum
1124 964 1298 993 errorem
1329 951 1503 992 libenter
1530 951 1770 997 dissimulat,
1802 963 1900 1003 par-

93 1025 187 1054 vum
214 1012 300 1063 iniq
329 1026 503 1054 errorem
534 1014 652 1066 louge
683 1013 842 1054 facilius
872 1011 1076 1053 tolerabit.
1139 1010 1367 1051 Diversitas
1405 1010 1509 1051 enim
1545 1008 1616 1050 illa
1651 1022 1776 1062 penes
1809 1022 1900 1050 cor-

7 1108 10 1110 .
93 1084 194 1124 pora
222 1072 418 1114 calculum
446 1072 755 1114 astronomicum
786 1071 883 1112 nibil
915 1071 1128 1111 admodum
1165 1069 1331 1110 turbat:
1373 1069 1455 1110 ista
1484 1081 1581 1109 vero
1611 1081 1735 1122 penes
1767 1074 1900 1109 motus

93 1130 213 1183 paulo
243 1130 339 1185 quid
365 1132 495 1184 majus
525 1131 658 1172 infert.
720 1131 856 1183 Atque
888 1130 963 1170 hoc
993 1129 1161 1182 primum
1192 1133 1282 1177 est3
1312 1129 1436 1181 plaga
1463 1140 1606 1181 nempe
1640 1128 1831 1180 reposita.

211 1189 370 1232 Deinde
401 1203 491 1231 cum
522 1202 691 1242 corpora
721 1189 962 1230 dissentiant
993 1202 1019 1228 a
1056 1188 1232 1228 motibus
1249 1186 1288 1236 ι’)
1302 1218 1314 1236 ,
1359 1193 1403 1228 ιιι
1438 1199 1532 1228 vere
1569 1186 1667 1227 mihi
1705 1186 1900 1239 objicitur,

5 1270 10 1280 ‹
94 1247 214 1289 fateri
242 1248 382 1301 utique
411 1261 556 1302 cogor,
601 1249 819 1289 alterutros
856 1248 894 1288 in
937 1260 1070 1287 errore
1102 1246 1267 1287 versari.
1332 1246 1605 1286 Veruntamen
1637 1257 1812 1286 errorem
1844 1244 1904 1285 ita

5 1330 8 1331 ν
93 1306 360 1350 demonstrari
388 1320 509 1360 posse
541 1308 748 1355 existimo,
782 1313 828 1347 ut
858 1312 1040 1346 neutrum
1070 1306 1275 1346 inventum
1305 1306 1453 1357 (neque
1485 1305 1535 1345 de
1565 1309 1745 1345 motuum
1774 1316 1902 1356 neque

92 1366 144 1405 de
174 1365 327 1407 orbium
355 1365 634 1419 proportione)
670 1366 830 1419 penitus
862 1365 1083 1417 relinquere
1115 1377 1280 1405 necesse
1312 1364 1379 1404 sit.
1398 1366 1433 1411 e)
1493 1362 1639 1404 Utrum
1670 1370 1805 1403 autem
1835 1363 1901 1403 in-

1 1452 12 1457 ,
92 1430 304 1465 ventorum
329 1425 372 1465 in
403 1426 522 1478 culpa
552 1425 620 1470 sit,
652 1437 702 1464 ex
733 1423 1002 1477 superioribus
1034 1423 1152 1463 facile
1181 1428 1247 1463 est
1269 1422 1480 1474 conjicere.
1532 1421 1709 1462 Primum
1741 1421 1901 1461 distan-

17 1503 22 1515 s
95 1483 179 1524 tiae
209 1483 405 1526 notoriae
437 1484 594 1535 longius
626 1496 651 1523 a
682 1481 1207 1536 Copernicaniswecedunt,
1249 1493 1366 1534 quam
1396 1480 1597 1534 figurales.
1658 1480 1835 1527 Deinde,
1866 1480 1901 1520 si

93 1536 288 1584 notorias
305 1541 393 1583 cum
413 1541 700 1596 Copernicanis
721 1543 918 1589 conferas,
940 1541 1120 1593 singulas
1142 1553 1230 1580 cum
1253 1538 1434 1592 singulis,
1456 1539 1715 1592 defectusque
1741 1538 1900 1578 adscri-

21 1658 24 1659 ⁷
52 1637 60 1643 .
93 1601 181 1649 bas,
211 1600 368 1643 videbis
398 1601 570 1654 aliquam
601 1601 830 1642 defectuum
860 1613 948 1640 cum
978 1599 1078 1652 ipsis
1109 1598 1282 1640 numeris
1314 1604 1435 1652 atque
1467 1598 1568 1639 adeo
1601 1610 1689 1638 cum
1720 1597 1900 1650 corpori-

27 1668 30 1669 ’
93 1660 169 1701 bns
200 1659 496 1742 cognationem,
527 1666 810 1732 praeterquam
841 1660 880 1700 in
912 1659 1125 1700 Mercurio.
1187 1658 1322 1698 Ecce:

557 1742 725 1815 Copern
762 1754 962 1793 Motoriae
1022 1752 1283 1793 Differentiae

439 1810 468 1858 Β
534 1812 575 1862 ‘ll
634 1809 721 1854 572
841 1810 928 1853 574
1049 1809 1105 1863 -l-
1166 1809 1193 1851 2
1314 1808 1450 1851 Cubus

434 1871 475 1920 ‘ll
541 1877 575 1918 ὁ
635 1868 722 1913 290
841 1868 928 1912 274
1049 1893 1104 1900 —
1142 1867 1193 1911 16
1314 1868 1577 1909 Tetraedron.

434 1935 468 1976 ὀ
536 1932 570 1980 ὃ
633 1928 720 1972 658
840 1927 927 1971 694
1048 1927 1104 1980 -Ι-
1138 1925 1194 1970 36
1314 1927 1618 1968 Βοάεοιιὲᾶτοιι.

436 1990 470 2038 ὅ
535 1988 568 2036 Ω
631 1987 730 2030 719.
838 1986 929 2030 762
1048 1988 1104 2039 —l-
1136 1986 1193 2029 43
1313 1986 1572 2027 Icosaedron.

436 2048 469 2096 Ω
538 2050 566 2098 ζὲ
631 2046 718 2090 500
839 2046 925 2089 563
1046 2046 1103 2098 -l-
1134 2044 1191 2087 63
1314 2045 1559 2086 Octaedron.

520 2107 598 2150 ,vel
629 2104 716 2148 559
1042 2104 1100 2156 -l-
1160 2103 1189 2146 4

210 2185 308 2226 Plus
339 2186 495 2227 scilicet
523 2187 564 2227 in
596 2192 780 2240 quatuor,
812 2187 942 2226 minus
972 2187 1013 2226 in
1045 2186 1194 2239 quinto.
1245 2185 1351 2226 Nam
1375 2199 1427 2226 ex
1453 2174 1636 2238 quatuor,
1668 2187 1762 2227 bina
1792 2200 1900 2228 sem-

5 2242 45 2288 „⁵
94 2257 166 2296 per
195 2256 363 2296 corpora
394 2251 487 2285 sunt
517 2246 676 2293 similia,
710 2246 888 2297 quintum
917 2246 1142 2286 solitarium
1174 2250 1249 2284 est.
1294 2245 1451 2284 Deinde
1473 2245 1728 2293 Mercurium,
1762 2252 1808 2286 ιιι
1837 2251 1903 2286 est

94 2303 244 2352 varius,
274 2304 316 2343 in
347 2304 526 2344 ordinem
556 2304 692 2356 redige
724 2311 766 2343 et
794 2304 942 2355 cogita,
976 2304 1121 2343 debere
1153 2303 1303 2355 aliquid
1334 2303 1457 2343 altius
1488 2303 1621 2343 media
1652 2304 1759 2344 orbis
1792 2305 1901 2356 spis-

6 2368 45 2420 ¹2·ss
94 2362 268 2404 situdine
296 2373 370 2413 pro
401 2363 534 2402 media
564 2363 758 2402 distantia
789 2362 965 2410 censeri,
998 2368 1158 2402 tantum
1187 2373 1351 2412 nempe,
1391 2367 1563 2413 quantus
1595 2367 1658 2401 est
1690 2363 1798 2401 orbis
1829 2375 1901 2402 oc-

93 2420 226 2461 taedri
243 2419 295 2469 ⁴¹),
328 2422 454 2474 (qnod
485 2433 607 2473 supra
636 2421 827 2460 audivisti
857 2420 990 2460 media
1014 2420 1275 2472 spissitudine
1296 2420 1467 2471 amplius
1487 2422 1598 2466 esse)
1631 2426 1682 2459 et
1705 2421 1902 2460 obtinebit

8 2478 40 2536 εἴ,
93 2491 167 2531 pro
197 2480 329 2519 media
359 2480 555 2520 distantia
585 2477 696 2528 559,
736 2492 813 2518 non
852 2477 951 2520 500.
1012 2479 1103 2519 Erit
1131 2478 1254 2530 igitur
1290 2478 1354 2517 hic
1392 2478 1488 2517 ordo
1526 2478 1611 2529 ejus
1653 2492 1901 2519 numerorum

97 2540 151 2587 ὃ,
183 2538 238 2588 §z
270 2536 378 2586 559,
409 2536 493 2580 563
526 2537 604 2589 (4-
634 2535 696 2586 4).
759 2537 865 2577 Ecce
896 2538 936 2577 in
967 2535 1015 2587 5,
1046 2537 1107 2585 94,
1140 2542 1183 2576 ει
1215 2536 1269 2584 Q,
1301 2537 1331 2586 3}
1361 2536 1608 2576 differentias
1641 2538 1812 2577 minores
1842 2550 1899 2578 sc.

94 2594 137 2645 2,
162 2594 204 2644 4,
236 2596 278 2636 in
302 2602 348 2646 d,
381 2598 430 2647 ὅ,
464 2599 498 2647 ὅ
526 2597 559 2645 Q
585 2597 771 2648 majores,
805 2608 862 2635 sc.
884 2592 955 2643 36,
980 2593 1052 2644 43,
1085 2596 1191 2635 sicut
1219 2595 1436 2646 interjecta
1465 2607 1633 2645 corpora
1663 2595 1746 2635 illic
1777 2596 1901 2637 cubus

19 2651 21 2654 ’
48 2672 51 2678 2
80 2659 140 2694 ιρι
169 2655 406 2705 οσιιιὲἀιοιι,
438 2657 502 2696 hic
534 2656 810 2696 dodecaedron
844 2659 885 2694 et
914 2654 1148 2694 {cosaedron
1179 2659 1275 2693 sunt
1305 2653 1465 2693 similia.
1525 2653 1583 2692 Et
1612 2654 1899 2703 animadverte,

50 2748 61 2763 ⁷.
97 2713 199 2766 quod
230 2713 326 2761 illic,
355 2714 424 2755 ubi
452 2728 600 2767 magna
631 2713 859 2754 differentia
889 2718 953 2752 est
979 2712 1259 2763 inscriptorum
1285 2717 1327 2752 et
1345 2711 1744 2762 circumscriptorum,
1775 2724 1902 2764 parva

18 2772 51 2779 ”
94 2777 162 2812 est
202 2772 427 2814 differentia
468 2773 774 2813 distantiarum:
819 2771 996 2811 vicissim
1026 2771 1093 2811 ubi
1133 2771 1417 2822 propemodum
1460 2770 1650 2822 aequales
1693 2772 1900 2827 adscripti,

19 2842 23 2886 j
52 2827 59 2870 ³.
83 2840 241 2882 magno
271 2832 483 2872 intervallo
514 2832 712 2872 dissident
743 2830 963 2871 distantiae
994 2830 1189 2869 motor-iae
1220 2843 1245 2869 a
1276 2828 1577 2880 Copernicanis.

212 2888 319 2930 Cum
347 2891 468 2942 igitur
498 2891 539 2930 in
570 2892 729 2931 defectu
760 2890 835 2930 hoc
868 2890 922 2929 sit
952 2888 1148 2940 quaedam
1180 2888 1424 2939 aequalitas,
1463 2893 1515 2942 et·
1535 2899 1630 2928 vero
1661 2887 1758 2930 nihil
1788 2888 1900 2929 ordi-
1934 2896 1937 2897 ’

64 2947 78 2981 21'
97 2952 237 2988 natum
256 2948 420 2989 fortuito
439 2950 612 2998 accidat,
644 2950 734 2989 ideo
755 2947 1021 3000 cogitandum,
1053 2959 1236 2986 numeros
1268 2947 1388 2986 hosce
1420 2946 1472 2987 ad
1502 2946 1714 2988 veritatem
1745 2947 1900 2999 quidem

73 3005 292 3054 alludere,
324 3008 495 3047 nondum
526 3014 660 3047 tamen
692 3021 782 3047 eam
812 3007 970 3058 penitus
1003 3011 1225 3044 assecutos.
1274 3005 1429 3056 Nempe
1461 3005 1499 3044 in
1532 3005 1620 3057 ipso
1651 3006 1901 3046 theoremate

59 3063 230 3118 ..dunc
261 3065 391 3106 limari
422 3066 516 3119 quid
544 3071 682 3119 potest
699 3070 760 3113 ⁰):
806 3071 876 3105 aut
918 3065 1125 3103 theorema
1168 3064 1325 3115 quidem
1369 3069 1476 3103 recte
1520 3064 1667 3112 habet,
1712 3065 1785 3104 sed
1816 3066 1900 3116 ejus

317 3147 323 3150 ,
1540 3130 1619 3165 12*
