2028 3242
0 0 34 27 ,ἦ

0 46 9 57 s

104 0 112 17 e
390 12 395 24 ,Δ
598 0 610 19 ,-
1367 0 1386 36 G

111 71 196 116 286
726 57 764 104 In
793 67 887 113 Apol.
914 71 1017 112 Tych.
1044 78 1160 104 contra
1183 72 1303 104 Ursum

107 179 288 211 versionem
312 177 448 218 subjeci,
474 182 511 210 nt
535 178 584 210 ita
609 177 774 210 discentes
802 177 844 210 ad
870 176 1042 219 Copernici
1075 178 1251 210 lectionem
1276 182 1310 210 et
1333 177 1514 210 faciliorem
1545 178 1800 221 intelligentiam
1824 187 1921 220 prae-

107 234 268 267 pararem.

202 306 298 338 Haec
331 316 348 338 e
375 305 580 338 Rothmanni
604 306 707 339 literis
734 317 773 339 eo
799 306 952 339 libentius
979 309 1213 350 excerpsimus,
1252 318 1314 350 quo
1341 308 1423 340 alias
1455 307 1496 339 de
1520 306 1583 339 hoc
1607 307 1717 339 subtili
1755 310 1789 340 et
1813 306 1923 338 solerti

108 358 292 386 astronomo
316 354 476 395 pauciora
499 354 722 386 innotuerunt.
774 354 964 395 Tychonem
991 358 1126 397 ejusque
1154 356 1342 397 „Epistolas
1368 353 1626 387 astronomica&⁸
1654 354 1694 386 de
1710 353 1922 387 Rothmanno

108 403 175 433 fere
199 402 332 434 unicum
358 406 476 433 testem
506 400 676 433 habemus.
727 401 841 433 Libros
867 412 946 443 quos
973 412 994 435 a
1019 413 1054 435 se
1081 404 1283 444 conscriptos
1301 403 1448 443 Tychoni
1472 402 1590 438 refert,
1616 411 1682 434 non
1699 401 1819 442 publici
1842 402 1922 443 iuris

108 449 206 486 fecit,
244 449 483 494 marm-„cripta
486 458 569 490 yero
595 448 797 480 Rothmanni
825 447 979 481 Cassellis
1010 450 1106 529 hodic?
1142 460 1294 482 reservari
1408 449 1535 482 Natum
1566 447 1814 480 Rothmannum
1848 457 1922 489 per·

106 496 220 528 hibent
245 495 429 537 Bernburgi
455 505 484 528 c.
509 485 671 527 ιιιιῖἆὶιῖἶιὶι
676 487 821 536 (Ty'Tio
828 489 1035 551 Ἳῖιιιιιῖἶῖι·
1011 507 1053 529 an
1036 486 1291 530 *wile
1316 496 1519 529 Rothmanni
1547 495 1702 536 „juvenili
1727 494 1860 527 aetate‘*
1889 498 1923 527 et

108 544 179 584 ipse
197 543 429 575 Rothmannus
454 552 489 574 se
516 543 630 575 eodem
657 552 744 575 anno
770 543 850 575 dicit
877 545 930 581 „in
956 545 1035 576 flore
1062 546 1205 576 aetatis“
1235 542 1464 584 constitutum)
1491 553 1557 575 sec.
1576 542 1688 580 XVI„
1713 543 1802 575 intra
1819 551 1923 575 annos

109 588 295 622 1577-90
334 590 420 631 apud
451 590 661 622 Guilielmum
695 590 837 623 Hassiae
864 591 1112 634 Landgravium
1147 593 1375 624 astronomicis
1413 591 1611 623 inserviebat
1645 589 1773 622 studiis.
1825 590 1920 622 Anno

115 637 201 689 1590
227 638 420 670 Guilielmus
444 638 530 669 haec
557 638 596 669 de
621 637 832 670 Rothmanno
858 640 995 671 nunciat
1021 638 1184 680 Tychoni:

202 720 292 752 Dass
316 720 373 751 wir
399 718 482 751 euch
507 729 552 750 nu
575 720 609 750 in
635 729 669 750 so
696 719 813 761 langer
838 720 916 752 Zeit
940 721 1032 754 nicht
1057 722 1281 765 geschrieben
1307 722 1350 752 ist
1375 721 1427 754 die
1455 720 1600 760 Vrsach,
1628 720 1703 752 dass
1728 729 1825 751 vnser
1847 717 1921 750 Ma-

108 768 307 800 thematicus
325 767 556 799 Rothmannus
569 767 633 800 ein
661 766 806 808 zeitlang
829 767 896 798 fast
921 770 1106 810 vnpasslich
1131 780 1295 811 gewesen
1323 769 1439 800 zudem
1457 768 1543 800 auch
1565 767 1726 800 nunmehr
1749 767 1807 798 wir
1824 765 1924 798 selbst

51 825 54 861 ξ
108 821 177 847 tam
218 815 303 846 mole
331 814 465 849 aetatis.
491 822 588 853 quam
614 813 761 844 laborum
788 818 886 855 atque
920 825 1070 848 curarum
1097 817 1283 849 dermassen
1310 815 1471 858 gedruckt
1494 815 1646 851 werden,
1684 814 1760 846 dass
1784 814 1842 845 wir
1866 823 1924 844 vns

51 864 55 899 ξ
107 864 167 894 mit
192 861 255 894 den
281 861 531 893 oblectamentis
548 860 796 892 Mathematicis
822 862 913 893 nicht
938 862 1029 895 mehr
1053 865 1114 896 wie
1139 864 1222 895 wohl
1242 874 1340 895 zuvor
1357 862 1554 895 beschehen.
1582 862 1761 894 oblectiren
1778 861 1924 892 konnen.

109 909 213 941 Nicht
239 909 330 940 desto
356 909 502 949 weniger
528 908 606 939 aber
631 908 843 940 vnderlassen
869 910 926 940 wir
949 921 1046 942 vnser
1070 912 1214 943 studium
1232 910 1504 942 Mathematicum
1531 909 1624 942 nicht
1648 918 1684 941 so
1706 918 1768 951 gar
1783 906 1925 942 bleiben.

45 967 57 991 ς
107 957 247 1002 sondern
271 956 428 999 hincken-
440 955 534 1004 noch
549 954 744 993 hernacher,
771 957 831 988 wie
859 957 910 988 ein
939 958 986 988 alt
1011 957 1107 991 Weib
1134 968 1187 990 am
1215 957 1370 990 Stecken.

188 995 301 1035 Was
315 992 428 1035 aber
419 1012 536 1033 vnsern
547 979 1368 1054 Matheffiffffimfflffir
1388 1003 1576 1046 Meynung,
1603 1012 1699 1035 wenn
1724 1012 1759 1034 er
1783 1013 1846 1034 nur
1871 1002 1923 1034 ein

61 1069 67 1095 ·.
109 1052 217 1093 wenig
241 1050 352 1082 mocht
377 1050 554 1086 wandern,
593 1050 656 1081 vnd
685 1050 736 1082 die
763 1050 854 1082 Lufft
878 1047 1078 1090 verandern‚
1114 1053 1190 1084 dass
1229 1063 1264 1084 es
1291 1052 1445 1084 alssdenn
1474 1052 1534 1082 mit
1558 1050 1624 1082 ihm
1658 1051 1770 1082 besser
1793 1049 1925 1082 werden

66 1104 70 1120 ’-
107 1098 205 1135 solte;
231 1097 351 1130 welchs
377 1097 434 1127 wir
458 1096 524 1128 ihm
551 1096 629 1128 aber
652 1097 727 1128 hart
753 1098 983 1131 widerrathen.
1037 1099 1079 1132 So
1096 1100 1156 1132 hat
1182 1111 1216 1132 er
1241 1100 1320 1132 aber
1345 1098 1428 1131 doch
1453 1099 1549 1130 einen
1567 1098 1707 1140 eigenen
1723 1096 1825 1138 Kopf,
1851 1097 1925 1128 dem

107 1145 214 1178 kaufft
247 1155 282 1176 er
314 1145 377 1177 alle
402 1144 462 1176 Jar
482 1145 872 1199 einegQffl-QQ
912 1146 1015 1178 damit
1046 1150 1180 1179 miissen
1205 1147 1263 1179 wir
1286 1147 1342 1179 ihn
1376 1146 1485 1178 lassen
1511 1155 1672 1187 geweren
1723 1143 1812 1176 Aber
1835 1131 1936 1198 Ῑιῖἷιῖἶ

108 1203 192 1225 were
219 1202 254 1224 es
279 1202 357 1231 vns,
397 1202 492 1223 wenn
517 1191 583 1223 ihm
616 1193 742 1234 einiger
768 1191 898 1225 Schade
923 1194 1140 1226 widerfahren
1172 1195 1270 1234 scite,
1307 1194 1396 1226 darm
1422 1203 1458 1225 er
1481 1194 1524 1224 ist
1556 1192 1746 1234 ingeniosus
1782 1190 1848 1222 vnd
1873 1191 1926 1222 ein

109 1241 214 1272 feiner
238 1239 403 1282 gelehrter
428 1239 549 1271 Gesell.
599 1239 751 1282 Begeren
778 1240 959 1272 derhalben
977 1242 1180 1284 gnadiglich‚
1207 1242 1257 1274 ihr
1280 1241 1390 1274 wollet
1416 1240 1499 1272 euch
1522 1239 1578 1272 ihn
1602 1250 1666 1272 von
1682 1243 1793 1272 vnsert
1809 1247 1924 1280 wegen

107 1288 216 1320 lassen
243 1287 394 1319 befohlen
420 1296 501 1326 seyn
527 1285 587 1318 διο.
628 1297 637 1301 “

201 1335 327 1366 Datum
353 1335 386 1365 iu
412 1343 507 1365 vnser
533 1333 631 1366 Stadt
655 1335 721 1366 vnd
747 1334 900 1377 Vestung
926 1335 1039 1373 Cassel
1067 1346 1121 1368 am
1151 1335 1203 1368 15.
1231 1335 1316 1376 Maji
1342 1345 1428 1368 anno
1456 1333 1559 1366 1590.

207 1415 320 1456 Tycho
346 1415 445 1447 refert
469 1415 718 1448 Rothmannum
745 1418 893 1460 Augusto
919 1428 1032 1449 mense
1058 1418 1301 1460 Uraniburgum
1327 1418 1455 1449 venisse
1481 1421 1515 1449 et
1539 1426 1598 1458 per
1622 1415 1746 1459 aliquot
1770 1414 1925 1457 septima—

107 1473 168 1495 nas
193 1472 305 1495 secum
331 1467 492 1494 moratum
518 1473 608 1503 esse,
646 1468 679 1495 et
704 1473 892 1506 quanquam
918 1466 978 1497 sibi
1002 1467 1206 1506 proposuerit
1229 1466 1305 1497 hinc
1333 1465 1497 1497 Cassellas
1523 1464 1646 1500 redire,
1676 1474 1744 1497 non
1768 1463 1812 1494 ad
1835 1463 1923 1504 prin·

110 1511 213 1551 cipem
238 1520 401 1542 reversum
428 1520 512 1542 esse.
561 1510 675 1543 Morbo
702 1516 837 1543 vexatus
863 1513 1049 1545 vehementi
1075 1514 1212 1545 secessit
1236 1513 1270 1544 in
1295 1513 1408 1544 urbem
1433 1513 1575 1554 patriam
1599 1511 1840 1553 Bemburgium
1864 1509 1923 1541 ibi-

108 1567 170 1599 que
195 1562 341 1589 mortuus
369 1562 418 1589 est
444 1568 530 1590 anno
561 1556 661 1590 1596.

204 1649 241 1690 9)
266 1662 298 1692 p.
326 1650 406 1683 245.
458 1651 595 1694 Spectat
631 1653 681 1684 his
706 1653 869 1694 Keplerus
905 1654 1160 1686 admonitionem
1199 1655 1263 1692 „ad
1301 1654 1457 1687 lectorem
1489 1653 1529 1685 de
1560 1652 1794 1694 hypothesibus
1831 1651 1926 1692 hujus

110 1700 236 1743 operis,
249 1698 466 1739 praefixam
492 1700 626 1732 editioni
652 1701 777 1741 primae
812 1702 920 1741 operis
948 1701 1120 1742 Copernici
1146 1691 1468 1742 (Norimb.1543.).
1518 1701 1668 1732 Andreas
1695 1698 1924 1736 Osiander,

110 1746 235 1778 celeber
253 1746 306 1778 ille
325 1747 495 1788 theologus
507 1747 789 1789 horimbergensis
809 1746 894 1786 (nat.
914 1749 1157 1781 Gunzenhusae
1190 1746 1298 1786 1498,
1323 1747 1344 1789 †
1363 1748 1576 1790 Regiomonti
1593 1745 1715 1787 1552).
1741 1745 1925 1778 mathema-

109 1795 177 1825 tica
201 1803 328 1836 quoque
355 1794 454 1826 coluit
484 1795 796 1836 imprimendumque
822 1797 949 1827 curavit
971 1795 1208 1838 Norimbergae
1228 1796 1399 1837 Copernici
1419 1805 1497 1836 opus
1516 1795 1556 1827 de
1572 1794 1689 1827 Revol.
1708 1793 1924 1826 Coelestibns.

108 1841 204 1872 Haec
230 1845 306 1872 sunt
333 1840 485 1873 Osiandri
510 1841 626 1873 verba:
653 1865 660 1873 .
689 1865 696 1872 .
726 1842 884 1884 ..Neque
911 1843 997 1874 enim
1023 1853 1158 1875 necesse
1185 1847 1249 1882 est,
1292 1853 1348 1875 eas
1378 1843 1576 1883 hypotheses
1612 1852 1684 1874 esse
1709 1850 1824 1879 veras,
1861 1841 1926 1872 imo

110 1898 153 1920 ne
178 1887 370 1920 verisimiles
396 1889 544 1930 quidem,
584 1889 642 1920 sed
667 1889 807 1927 suffieit,
845 1891 870 1920 si
898 1890 1059 1922 calculum
1087 1891 1364 1923 observationibus
1391 1894 1625 1932 congruentem
1652 1888 1838 1920 exhibeant.
1859 1910 1868 1919 .
1887 1910 1895 1919 .
1916 1911 1923 1919 .

108 1936 197 1968 Satis
222 1939 327 1975 patet,
355 1937 584 1976 apparentium
609 1937 830 1977 inaequalium
856 1942 1003 1968 motuum
1021 1947 1139 1970 causas
1167 1939 1400 1969 astronomiam
1425 1938 1556 1978 penitus
1575 1941 1610 1968 et
1626 1935 1816 1977 simpliciter
1829 1934 1923 1977 igno-

107 1992 191 2015 rare.
243 1983 286 2014 Et
311 1984 338 2014 si
364 1992 444 2024 quas
469 1983 621 2024 fingendo
649 1984 834 2025 excogitat.
872 1994 1081 2026 nequaquam
1107 1990 1219 2016 tamen
1252 1985 1284 2016 in
1310 1985 1373 2016 hoc
1399 1985 1584 2026 excogitat,
1620 1988 1658 2015 ut
1682 1983 1731 2014 ita
1755 1991 1827 2013 esse
1853 1982 1920 2014 cui-

108 2039 206 2072 quam
236 2030 453 2072 persuadeat‚
486 2031 544 2062 sed
578 2035 707 2062 tantum
738 2036 774 2062 ut
801 2031 963 2063 calculum
996 2036 1085 2063 recte
1119 2033 1304 2064 instituant.
1357 2031 1510 2063 Sinamus
1543 2031 1644 2073 igitur
1675 2034 1709 2062 et
1731 2029 1794 2062 has
1819 2037 1922 2060 novas

107 2077 303 2118 hypotheses
329 2078 413 2109 inter
438 2081 563 2109 veteres
588 2078 689 2109 nihilo
715 2078 951 2110 verisimiliores
977 2079 1194 2111 innotescere.
1247 2078 1364 2120 Neque
1390 2079 1561 2120 quisquam
1587 2077 1672 2120 quod
1698 2077 1742 2109 ad
1764 2075 1923 2118 hypothe-

109 2134 160 2157 ses
178 2126 308 2170 'attinet
332 2125 508 2167 quidquam
533 2125 614 2157 certi
641 2125 681 2157 ab
709 2126 910 2158 astronomia
935 2130 1113 2167 exspectet,
1141 2136 1213 2159 cum
1244 2127 1316 2167 ipsa
1340 2126 1419 2158 nihil
1444 2126 1514 2158 tale
1537 2129 1707 2167 praestare
1731 2127 1843 2166 queat.

206 2217 266 2259 10)
292 2229 322 2260 p.
352 2217 430 2250 253.
482 2218 534 2250 De
564 2218 1119 2267 HieronymoQacastorio
1155 2221 1239 2254 haec
1265 2221 1462 2253 Weidlerum
1497 2220 1602 2252 secuti
1635 2221 1799 2251 notamus.
1849 2217 1921 2249 Me-

108 2267 218 2303 dicus,
254 2266 463 2308 philosophus
500 2270 533 2297 et
567 2269 666 2307 poeta
691 2266 892 2299 Veronensis
931 2266 1021 2308 (nat.
1055 2278 1086 2300 a.
1060 2261 1225 2305 ⁴“1483,
1264 2269 1344 2300 obiit
1368 2278 1398 2300 a.
1424 2265 1548 2306 1548.)
1581 2267 1698 2299 librum
1733 2266 1792 2298 sub
1827 2265 1923 2296 titulo

111 2314 482 2362 Homocentrica
512 2313 613 2345 edidit
639 2312 776 2352 (Venet.
809 2313 908 2346 1538.
958 2315 996 2347 In
1024 2315 1226 2357 „Operibus“
1259 2326 1343 2357 quae
1371 2325 1457 2347 auno
1485 2313 1571 2346 1591
1602 2314 1756 2356 Lugduni
1792 2312 1920 2354 prodie-

108 2364 185 2393 runt
211 2365 319 2393 exstat
342 2361 397 2393 ille
421 2364 585 2393 tractatus
612 2365 699 2393 tomo
726 2360 797 2401 11.).
851 2361 975 2403 Scopus
1008 2364 1078 2404 ejus
1105 2368 1155 2394 est
1188 2363 1301 2395 tollere
1327 2363 1464 2395 circulos
1488 2362 1696 2403 planetarum
1723 2359 1922 2392 eccentricos

109 2413 142 2440 et
166 2418 224 2449 per
248 2408 508 2440 homocentricos
541 2418 654 2440 omnes
678 2413 785 2440 motus
811 2410 970 2441 coelestes
996 2410 1169 2451 explicare.
1221 2410 1316 2449 Quod
1347 2414 1384 2441 ut
1416 2410 1540 2441 efficiat
1572 2409 1668 2451 fingit
1694 2405 1918 2445 „circitor-ew

108 2456 248 2497 aliquem
280 2456 404 2488 duobus
437 2456 577 2487 motibus
602 2456 806 2496 praeditum,
842 2467 976 2498 quorum
1003 2457 1086 2489 alter
1118 2467 1139 2489 a
1165 2458 1430 2489 circumducente
1455 2455 1579 2498 pendet
1609 2465 1671 2496 quo
1697 2453 1922 2486 circumfertur

108 2502 244 2543 planeta
275 2504 308 2534 in
340 2503 567 2538 latitudinem,
607 2503 692 2535 alter
725 2505 870 2545 proprius
904 2508 954 2536 est
979 2514 1040 2546 quo
1073 2505 1255 2536 successive
1292 2504 1494 2546 planetain
1521 2502 1671 2544 opposita
1694 2505 1864 2533 moveatur
1887 2504 1922 2532 et

110 2550 328 2590 trepidatione
354 2550 498 2592 quadam
522 2550 664 2587 feratur,
700 2551 787 2582 unde
815 2552 955 2593 apogaei
989 2556 1022 2583 et
1046 2553 1192 2593 perigaei
1217 2553 1354 2583 variatio
1381 2551 1538 2593 originem
1567 2549 1700 2581 habeat.
1749 2548 1822 2580 Poli
1844 2557 1920 2579 vero

110 2598 194 2628 orbis
221 2598 419 2629 contravecti
453 2607 473 2628 a
500 2598 692 2635 „circitore“
726 2599 773 2629 sic
798 2602 986 2635 moventur,
1024 2609 1090 2630 non
1120 2603 1158 2630 ut
1191 2599 1326 2631 circulos
1359 2598 1485 2630 faciant
1513 2597 1547 2628 in
1571 2595 1824 2631 se‘redeuntes,
1861 2594 1921 2627 sed

108 2643 229 2676 helices
256 2646 361 2686 magis
388 2649 422 2675 et
446 2645 615 2676 umbilicos
641 2644 700 2676 &a
750 2645 877 2677 Motum
908 2645 996 2677 hunc
1024 2645 1331 2687 „tripudiationem“
1359 2643 1614 2686 nuncupandum
1645 2647 1771 2674 censet.
1822 2641 1920 2674 Hanc
1964 2662 1966 2664 ν

109 2690 303 2732 hypothesin
329 2692 465 2733 singulis
491 2692 631 2723 motibus
657 2692 864 2733 planetarum
891 2697 924 2724 et
948 2693 1085 2724 fixarum
1103 2693 1332 2725 accommodat
1357 2695 1390 2724 et
1409 2690 1567 2733 quomodo
1586 2690 1827 2722 observationes
1845 2699 1918 2721 cum

110 2737 166 2769 illa
197 2739 394 2770 conveniant
427 2743 610 2771 monstrare
635 2740 759 2770 nititur.
809 2740 904 2771 Haec
930 2744 1136 2777 commenta,
1172 2740 1264 2771 addit
1287 2739 1486 2775 Weidlerus‚
1522 2738 1736 2770 Thebitianas
1761 2736 1917 2778 quodam-

111 2785 205 2816 modo
231 2786 360 2817 fabulas
386 2787 535 2827 sapiunt,
569 2787 612 2818 ad
636 2786 770 2818 ineundi
796 2787 913 2819 calculi
937 2787 1081 2819 rationes
1106 2788 1219 2829 inepta
1243 2791 1330 2818 sunt.
1379 2786 1523 2818 Inficiari
1547 2789 1661 2816 tamen
1685 2794 1750 2815 non
1774 2793 1916 2825 possum,

110 2840 150 2862 ex
174 2836 243 2863 toto
269 2833 350 2864 libro
375 2833 527 2864 foecundi
553 2833 751 2866 Fracastorii
775 2834 899 2876 ingenii
924 2834 1118 2866 facultatem
1144 2834 1271 2866 elucere
1297 2833 1543 2874 solertiamque,
1581 2841 1678 2873 quam
1707 2831 1741 2863 in
1765 2831 1916 2862 observa·

111 2878 268 2916 tionibus,
295 2889 431 2922 quarum
457 2881 656 2914 mentionem
682 2881 797 2920 injicit,
823 2881 1031 2913 instituendis
1057 2881 1215 2918 adhibuit,
1241 2890 1302 2912 sua
1325 2879 1422 2912 laude
1446 2881 1559 2921 privan
1584 2888 1636 2910 am
1661 2889 1726 2910 non
1752 2888 1834 2910 esse.

208 2970 265 3010 11)
291 2982 322 3013 p.
343 2970 421 3004 254.
465 2973 601 3005 Weidl
615 2983 710 3006 erus
726 2972 828 3014 (Hist.
850 2975 937 3006 Astr.
955 2985 986 3016 p.
1009 2972 1080 3014 68.)
1099 2975 1212 3006 refert:
1241 2974 1335 3012 Quod
1354 2954 1473 3006 Graeci
1497 2977 1620 3004 motum
1639 2972 1722 3004 Solis
1741 2976 1774 3003 et
1786 2971 1913 3007 Lunae,

111 3018 153 3050 ad
178 3027 273 3059 quem
300 3028 422 3051 annum
449 3030 543 3051 suum
569 3022 766 3053 conformem
792 3022 985 3063 cupiebant,
1024 3022 1159 3053 Homeri
1185 3027 1218 3053 et
1242 3021 1378 3053 Hesiodi
1405 3024 1516 3052 aetate
1550 3021 1601 3052 vel
1626 3019 1716 3051 haud
1740 3019 1789 3050 ita
1812 3017 1914 3050 multo

109 3069 184 3107 post
208 3075 274 3096 non
300 3066 404 3098 obiter
427 3068 627 3108 propositum
651 3067 842 3105 habuerint,
884 3068 1180 3111 olympiadum
1214 3069 1358 3101 inventio
1385 3072 1418 3100 et
1442 3077 1519 3100 usus
1544 3068 1670 3109 probat.
1708 3066 1819 3098 Prima
1843 3065 1911 3107 qui—
