2028 3242
190 129 278 172 430
933 131 990 166 De
1013 130 1254 163 nasamonas

192 234 404 275 similium:
438 247 484 274 eo
517 235 599 276 fere
633 235 777 284 modo,
824 247 901 288 quo
943 235 1125 275 videmus
1155 234 1196 275 in
1226 233 1450 276 visceribus
1483 234 1654 277 hominis
1685 235 1819 277 omnia
1849 234 2007 289 quidem

191 293 407 346 purgantia
437 295 724 336 commotiones
755 294 962 335 humorum
993 294 1164 343 efficere,
1200 293 1272 334 sed
1304 294 1535 347 specialiter
1565 294 1870 336 rhabarbarum>
1889 293 2004 335 bilis:

193 354 306 400 (nam
347 365 447 404 quae
486 353 658 394 facultas
691 353 938 406 geometriae
969 365 1099 405 capax
1130 357 1214 402 est,
1265 365 1343 393 non
1382 353 1437 394 sit
1471 353 1544 394 illa
1582 354 1730 395 coloris
1760 353 2007 406 aliarumque

191 412 230 451 in
262 410 388 452 radiis
420 412 721 463 qualitatum?)
752 412 964 465 potissima
994 416 1130 452 tamen
1162 411 1343 452 varietas
1375 417 1439 452 est
1470 412 1521 453 ab
1551 412 1641 465 ipsa
1671 423 1898 465 corporum,
1939 411 2005 452 in-

190 469 330 522 primis
363 471 539 521 Terrae,
574 471 860 524 dispositione:
906 483 1024 524 quam
1064 470 1155 510 aliis
1186 471 1369 523 partibus
1401 471 1569 524 aliisque
1606 471 1856 524 temporibus*
1882 471 2008 511 habet

193 529 330 570 aliam.
377 527 549 575 Quando
581 531 698 580 enim,
732 530 904 582 exempli
937 543 1072 579 causa,
1105 541 1226 570 verno
1258 534 1436 582 tempore
1467 530 1659 571 humores>
1684 531 1726 571 in
1757 529 2005 583 septentrio-

183 588 273 628 ·nali
305 589 454 628 Terrae
485 589 729 638 medietate,
768 595 932 641 propter
963 588 1072 629 Solis
1105 601 1336 639 accessum,
1384 590 1433 629 de
1472 602 1548 642 quo
1584 599 1732 643 supra,
1777 589 2005 638 abundant,

191 653 286 687 tunc
328 648 394 687 vel
437 648 665 689 levissimus
705 653 894 701 aspectus
949 659 1268 700 quorumcunque
1312 648 1566 700 planetarum
1619 648 1862 689 facultatem·
1894 647 2007 689 illam

192 706 342 746 Terrae
374 701 564 754 concitat,
596 712 642 748 ut
674 720 762 748 sese
795 710 1059 755 commoveat,
1094 710 1137 746 et
1166 706 1324 759 copiam
1356 707 1532 760 aliquam
1556 719 1752 760 vaporum
1777 707 1830 747 ad
1856 706 2006 747 imbres

194 766 518 818 progenerandos
551 767 736 806 exsudet.
798 765 895 806 Alio
925 770 1105 817 tempore
1146 765 1212 805 vel
1250 765 1338 806 loco
1381 771 1570 818 aspectus
1609 767 1729 819 longe
1762 765 2006 807 fortissimus

195 824 361 865 Terram
393 824 553 877 quidem
585 825 781 874 stimulat,
815 825 887 864 sed
917 828 1084 876 propter
1113 823 1307 865 materiae
1340 824 1540 866 defectum
1570 835 1718 879 parum,
1742 824 1867 866 elicit.

927 882 1102 923 Thesis
1131 882 1265 923 XLV.
1778 905 1782 909 ›

314 941 405 987 Quo
437 942 526 982 loco
559 941 820 994 concipienda
852 946 917 982 est
960 941 1042 982 alia
1084 941 1248 994 insuper
1296 942 1465 983 necdum
1509 941 1674 994 cognita
1706 948 1853 984 causa:
1893 941 2006 994 cujtis

198 1000 397 1052 ignoratio
429 1000 729 1052 praedictiones
762 1001 1058 1052 astrologorum
1087 1000 1345 1059 vehementer
1374 1001 1522 1042 turbat.
1566 1000 1673 1042 Nam
1703 1005 1750 1042 nt
1777 1001 1818 1042 in
1838 1000 2006 1041 -homine

193 1064 285 1099 sunt
329 1060 526 1111 quaedam
568 1059 774 1101 humorum
818 1059 994 1112 periodi,
1040 1071 1141 1112 quae
1174 1060 1371 1110 efficiunt,
1416 1064 1461 1100 ut
1500 1060 1619 1100 homo
1647 1064 1812 1113 praeter
1841 1066 2006 1100 causam

194 1118 419 1158 evidentem
450 1118 589 1158 crebro
621 1118 661 1158 in
694 1118 869 1171 aliquem
900 1119 1087 1158 affectum
1125 1123 1332 1159 vertatur.
1376 1119 1576 1159 interdum
1618 1119 1684 1159 vel
1726 1118 1812 1160 sine
1853 1118 2007 1158 musica

195 1177 249 1216 sit
278 1176 436 1226 hilaris,
481 1190 637 1217 rursum
679 1178 790 1217 nulla
830 1177 1033 1218 suavitate
1073 1191 1098 1217 a
1128 1177 1312 1218 tristibus
1345 1177 1656 1230 cogitationibus
1688 1176 1818 1218 averti
1847 1176 2004 1230 possit:

195 1236 246 1275 ad
278 1235 447 1276 eundem
478 1236 598 1288 plane
623 1236 786 1276 modum
807 1236 1072 1288 deprehendo,
1100 1241 1263 1288 praeter
1288 1242 1478 1289 aspectus
1505 1249 1594 1278 esse
1628 1236 1732 1278 alias
1756 1241 1801 1277 et
1820 1235 2005 1277 tortiores

194 1295 402 1347 magisque
436 1294 650 1335 durabiles*
671 1307 838 1344 causas,
873 1307 974 1348 quae
1007 1295 1206 1346 efficiunt,
1238 1300 1285 1336 ut
1314 1295 1473 1348 integer
1501 1295 1645 1349 aliquis
1677 1304 1825 1344 annus,
1853 1300 2004 1348 quanto

194 1359 374 1406 tempore
405 1354 538 1400 nullus
571 1359 760 1406 aspectus
794 1355 925 1405 durat,
957 1354 1122 1394 humore
1153 1354 1320 1407 ideoque
1353 1359 1394 1394 et
1426 1355 1572 1407 frigore
1604 1354 1726 1395 nimio
1754 1353 2003 1395 detineatur:

194 1412 234 1452 in
266 1424 341 1465 quo
372 1413 525 1462 videas,
557 1413 623 1453 vel
654 1413 879 1454 levissimos
911 1418 1114 1466 aspectus,
1149 1414 1304 1466 quoties
1335 1413 1527 1463 incidunt,
1548 1414 1756 1467 plurimum
1781 1413 2005 1466 pluviarum

195 1472 260 1511 vel
293 1476 499 1512 ventorum
531 1471 648 1520 ciere,
683 1472 811 1525 qualis
844 1472 920 1512 fuit
951 1480 1077 1512 ann'us
1108 1472 1187 1513 iste
1224 1470 1348 1522 1601,
1383 1472 1462 1513 alio
1494 1484 1590 1513 vero
1622 1485 1726 1513 anno
1745 1477 1864 1513 tauta
1882 1471 2004 1512 sicci-

195 1535 261 1570 tas
294 1535 368 1580 est,
401 1535 446 1571 ut
476 1531 548 1571 sub
581 1531 668 1571 dies
699 1536 933 1583 aspectuum
963 1531 1063 1571 nihil
1093 1530 1169 1572 nisi
1189 1532 1422 1581 nubeculae,
1451 1536 1522 1572 aut
1552 1531 1640 1572 loco
1659 1543 1852 1584 vaporum
1873 1531 2005 1572 fumus

196 1594 445 1639 excernatur,
481 1590 610 1643 qualis
643 1590 720 1631 fuit
751 1603 876 1630 annus
912 1587 1039 1631 1599.

913 1649 1096 1689 Thesis
1126 1648 1282 1689 XLVI.

313 1707 382 1747 An
414 1707 513 1748 haec
545 1712 630 1747 tam
661 1707 824 1747 evidens
857 1708 1034 1748 varietas
1061 1720 1110 1747 ex
1142 1707 1357 1759 eclipsibus
1378 1706 1486 1747 Solis
1519 1712 1560 1747 et
1590 1707 1734 1748 Lunae
1761 1707 2007 1760 (quae-sunt

199 1766 338 1806 itidem
367 1766 472 1806 inter
504 1770 705 1818 aspectus,
739 1766 894 1806 scilicet
924 1766 1029 1806 inter
1059 1766 1356 1819 conjunctiones
1389 1771 1432 1806 et
1456 1765 1728 1818 oppositiones
1748 1765 2005 1813 referendae)

196 1825 418 1877 proveniat,
452 1824 784 1865 considerandum
815 1825 1009 1877 relinquo.
1073 1824 1342 1866 Statuendum
1371 1824 1494 1876 igitur
1531 1829 1667 1874 esset,
1709 1832 1807 1865 eam
1838 1825 1890 1865 de
1927 1835 2007 1876 qua

198 1891 283 1924 tam
313 1884 439 1924 multa
471 1883 567 1933 dixi,
599 1883 835 1924 facultatem
868 1883 1080 1924 animalem
1101 1884 1262 1932 Terrae,
1297 1883 1430 1923 subita
1460 1883 1619 1924 luminis
1638 1878 1860 1924 'amissione
1878 1882 2006 1923 vehe-

198 1947 352 1983 menter
391 1942 667 1987 consternari,
726 1947 768 1983 et
811 1943 1007 1995 quendam
1045 1942 1161 1994 quasi
1206 1943 1393 1982 affectum
1434 1942 1643 1994 concipere
1685 1941 1802 1995 inque
1839 1941 2008 1982 multum

197 2007 353 2053 tempus
383 2013 619 2054 prorogare,
662 2002 766 2053 quod
798 2006 841 2041 et
871 2001 1172 2053 Theophrastus
1209 2013 1290 2041 non
1320 2001 1463 2053 ubique
1496 2001 1703 2041 fabulosus
1733 2000 1909 2041 sensisse
1940 1999 2007 2039 vi·

198 2061 327 2100 detur.
390 2059 482 2100 Nisi
513 2060 617 2099 enim
649 2065 719 2100 aut
748 2061 852 2100 hanc
885 2073 1050 2100 causam
1092 2060 1270 2112 alleges,
1316 2064 1388 2099 aut
1430 2060 1613 2100 omnibus
1651 2059 1785 2100 causis
1827 2058 2006 2113 physicis

198 2119 362 2171 rejectis
411 2119 487 2159 hoc
531 2123 700 2158 naturae
759 2131 858 2171 opus
911 2118 1151 2159 ordinarium
1203 2118 1546 2159 extraordinariae
1596 2117 1675 2158 Dei
1729 2117 2006 2171 providentiae

198 2177 466 2225 transcribas,
499 2177 700 2230 explicare
732 2190 811 2218 non
842 2177 1014 2229 poteris,
1056 2190 1135 2230 qua
1165 2177 1321 2217 ratione
1354 2177 1526 2230 eclipses
1556 2181 1642 2218 tam
1673 2173 1762 2218 sint
1785 2176 2005 2218 ominosae.

477 2252 482 2255 -
911 2236 1007 2276 The
1019 2248 1087 2276 SlS
1119 2236 1296 2276 XLVII.

316 2295 378 2334 At
407 2294 538 2347 magis
571 2299 882 2335 consentaneum
913 2299 998 2343 est,
1029 2295 1135 2335 idem
1167 2295 1231 2335 hic
1263 2295 1411 2336 Terrae
1443 2294 1548 2346 quod
1592 2293 1860 2335 animantibus
1897 2304 2006 2333 mor-

200 2352 361 2393 talitate
395 2353 533 2394 demta
564 2354 748 2403 evenire,
793 2358 838 2394 ut
881 2366 931 2394 ex
972 2354 1131 2394 interna
1171 2354 1343 2408 quadam
1379 2352 1640 2405 dispositione
1678 2365 1772 2394 suos
1802 2352 2008 2392 humorum

199 2412 388 2453 circuitus
433 2417 474 2452 et
519 2412 634 2466 quasi
663 2413 824 2453 morbos
856 2413 1031 2453 habeat:
1079 2426 1180 2466 quae
1211 2412 1247 2452 si
1278 2417 1388 2461 sunt,
1427 2412 1539 2464 leges
1572 2416 1615 2452 et
1643 2416 1828 2464 tempora
1857 2409 2006 2451 circui-

199 2476 310 2511 tuum
342 2483 391 2510 ex
420 2471 678 2523 plurimorum
710 2484 903 2512 annorum
934 2472 1095 2512 collatis
1126 2470 1498 2517 observationibus,
1537 2470 1642 2524 quod
1677 2471 1873 2511 hactenus
1902 2480 2005 2509 non-

202 2530 295 2569 dum
326 2534 390 2570 est
423 2530 594 2580 factum,
627 2530 932 2582 investigandae
974 2535 1080 2571 sunt.
1144 2529 1351 2571 Caesius
1394 2530 1458 2569 hic
1492 2529 1612 2583 'cyclo
1656 2527 2007 2570 decemnovennali

201 2588 338 2628 Lunae
373 2588 522 2641 aliquid
553 2589 713 2637 tribuit3
758 2589 820 2629 cui
863 2589 1020 2642 quidem
1064 2590 1162 2630 fides
1200 2589 1327 2629 omnis
1363 2587 1548 2640 derogari
1578 2600 1657 2628 non
1687 2591 1838 2642 potest.
1900 2586 2008 2627 Nam

201 2651 241 2685 et
272 2647 393 2686 maris
427 2653 564 2688 aestus
597 2649 760 2689 maximi
791 2653 886 2699 post
921 2646 974 2689 19
1007 2661 1132 2688 annos
1165 2648 1217 2688 ad
1249 2647 1413 2688 eosdem
1444 2647 1537 2687 anni
1569 2646 1654 2686 dies
1685 2645 1835 2687 reverti
1865 2659 1890 2686 a
1915 2657 2006 2685 ma-

200 2704 345 2744 ritimis
378 2706 576 2747 feruntur:
610 2712 653 2746 et
683 2707 800 2746 Luna
830 2706 1060 2747 humoribus
1093 2707 1321 2755 destinata,
1365 2705 1456 2746 huic
1493 2705 1676 2758 negotio,
1717 2705 1823 2758 quod
1856 2704 1899 2745 in
1929 2704 2006 2744 hu-

200 2775 351 2803 morum
383 2776 553 2805 excessu
583 2766 649 2805 vel
682 2765 841 2806 defectu
872 2765 1071 2815 consistit,
1102 2766 1248 2806 idonea
1277 2763 1405 2804 videri
1434 2768 1583 2816 potest.
2008 2782 2010 2786 ·

905 2824 1082 2864 Thesis
1112 2824 1308 2865 XLVIII.

320 2877 404 2919 Sed
435 2884 477 2920 et
506 2882 628 2922 tertia
659 2895 782 2922 causa
813 2895 961 2935 magna
990 2882 1334 2923 verisimilitudine
1372 2892 1415 2920 se
1452 2879 1651 2920 insinuat:
1684 2879 1834 2920 multas
1863 2878 2017 2919 subla-¹

204 2936 312 2976 naris
355 2942 524 2978 naturae
574 2941 887 2989 commotiones,
931 2954 1032 2994 quas
1075 2941 1177 2981 citra
1220 2944 1407 2992 aspectus
1444 2938 1643 2978 interdum
1687 2937 1869 2978 accidere
1909 2935 2004 2984 dixi,

203 2994 299 3035 cieri
329 2995 380 3035 ab
412 2996 652 3038 harmonicis
683 3000 935 3050 planetarum
965 2999 1152 3039 motibus.
1205 2998 1366 3039 Etenim
1398 2996 1432 3037 si
1459 2996 1787 3049 proportionatae
1799 2994 2007 3036 radiorum

203 3053 371 3118 angulus
402 3054 477 3095 hoc
509 3056 653 3097 efficit:
699 3057 835 3108 quidni
866 3062 908 3098 et
937 3057 1230 3110 proportionati
1259 3057 1442 3097 binarum
1473 3055 1680 3096 stellarum
1710 3059 1866 3103 motus,
1903 3065 2014 3106 quea

201 3110 279 3151 ties
324 3112 375 3152 ad
420 3125 538 3153 unum
580 3120 813 3156 concentum
853 3117 1101 3157 tenduntur?
1144 3116 1202 3157 sic
1239 3120 1285 3156 ut
1324 3114 1491 3167 aequale
1532 3113 1705 3166 spatium
1742 3112 1875 3154 citius
1903 3107 2028 3154 alius
