2028 3242
853 64 970 92 eontra
992 58 1123 94 um
1805 61 1894 107 245

86 170 173 199 sum
206 170 361 213 qnoque
391 161 609 210 concludit,
655 163 758 215 quod
791 164 1062 206 consideranti
1102 165 1220 206 facile
1252 172 1379 219 patet.
1440 167 1642 208 Numerus
1674 170 1891 221 quaeritur,

86 217 153 270 qui
183 218 339 271 legibus
370 219 576 272 imperatis
610 226 810 263 tractatus
842 228 997 265 certum
1026 225 1122 277 quid
1155 225 1318 265 efficiat.
1380 226 1588 279 Arripitnr
1618 227 1759 268 obvius
1777 230 1892 281 quis-

85 282 180 328 que,
223 282 423 319 &aetatu
453 279 541 332 lege
572 279 781 332 imperata,
814 282 850 321 si
883 283 987 335 quod
1012 283 1179 334 jubetur
1208 284 1355 333 efficit,
1388 284 1501 337 ipsus
1527 291 1592 325 est
1623 285 1689 339 qui
1719 299 1893 339 quaere·

84 334 222 385 batur,
252 336 315 377 sin
346 337 487 387 minus,
521 338 649 378 falsus
679 345 756 381 est.
817 341 907 381 Hoc
937 341 1043 382 idem
1074 341 1113 382 in
1137 342 1268 382 altero
1299 348 1492 391 tentatur,
1526 345 1683 396 utrique
1713 345 1820 388 inter
1847 359 1892 388 se

83 399 363 446 comparantur
399 403 442 436 et
471 402 725 450 utrorumque
763 406 953 451 peccata,
1006 412 1171 454 quorum
1201 400 1347 441 intuitu
1378 414 1498 442 verns
1527 403 1690 444 tandem
1721 404 1893 446 elicitur.

84 451 188 493 Huic
218 453 311 506 quid
342 455 381 495 in
412 456 691 496 astronomicis
724 457 1012 511 hypothesibus
1043 459 1173 500 simile
1201 459 1272 508 sit,
1306 460 1448 500 iisdem
1478 461 1688 502 verborum
1706 464 1892 516 vestigiis

83 511 230 553 dicam.
290 510 548 567 Hypotheses
579 522 839 566 quaeruntur,
878 530 979 570 quae
1011 517 1112 558 coeli
1142 518 1317 559 motibus
1355 519 1639 571 respondeant.
1700 521 1891 574 Alphon-

83 569 196 611 sinae
225 583 395 625 peccare
425 572 792 625 deprehenduntur,
825 574 1127 628 Copernicanae
1158 577 1312 618 itidem.
1374 577 1435 618 At
1464 578 1593 618 solers
1625 579 1774 622 artifex
1802 581 1891 621 col-

84 629 234 670 latione
270 635 525 684 utrarumque
562 631 752 674 instituta
789 640 831 674 et
869 635 1077 675 subductis
1116 635 1413 677 aberrationum
1457 637 1681 678 rationibus
1728 639 1891 680 tertium

82 687 232 741 aliquid
262 689 419 738 statuit,
453 690 557 743 quod
589 703 762 732 errorem
794 706 949 734 omnem
980 693 1089 734 eirca
1118 695 1409 746 praedicendos
1440 695 1542 736 coeli
1572 701 1705 736 motus
1735 697 1888 750 effugit,

81 758 207 800 eoque
235 748 353 789 modo
384 754 573 801 utrasque
606 749 696 790 illas
728 751 971 805 hypotheses
991 753 1170 806 corrigit.
1232 752 1339 800 Quid
1359 753 1423 794 hic
1455 759 1532 803 est,
1565 755 1668 807 quod
1693 768 1766 807 pro
1785 756 1890 798 Urso

82 805 232 846 faeiat?
291 806 534 860 Proponitur
572 810 687 850 nobis
726 810 764 850 in
803 811 890 863 ejus
921 812 1104 864 exemplo
1141 813 1283 852 modus
1314 825 1438 860 unus,
1481 813 1593 866 isque
1634 814 1817 867 obliquus
1847 821 1891 856 et

79 863 260 918 «ἔτεινας,
290 877 367 918 quo
385 867 516 906 solent
548 869 765 909 astronomi
799 870 1043 923 hypotheses
1073 871 1333 923 investigare.
1394 872 1456 912 At
1473 871 1510 911 is
1541 873 1753 913 ostendere
1771 874 1887 914 vole-

77 923 167 972 bat,
212 925 408 976 quomodo
445 938 495 965 ex
533 926 619 979 jam
660 929 882 968 constituta
927 929 1031 969 falsa
1074 929 1284 983 hypothesi
1322 942 1457 970 verum
1501 937 1543 970 et
1580 931 1682 971 coeli
1714 932 1888 973 motibus

77 982 277 1035 analogou
309 983 616 1025 demonstretur.
680 987 726 1026 In
757 988 897 1039 regula
935 988 1028 1027 falsi
1062 999 1248 1029 numerus
1287 989 1413 1029 falsus
1451 989 1596 1029 falsum
1634 989 1727 1042 quid
1766 990 1887 1031 etiam

77 1041 294 1083 concludit.
338 1042 468 1083 Ursus
487 1044 694 1085 contendit
718 1058 768 1085 ex
788 1046 903 1086 falsis
922 1046 1213 1101 hypothesibus
1233 1047 1514 1088 astronomicis
1532 1060 1670 1089 verum
1687 1049 1884 1090 concludi.

191 1099 372 1148 Decimo,
411 1107 624 1154 postquam
643 1117 754 1144 suam
780 1105 908 1146 Ursus
928 1106 1168 1146 sententiam
1194 1106 1235 1146 in
1256 1106 1385 1147 aciem
1404 1106 1605 1158 produxit,
1626 1119 1717 1148 eam
1735 1114 1882 1149 aucto-

74 1158 197 1199 ritate
226 1160 354 1200 munit
382 1160 563 1202 ridicula.
626 1161 734 1209 Quid
769 1163 873 1204 enim
903 1177 966 1204 me
986 1170 1148 1204 moveat
1172 1165 1364 1218 ignotus?
1425 1166 1567 1218 Itaque
1587 1165 1717 1207 Ursus
1736 1172 1880 1208 aucto·
1914 1184 1937 1220 ὴ

73 1217 186 1258 ritati
218 1231 315 1259 suae
346 1219 628 1261 auctoritatem
670 1221 757 1273 ipse
801 1222 1008 1267 conciliat,
1058 1230 1262 1264 auctorem
1294 1224 1431 1264 dicens
1462 1236 1553 1264 esse
1597 1225 1881 1276 pereruditum.
1903 1223 1933 1269 β’

70 1275 229 1317 Juvabo
249 1277 498 1319 laborantem
517 1279 686 1328 Ursum
729 1281 806 1321 fuit
825 1281 912 1332 ejus
931 1282 1196 1334 praefat-ionis
1222 1287 1374 1330 auctor,
1406 1282 1442 1322 si
1467 1282 1619 1331 nescis,
1653 1282 1883 1324 Andreas
1902 1274 1933 1334 7

74 1333 344 1384 Osiauder,
375 1342 421 1377 ut
438 1337 667 1392 Hieronymi
692 1338 919 1381 Schreiberi
950 1341 1258 1392 Noribergensis
1290 1342 1363 1388 (ad
1394 1353 1510 1394 quem
1528 1340 1723 1382 Schoneri
1753 1354 1880 1395 qnae-
1909 1335 1931 1420 Β

73 1394 167 1434 dam
197 1394 470 1446 praefationes
501 1399 686 1445 exstant)
716 1411 857 1438 manus
888 1399 928 1439 in
960 1412 1047 1439 meo
1067 1400 1283 1452 exemplari
1306 1400 1474 1440 visenda
1498 1405 1688 1440 testatur.
1706 1397 1742 1448 ⁸)
1803 1399 1883 1447 Qui

74 1465 311 1506 quamquam
340 1453 434 1495 Ursi
466 1456 691 1496 sententiae
724 1470 842 1509 quam
872 1458 1051 1510 proxime
1084 1459 1347 1508 suffragatur,
1381 1463 1517 1499 tamen
1548 1464 1591 1498 et
1620 1459 1788 1511 aequior
1817 1465 1883 1500 est

72 1523 121 1552 eo
151 1517 196 1552 et
224 1511 437 1553 dilucidius
467 1527 511 1553 se
543 1515 733 1567 explicat..
796 1515 902 1562 Quid
934 1517 1064 1569 ipsum
1083 1518 1266 1564 moverit,
1298 1530 1376 1557 non
1396 1523 1462 1557 est
1480 1517 1705 1558 obscurum.
1755 1518 1879 1559 Nori-

71 1570 219 1623 bergae
250 1571 582 1628 domiciliabatnr‚
617 1574 682 1614 ubi
714 1581 798 1615 tum
830 1575 1025 1615 edebatur
1044 1588 1143 1628 opus
1164 1575 1389 1628 Copernici.
1454 1574 1555 1617 Cum
1583 1575 1705 1627 igitur
1723 1583 1882 1618 amaret

72 1629 342 1676 mathemata,
383 1643 460 1671 non
500 1633 631 1684 potuit
671 1646 748 1673 non
788 1647 922 1674 amare
958 1640 1044 1674 tam
1080 1636 1331 1687 praeclarum
1368 1647 1488 1687 opus3
1528 1640 1575 1675 at
1603 1647 1691 1676 cum
1722 1636 1881 1677 videret

70 1688 398 1739 παραδοξοτπον
426 1693 551 1742 doma
588 1692 637 1731 de
670 1698 778 1732 motu
811 1693 977 1741 Terrae,
1017 1694 1076 1734 sic
1106 1694 1253 1734 statuit
1288 1693 1583 1745 infringendam
1614 1693 1877 1746 cupiditatem

70 1741 112 1787 in
150 1747 365 1788 lectoribus
395 1761 525 1789 rerum
557 1763 760 1792 novarum.
822 1753 947 1804 Atqui
979 1764 1003 1791 o
1035 1751 1254 1800 Osiander‚
1296 1752 1389 1805 quid
1421 1765 1468 1792 eo
1505 1758 1547 1792 te
1583 1752 1876 1805 desperationis

71 1805 221 1854 adegit,
252 1811 298 1846 ut
326 1819 378 1846 ex
409 1809 655 1849 astronomia
686 1810 736 1850 de
766 1823 863 1850 vera
892 1811 1026 1850 mundi
1059 1811 1163 1851 facie
1195 1811 1293 1851 nihil
1311 1811 1411 1851 certi
1443 1811 1577 1862 colligi
1609 1823 1731 1863 posse
1761 1812 1875 1852 dice-

70 1864 169 1906 res?
198 1866 279 1914 An‚
312 1866 377 1918 qui
407 1867 675 1918 peritissimus
708 1882 798 1909 eras
830 1869 971 1910 harum
1001 1882 1144 1916 rernm,
1180 1870 1395 1910 etiamnum
1427 1869 1644 1910 dubitabas
1674 1871 1724 1910 de
1755 1870 1875 1910 rebus

70 1923 409 1964 evidentissimis?
483 1927 642 1967 Incerta
684 1928 757 1968 tibi
808 1929 1023 1968 etiamnum
1075 1935 1164 1968 erat
1211 1929 1416 1980 proportio
1461 1928 1571 1968 Solis
1614 1929 1667 1969 ad
1709 1929 1874 1969 Terram

70 1981 231 2034 prodita
261 1982 314 2022 ab
345 1985 586 2024 astronomis
619 1993 658 2025 et
690 1993 883 2027 sexcenta
914 1987 1165 2038 hujusmodi?
1228 1987 1272 2027 Si
1305 1988 1406 2027 haec
1432 2000 1499 2027 ars
1531 2000 1677 2027 causas
1696 1993 1874 2028 motuum

70 2041 306 2093 simpliciter
332 2042 504 2094 ignorat,
537 2051 754 2096 propterea
788 2047 880 2097 quia
910 2046 1006 2085 nihil
1040 2047 1183 2094 credis
1217 2046 1294 2086 nisi
1325 2046 1428 2098 quod
1459 2045 1585 2093 vides,
1618 2046 1713 2099 quid
1742 2010 1910 2129 medi-J

70 2099 183 2139 cinae
213 2099 304 2148 fiet,
348 2100 388 2140 in
421 2113 498 2153 qua
529 2103 617 2154 quis
648 2116 818 2155 unquam
852 2105 1028 2144 medicus
1059 2117 1222 2144 causam
1254 2105 1381 2145 morbi
1409 2105 1513 2145 vidit
1541 2105 1648 2145 intus
1681 2106 1873 2145 latentem

71 2157 206 2204 aliter,
245 2157 323 2197 nisi
354 2171 404 2198 ex
435 2160 563 2212 signis
594 2167 636 2201 et
666 2163 945 2214 symptomatis
977 2170 1094 2203 extra
1130 2175 1272 2215 corpus
1309 2164 1349 2203 in
1387 2176 1530 2203 sensus
1565 2163 1894 2217 incurrentibus„

70 2215 234 2268 perinde
265 2222 310 2256 ut
339 2222 592 2259 astronomus
625 2232 675 2259 ex
705 2222 912 2260 stellarum
945 2222 1022 2261 situ
1056 2221 1295 2273 aspectabili
1326 2222 1376 2262 de
1413 2222 1541 2262 forma
1571 2228 1705 2262 motus
1736 2221 1917 2286 eorumx

70 2275 344 2315 ratiocinatur.
408 2275 490 2315 Sed
522 2277 574 2316 ad
604 2278 749 2318 Ursum
781 2286 1051 2319 revertamur:
1096 2280 1159 2319 cui
1197 2280 1271 2319 hoc
1302 2281 1351 2319 de
1382 2286 1489 2320 teste
1528 2293 1600 2320 suo
1639 2281 1747 2329 dico,
1792 2293 1872 2320 non

72 2346 164 2373 esse
213 2333 316 2373 omni
363 2335 599 2386 exceptione
642 2337 846 2387 majorem.
920 2338 1023 2376 Vult
1066 2337 1105 2377 in
1150 2338 1290 2377 eadem
1331 2338 1582 2389 praefatione
1630 2339 1873 2390 persuadere

72 2392 227 2440 lectori,
260 2404 338 2432 non
371 2393 494 2432 fuisse
526 2394 566 2433 in
599 2394 673 2434 hac
706 2396 909 2435 sententia
940 2394 1218 2447 Copernicnm‚
1250 2408 1343 2435 vere
1364 2397 1528 2436 Terram
1559 2397 1720 2436 moveri.
1771 2396 1874 2436 Sta-
1900 2439 1901 2443 ,

72 2451 144 2491 tim
173 2451 303 2503 ipsum
334 2450 372 2490 in
406 2451 538 2491 limine
564 2453 713 2492 refutat
742 2453 829 2504 ipse
850 2453 1108 2505 Copernicus.
1171 2454 1385 2505 Suggessit
1403 2455 1574 2494 Funccio
1602 2453 1889 2513 chronologos]

16 2528 23 2535 »
74 2509 108 2549 si
138 2509 238 2551 fides
266 2509 323 2549 illi
354 2510 439 2550 viro
471 2511 693 2559 tribuenda,
726 2525 802 2551 non
835 2519 1123 2563 retrogressum
1144 2525 1233 2552 esse
1254 2512 1389 2552 Solem
1409 2513 1445 2551 in
1466 2513 1639 2563 gratiam
1657 2512 1887 2571 Ezechiae?

16 2571 18 2573 ’
72 2568 143 2607 sed
182 2573 339 2608 tantum
379 2569 558 2609 umbram
596 2571 815 2621 gnomonis.
880 2570 1007 2616 Quasi
1044 2571 1143 2611 baec
1187 2571 1238 2611 ab
1280 2572 1448 2611 invicem
1491 2572 1671 2622 separari
1708 2574 1925 2671 queanth

72 2639 160 2666 cnm
200 2632 360 2667 constet
391 2641 440 2666 ex
479 2628 648 2668 lectione
687 2628 730 2668 S.
771 2628 1019 2681 Scripturae‚
1065 2630 1345 2669 universaliter
1388 2629 1706 2670 animadversum
1747 2630 1870 2670 fnisse

73 2684 317 2726 miraculum.
380 2684 580 2726 Graviora
610 2688 800 2734 absurda,
846 2700 948 2739 quae
978 2688 1051 2728 hoc
1082 2688 1204 2728 etiam
1235 2689 1435 2739 ingenium
1466 2700 1660 2739 occupare
1690 2694 1869 2740 potuere,
1889 2683 1923 2735 β’

74 2744 252 2795 relinquo
283 2744 374 2798 aliis
405 2745 661 2797 exquirenda.
725 2745 831 2792 Quid
863 2746 999 2786 mirum
1031 2759 1146 2798 ergo,
1191 2747 1225 2786 si
1263 2747 1301 2786 in
1335 2747 1507 2786 mathesi
1539 2759 1712 2799 quoqne,
1752 2760 1871 2800 quam

74 2802 332 2849 amavitmon
365 2804 569 2854 professus
595 2811 672 2852 est,
705 2804 959 2844 exorbitavit.
1024 2804 1177 2845 Contra
1209 2818 1299 2845 eum
1327 2806 1428 2845 sisto
1449 2805 1723 2854 Aristotelem,
1756 2806 1870 2858 cujus

73 2859 408 2901 existimationem
438 2862 486 2901 de
519 2863 758 2903 astronomis
790 2864 907 2914 longe
937 2863 1244 2914 praeclariorem
1274 2876 1395 2914 snpra
1426 2864 1556 2916 tetigi.

0 2960 1 2971 γ
191 2919 281 2959 Non
314 2926 378 2959 est
407 2925 540 2960 tamen
572 2922 902 2973 praetereundum
935 2928 976 2961 et
1007 2922 1237 2967 notandum,
1270 2922 1393 2962 videri
1420 2921 1659 2962 Osiandrum
1683 2922 1869 2964 simulate

0 2973 22 3010 ’ἑ
74 2977 284 3029 scripsisse
327 2990 403 3017 non
440 2991 491 3018 ex
532 2980 652 3020 animi
684 2980 906 3028 sententia,
946 2993 1059 3020 usum
1089 2993 1229 3031 nempe
1261 2980 1534 3021 Ciceronianis
1566 2981 1615 3020 de
1645 2980 1870 3033 Republica

75 3035 254 3076 consiliis
268 3067 279 3084 ,
323 3048 409 3076 cum
442 3036 661 3091 Copernico
702 3044 896 3079 metueret
927 3052 951 3079 a
981 3039 1100 3090 vulgo
1140 3039 1486 3093 philosophorum,
1531 3052 1580 3080 ne
1618 3040 1868 3081 absurditate

1977 2509 2028 2621 «g
