2028 3242
118 110 205 155 362
307 164 313 167 ,
687 113 820 146 Literae
843 113 982 155 Kepleri
1007 113 1208 156 aliorumque
1231 119 1368 148 mutuae

115 220 391 267 Ptolemaeus;
422 218 602 258 invenies
634 217 827 258 distincta
857 233 1145 271 τεταρτημορια
1178 220 1482 273 (quadrantes),
1523 221 1562 261 in
1595 221 1738 274 quibus
1770 233 1935 269 μσνσυσι
1999 226 2017 233 ’

122 279 373 326 (versantur)
405 278 619 329 planetae;
653 278 896 330 quadrantes
922 278 1044 330 igitur
1069 279 1236 320 zodiaci.
1301 278 1454 325 Quales
1485 281 1608 321 vero?
1664 279 1931 331 Ἀπηλιωτικα,

116 339 271 388 λιβυκα,
304 335 409 384 ἐωα,
440 336 742 385 ἀποκεκλικοτα,
774 336 1048 387 ἀποκληματα,
1080 339 1155 378 hoc
1187 343 1271 387 est,
1306 339 1356 378 ab
1389 338 1594 379 horizonte
1626 339 1754 379 ortivo
1787 344 1829 379 et
1859 351 1931 378 oc-

117 396 232 437 ciduo
264 396 447 447 incepta,
493 395 531 434 in
565 396 863 448 nonagesimum
897 397 1018 449 igitur
1051 403 1166 438 extra
1197 398 1458 438 meridianum
1489 398 1760 439 terminantia.
1823 397 1930 438 Nam

116 469 193 496 non
228 455 372 495 dicitur
403 468 727 506 τεταρτημοριον,
759 455 835 495 nisi
865 456 1068 508 perfectus
1102 457 1321 508 quadrans,
1360 469 1433 497 nec
1464 469 1562 508 pure
1593 456 1818 509 «inquiam,
1852 456 1930 496 nisi

117 530 140 554 a
171 514 429 566 nonagesimo
462 514 659 566 inceptus.
723 514 958 555 Decimo:
1004 521 1069 555 est
1106 516 1242 568 aliqua
1274 517 1431 564 domus,
1472 528 1572 568 quae
1615 516 1759 557 dicitur
1789 513 1930 556 ἄποινα-

120 589 246 625 φορας
289 573 570 625 ἀναφερεσθαι
613 586 707 613 vero
741 574 926 614 tribuitur
963 574 1090 626 signis
1122 575 1289 615 zodiaci.
1353 575 1506 614 Domus
1537 575 1661 627 igitur
1690 574 1929 626 intelligitur

116 634 163 672 de
203 646 296 672 arcu
333 632 513 681 zodiaci,
557 632 623 672 ille
662 645 756 672 vero
795 633 940 673 dicitur
980 637 1319 686 δοδεκατημοριον.
1383 634 1684 675 Undecimo:
1729 634 1788 674 sic
1832 633 1930 674 alibi

116 692 296 744 appellat
339 705 386 731 το
427 694 722 740 κακοδαιμονων
765 690 914 739 ζωδιον.
976 695 1110 732 Ζωδια
1154 699 1248 733 sunt
1285 693 1436 739 zodiaci
1469 699 1606 745 partes
1640 690 1926 734 duodecimae:

116 763 216 803 ergo
250 751 403 799 domus,
437 763 538 803 quae
572 754 866 800 κακοδαιμονων
886 751 1042 801 dicitur,
1077 757 1141 792 est
1171 752 1323 792 zodiaci
1343 765 1437 804 pars
1458 752 1554 793 XII.
1627 751 1927 793 Duodecimo

115 810 220 850 ratio
262 810 448 858 accedat,
500 822 588 849 cum
621 809 670 848 de
703 810 784 850 situ
823 810 997 862 partium
1029 811 1182 851 zodiaci
1228 811 1473 862 disputatur,
1518 811 1748 852 unde.illic
1790 810 1926 863 potius

111 869 303 920 incipiat,
352 881 470 920 quam
502 882 526 907 a
557 873 704 920 puncto
748 869 960 909 altissimo.
1026 870 1128 910 Hinc
1160 870 1418 910 Ptolemaeus
1452 869 1560 915 alibi,
1600 882 1687 910 cum
1721 870 1843 911 etiam
1876 870 1925 909 de

113 942 247 974 τοποις
279 924 678 980 συσχηματιζομενοις
710 927 816 980 agit,
863 930 1044 981 appellat
1074 943 1142 969 τον
1182 943 1281 969 κατα
1322 943 1494 981 κορυφητ
1526 942 1646 970 τοπον
1688 930 1926 982 quadratum

113 987 163 1027 ab
209 988 442 1038 horoscopo.
506 986 818 1027 Tredecimo:
865 1001 889 1027 a
929 1001 1027 1028 voce
1066 989 1191 1028 Medii
1219 987 1345 1029 Coeli.
1409 987 1455 1028 Si
1487 988 1591 1028 enim
1633 989 1821 1029 zodiacus
1859 992 1926 1027 est

108 1047 146 1086 in
181 1047 319 1085 domos
352 1045 649 1085 distribuendus
680 1053 844 1098 propter
876 1047 1128 1099 planetarum
1169 1048 1206 1087 in
1241 1059 1288 1087 eo
1320 1047 1569 1087 versantium
1601 1053 1736 1088 status
1768 1059 1924 1100 expen-

110 1106 275 1154 dendos,
308 1110 470 1157 oportet
498 1104 636 1157 utique
671 1105 757 1157 ejus
784 1106 957 1146 medium
983 1120 1060 1147 non
1082 1107 1243 1147 verbale
1271 1119 1362 1146 esse
1394 1106 1432 1147 in
1454 1107 1687 1156 meridiano,
1721 1107 1793 1146 sed
1812 1107 1924 1146 reale

111 1169 227 1204 extra
259 1163 520 1204 meridianum
551 1164 591 1203 in
622 1164 896 1217 nonagesimo.

230 1222 364 1271 Satis,
412 1223 574 1277 opinor,
626 1224 779 1264 obtinui
823 1224 1097 1277 propositum;
1154 1237 1258 1264 nunc
1301 1224 1511 1264 audiamus
1553 1235 1672 1275 porro
1711 1222 1921 1264 Stadium:

108 1283 420 1330 ‚,Ptolemaeus‚
471 1283 538 1323 ubi
583 1282 631 1322 de
674 1284 914 1324 deductione
956 1289 1260 1336 prorogatorum
1293 1283 1403 1335 agit,
1455 1284 1513 1323 M.
1548 1281 1595 1324 C.
1630 1283 1668 1323 in
1701 1283 1922 1323 meridiano

108 1342 365 1381 constituit.“
427 1341 505 1382 Est
536 1354 632 1393 ergo
665 1342 813 1395 duplex
844 1343 900 1383 M.
937 1342 984 1384 C.
1018 1355 1090 1394 pro
1124 1342 1271 1395 duplici
1302 1342 1504 1390 instituto,
1544 1342 1698 1382 duobus
1730 1341 1919 1391 motibus,

108 1401 261 1440 duobus
293 1401 496 1452 primariis
528 1400 686 1443 circulis
718 1414 930 1454 eorumque
961 1403 1078 1454 polis,
1111 1406 1154 1442 et-
1186 1401 1440 1442 latitudinum
1472 1400 1810 1454 verticalibusque
1837 1400 1920 1441 cir-

108 1460 220 1499 culis.
283 1459 390 1500 Nam
428 1460 464 1500 si
503 1461 551 1499 de
596 1460 676 1500 situ
716 1460 871 1512 agimus
910 1461 1087 1510 zodiaci,
1133 1462 1189 1501 M.
1227 1460 1274 1501 O.
1315 1465 1379 1500 est
1416 1459 1455 1499 in
1488 1460 1614 1512 gradu
1646 1459 1920 1512 nonagesimi3

108 1519 170 1558 sin
205 1523 338 1558 autem
372 1519 420 1558 de
452 1523 563 1559 motu
594 1519 733 1571 primo,
768 1525 813 1560 ut
843 1519 881 1559 in
915 1520 1100 1561 doctrina
1131 1519 1405 1567 directionum,
1440 1525 1512 1559 aut
1543 1518 1578 1559 si
1603 1519 1918 1568 consideramus,

109 1582 299 1629 quantum
334 1577 459 1618 distet
490 1577 586 1627 Sol,
621 1579 758 1628 Luna,
792 1579 855 1618 vel
887 1575 1089 1630 planetae,
1123 1579 1278 1619 ratione
1310 1583 1443 1618 motus
1475 1578 1591 1630 primi
1623 1591 1648 1617 a
1684 1577 1915 1626 meridiano,

107 1637 157 1676 ab
191 1649 236 1675 eo
270 1649 327 1676 sc.
360 1642 522 1688 puncto,
556 1637 595 1677 in
629 1650 704 1689 quo
738 1638 795 1678 illi
817 1646 874 1676 ‘eo
907 1638 970 1678 die
1003 1638 1086 1678 fieri
1119 1642 1289 1690 possunt
1320 1636 1521 1684 altissimi,
1556 1642 1601 1676 ut
1633 1637 1678 1676 fit
1707 1637 1749 1677 in
1781 1635 1917 1688 capite

107 1696 154 1735 de
188 1695 453 1746 dignitatibus
487 1701 528 1735 et
560 1697 679 1736 alibi:
714 1703 808 1736 tunc
840 1698 897 1736 M.
934 1697 980 1738 G.
1015 1703 1080 1737 est
1112 1697 1151 1738 in
1184 1695 1422 1743 meridiano,
1455 1695 1550 1748 quia
1581 1708 1628 1735 eo
1660 1695 1724 1735 die
1755 1696 1922 1747 planeta

107 1767 183 1794 non
216 1754 393 1794 absolvit
423 1754 655 1803 zodiacum,
703 1756 775 1795 sed
813 1757 1075 1807 parallelum,
1122 1756 1231 1808 cujus
1274 1760 1465 1807 punctum
1507 1755 1751 1795 altissimum
1783 1759 1848 1794 est
1879 1753 1919 1794 in

105 1812 336 1853 meridiano.
402 1812 574 1854 Secutus
608 1819 672 1854 est
702 1814 777 1854 hoc
811 1813 1021 1855 Cardanus
1054 1815 1092 1854 in
1126 1814 1307 1854 centuria
1337 1813 1564 1866 genesium,
1601 1818 1643 1853 et
1673 1813 1789 1854 multi
1820 1818 1917 1852 ant-e

104 1885 206 1911 eum.
269 1871 506 1922 Exemplum
538 1885 587 1912 ex
619 1886 708 1912 mea
727 1874 894 1925 genesi:
927 1887 1014 1914 non>
1037 1879 1100 1913 est
1131 1875 1250 1913 altior
1282 1873 1430 1925 gradus
1450 1872 1605 1918 zodiaci
1628 1884 1746 1924 quam
1766 1870 1912 1919 25034,

105 1928 197 1982 quia
228 1930 353 1970 oritur
385 1927 533 1978 25011.
598 1933 657 1971 At
689 1932 836 1983 gradus
869 1933 924 1972 M.
961 1931 1006 1972 C.
1055 1932 1264 1976 (Cardano
1298 1931 1444 1972 dicitur
1475 1944 1555 1971 cor
1585 1931 1711 1976 coeli)
1750 1927 1916 1971 22⁰2:oe

105 1989 206 2028 satis
238 2001 383 2040 magno
417 2003 511 2029 arcu
545 1997 608 2030 est
639 1991 842 2035 humilior,
888 2004 1004 2043 quam
1036 1989 1182 2038 25034.
1246 1990 1318 2030 Sol
1351 2002 1445 2029 vero
1477 1990 1515 2028 in
1554 1987 1688 2039 15⁰5
1719 1989 1758 2028 in
1790 1989 1914 2028 meri-

105 2047 223 2086 diano
257 2048 417 2099 quidem
449 2049 493 2088 fit
526 2048 770 2098 altissimus,
805 2057 849 2089 at
880 2062 928 2089 ne
961 2049 1064 2089 hanc
1098 2049 1255 2101 quidem
1288 2062 1333 2089 eo
1367 2049 1429 2088 die
1463 2047 1694 2100 assequitur
1724 2047 1914 2088 altitudi-

104 2118 207 2153 nem,
243 2118 360 2157 quam
393 2107 516 2147 habet
549 2105 720 2156 22⁰m,
754 2108 826 2147 sed
858 2108 982 2148 multo
1014 2108 1220 2149 minorem.
1285 2109 1426 2159 Itaque
1458 2107 1615 2147 ratione
1635 2107 1739 2147 situs
1760 2103 1918 2147 22⁰&

105 2164 255 2204 nullam
287 2165 412 2204 habet
443 2166 676 2215 efficaciam,
711 2173 755 2206 ut
787 2167 908 2206 habet
939 2180 1128 2219 magnam
1160 2167 1316 2207 ratione
1349 2172 1494 2206 motus.
1557 2165 1614 2206 Et
1643 2171 1764 2214 nota,
1795 2169 1843 2205 ut
1872 2177 1916 2205 se

102 2223 226 2262 habet
258 2223 359 2263 situs
393 2224 442 2263 ad
475 2237 643 2276 corpus,
691 2225 748 2265 sic
788 2239 831 2265 se
870 2226 993 2266 habet
1025 2231 1174 2274 motus,
1222 2226 1271 2265 ad
1311 2226 1448 2265 vitam.
1510 2225 1556 2264 In
1590 2225 1914 2265 consideratione

102 2281 224 2334 igitur
259 2282 435 2333 corporis
468 2290 510 2322 et
542 2296 641 2336 quae
675 2285 895 2325 adhaerent
925 2298 996 2337 pro
1029 2286 1085 2325 M.
1121 2284 1168 2326 G.
1205 2285 1486 2336 nonagesimus
1507 2289 1571 2324 est
1595 2283 1913 2324 considerandus

102 2340 249 2392 magis:
284 2347 327 2380 at
358 2341 397 2380 in
430 2342 757 2383 consideratione·
783 2344 910 2392 vitae,
944 2345 982 2385 h.
1018 2358 1051 2385 e.
1087 2344 1290 2384 actionum
1320 2343 1512 2391 hominis,
1546 2348 1588 2383 et
1619 2355 1721 2395 quae
1753 2342 1912 2384 adhae-

102 2405 209 2447 rent,
244 2405 288 2440 ut
319 2405 360 2439 et
391 2400 429 2439 in
464 2400 771 2449 directionibus,
813 2403 972 2443 omnino
1003 2404 1228 2456 praepollet
1260 2403 1316 2442 Μ.
1353 2402 1400 2443 O.
1433 2402 1473 2442 in
1507 2402 1739 2442 meridiano.
1803 2401 1912 2441 Dili-

103 2464 246 2510 genter
276 2459 398 2510 igitur
430 2460 762 2501 considerandum
795 2463 912 2514 quale
945 2463 1001 2503 M.
1037 2462 1084 2504 C.
1120 2462 1260 2516 quovis
1281 2460 1504 2502 Ptolemaei
1536 2461 1624 2501 loco
1657 2460 1908 2508 adhibeatur,

104 2523 146 2556 et
177 2518 338 2557 sublata
372 2518 446 2558 erit
479 2519 604 2558 omnis
638 2520 867 2560 difficultas.

224 2576 364 2628 Pergit
395 2576 582 2617 Stadius:
630 2579 872 2619 meridianus
907 2580 957 2619 ab
990 2580 1195 2620 horizonte
1235 2591 1392 2629 semper
1430 2591 1503 2617 sex
1534 2577 1644 2617 horis
1675 2575 1912 2628 aequalibus

104 2634 243 2681 distat,
274 2641 319 2675 ut
351 2635 470 2675 docet
500 2636 802 2677 Ptolemaeus.“
865 2640 925 2678 At
956 2640 1068 2683 haec,
1103 2652 1124 2678 o
1154 2638 1284 2686 Stadi,
1319 2636 1555 2688 ἀκυρολογια
1585 2640 1662 2682 est,
1694 2647 1771 2674 non
1793 2648 1910 2675 usur-

104 2700 204 2744 pata
236 2707 260 2733 a
292 2694 525 2734 Ptolemaeo
561 2696 633 2735 hoc
666 2697 766 2737 loco.
817 2697 950 2738 Nullis
983 2698 1091 2737 horis
1124 2698 1279 2738 distant
1309 2696 1349 2736 hi
1369 2696 1519 2740 circuli,
1553 2694 1626 2734 sed
1656 2693 1771 2733 simul
1804 2698 1910 2734 sunt.

102 2752 276 2792 Planeta
321 2765 414 2792 vero
460 2766 547 2793 cum
593 2760 657 2794 est
700 2756 737 2794 in
780 2756 1010 2801 horizonte,
1057 2756 1174 2796 abest
1218 2771 1243 2796 a
1283 2754 1502 2795 meridiano
1542 2764 1701 2804 semper
1744 2749 1770 2792 6
1802 2751 1912 2792 horis

103 2824 178 2850 non
201 2812 437 2863 aequalibus
459 2825 617 2863 semper
643 2819 684 2853 et
704 2815 884 2854 omnibus
919 2815 1072 2863 diebus,
1106 2816 1178 2854 sed
1210 2813 1498 2866 temporalibus
1530 2810 1809 2863 inaequalibus
1840 2822 1912 2863 per

102 2869 188 2909 dies
221 2871 415 2916 diversos,
451 2885 550 2922 quae
584 2878 718 2911 tamen
752 2881 845 2913 sunt.
877 2875 1066 2926 aequales
1098 2873 1137 2912 in
1172 2874 1236 2913 die
1270 2884 1345 2911 uno
1379 2871 1483 2910 inter
1514 2883 1557 2909 se
1589 2869 1717 2922 ipsae.

221 2928 335 2975 Quae
368 2929 406 2968 in
440 2929 582 2970 Stadio
616 2938 856 2983 sequuntur,
907 2945 982 2972 non
1023 2932 1203 2984 indigent
1236 2929 1583 2971 commentatione.
1646 2928 1736 2967 Non
1770 2940 1909 2980 repre-

103 2986 230 3026 hendo
267 2988 587 3029 distributionem
620 2990 803 3030 domuum
835 2991 1167 3042 Regiomontani,
1209 2991 1244 3030 si
1276 3001 1353 3029 non
1384 3000 1454 3040 pro
1487 2986 1736 3026 Ptolemaica
1767 2986 1911 3026 vendi-

102 3050 222 3086 tetur.
286 3046 433 3092 Posset
472 3047 640 3099 aliquis,
687 3055 730 3088 ut
769 3062 956 3100 superum
997 3048 1332 3102 hemisphaerium
1370 3047 1407 3086 in
1442 3043 1468 3086 6
1501 3051 1711 3097 segmenta
1740 3045 1908 3093 dividat,

104 3103 155 3144 ad
188 3103 490 3145 similitudinem
522 3106 832 3158 Regiomontani
864 3121 937 3162 per
968 3109 1167 3148 sectiones
1199 3112 1359 3148 mutuas
1391 3104 1606 3146 horizontis
1639 3109 1681 3143 et
1708 3103 1910 3145 verticalis
