2028 3242
164 95 248 139 656
654 149 656 151 Γ
866 97 913 147 Jn
939 96 1048 139 Opera
1073 83 1281 140 Astrologica

163 201 421 244 Tengnaglium4
463 201 517 242 qui
547 200 750 243 legationem
774 201 807 234 in
832 201 1000 244 Belgium,
1027 202 1184 245 Angliam
1209 201 1270 235 &a
1295 205 1498 244 susceperat,
1527 206 1563 235 et
1585 202 1649 236 hac
1674 202 1957 239 occasionem&

163 250 318 281 nuncium
344 247 551 280 commodum
575 248 720 290 Keplero
746 258 781 280 se
807 250 959 290 praebuit
984 250 1028 282 ad
1051 250 1232 291 portandas
1257 249 1370 282 literas
1395 253 1429 282 et
1452 249 1550 283 libros
1565 249 1701 305 Kepleri
1726 250 1770 283 ad
1794 250 1973 283 studiorum

164 306 294 328 suorum
319 296 425 327 socios
450 295 845 337 reportaudasque.1pse
879 296 1042 338 Keplerus
1067 298 1101 328 in
1126 297 1207 329 libro
1234 297 1274 329 de
1293 296 1398 329 Stella
1415 296 1510 328 Nova
1533 298 1648 338 paucis
1672 298 1797 334 innuit,
1822 297 1972 335 Eriksen,

162 343 240 421 Ιὲοθι
265 343 380 375 alienis
406 343 448 374 ab
474 343 676 375 astronomia
700 343 848 376 functum
873 344 1027 386 negotiis,
1052 353 1118 376 non
1141 344 1241 385 plane
1266 344 1413 377 omisisse
1436 343 1578 376 studium
1596 343 1751 386 Tychoue
1770 344 1854 401 duce
1871 354 1973 386 quon—

188 399 241 422 am
266 394 468 430 susceptum.

281 445 319 487 8)
345 457 375 488 p.
405 445 486 479 358.
537 447 588 479 De
615 445 870 489 Hieronymo
899 448 1094 481 Cardano
1123 449 1207 481 haec
1239 448 1376 486 habeas,
1406 457 1491 491 quae
1519 449 1588 490 ipse
1613 448 1647 480 in
1678 447 1881 487 „Genitura“
1914 457 1976 480 sua

162 495 300 536 profert:
338 493 473 532 „-Natus
496 504 567 526 sum
598 493 795 534 (Mediolani
824 495 854 527 d.
882 493 938 526 24.
963 495 1054 537 Sept.
1087 494 1192 534 1501)
1223 505 1261 527 ex
1291 499 1386 536 patre
1416 505 1506 527 sene.
1557 495 1608 527 Ab
1638 503 1725 527 anno
1755 498 1871 528 octavo
1902 504 1976 527 cum

162 550 329 583 nunquam
338 518 403 573 ”vel
426 551 527 573 unam
551 541 637 573 diem
661 542 849 574 valetudine
877 543 986 574 firmus
1012 547 1046 574 et
1071 543 1141 575 sine
1168 543 1276 574 dolore
1300 543 1460 579 duxerim,
1486 541 1588 573 nihilo
1612 542 1718 573 minus
1735 551 1794 584 per
1811 539 1856 573 44
1874 551 1977 574 annos

163 593 338 630 sequentes
365 589 416 619 vix
446 589 553 620 triduo
583 589 693 620 morbo
720 599 891 630 oppressus
918 589 1068 622 decubui.
1119 589 1245 631 Totque
1271 589 1399 622 labores
1425 593 1459 621 et
1490 589 1703 621 difficultates
1732 598 1860 630 passus,
1891 598 1977 621 anno

163 640 279 668 exacto
303 637 373 675 jam
403 634 459 667 52.
490 635 660 673 robustior,
697 645 796 678 quam
826 637 860 667 in
885 638 1024 676 juventa
1049 645 1194 677 unquam
1222 636 1348 668 fuerim.
1400 636 1523 668 Multos
1548 636 1718 677 procreavi
1746 635 1842 668 filios.
1889 634 1979 667 Nulli

162 683 377 719 mortalium‚-
392 686 429 713 ut
459 683 619 722 existimo,
650 686 699 715 tot
724 684 889 724 insperato
919 687 978 715 aut
1007 683 1094 714 bona
1123 687 1182 715 aut
1207 683 1297 715 mala
1327 683 1500 722 advenere,
1529 683 1612 715 adeo
1641 686 1679 715 ut
1706 681 1786 717 nihil
1816 685 1977 724 optatum.

162 733 292 771 praeter
320 729 504 761 medicinae
530 730 678 761 lauream
705 728 830 769 (1525)
862 734 895 762 et
925 731 1169 771 cooptationem
1197 731 1230 762 in
1258 730 1430 772 collegium
1464 730 1663 762 medicorum
1687 733 1883 764 consecutus
1917 730 1979 763 sim

163 774 295 815 (1539).
347 777 547 817 Aspernanti
575 786 650 807 vero
676 777 791 818 reliqui
819 776 958 809 honores
984 777 1068 808 ultro
1103 777 1221 809 delati:
1255 777 1376 818 primus
1411 777 1583 818 profitendi
1615 775 1704 809 locus
1737 777 1772 808 in
1806 775 1980 809 academia

165 821 302 863 (1543),
334 824 454 863 primus
480 823 569 855 locus
600 824 687 864 apud
716 833 822 865 regeS,
852 827 975 855 vocant
1000 824 1199 861 archiatron,
1233 824 1438 855 familiaritas
1469 827 1503 855 et
1532 823 1680 856 amicitia
1703 823 1885 864 principum
1907 823 1978 864 plu·

163 872 245 902 rium
277 868 343 909 (Jo.
360 869 490 901 Morani
516 870 705 907 cardinalis,
736 871 889 912 principis
901 871 1061 907 Estensis,
1084 870 1217 903 Daniae
1243 869 1361 912 regis),
1391 870 1530 902 honores
1561 879 1582 902 a
1611 869 1798 902 civitatibus
1823 869 1978 911 publici.“

164 918 268 949 Annis
300 915 498 948 1559—62.
525 917 720 949 medicinam
755 917 967 958 profitebatur
990 918 1124 953 Paviae.
1161 915 1354 948 1562—70.
1373 917 1564 955 Bononiae;
1599 920 1745 948 marmus
1775 921 1826 948 est
1853 915 1981 948 Romae

165 974 251 996 anno
287 962 388 994 1576.
439 964 488 995 Ex
521 964 705 996 medicinae
739 974 799 996 usu
834 974 938 1007 aeque
974 974 1013 997 ac
1048 965 1246 1007 astrologiae
1279 973 1497 1007 permagnam
1538 964 1680 996 confecit
1708 964 1892 1005 pecuniam.
1941 963 1981 994 In

165 1011 367 1049 „Genitura“
400 1021 537 1053 pergens
564 1011 647 1043 haec
678 1012 771 1043 addit
798 1011 970 1044 Cardanus
997 1011 1037 1043 de
1061 1013 1149 1044 vitae
1180 1012 1360 1044 rationibus
1389 1011 1577 1054 ingeniique
1602 1011 1652 1044 sui
1680 1014 1818 1043 natura:
1833 1009 1982 1050 ,Quoties

165 1059 205 1091 ab
232 1059 345 1089 amicis
373 1058 519 1090 desertus
547 1068 587 1091 ac
611 1059 768 1099 proditus,
799 1059 841 1091 ab
866 1060 1043 1101 incognitis
1071 1059 1203 1099 adjutus
1229 1058 1325 1091 sum?
1357 1058 1494 1098 Quoties
1519 1066 1644 1100 magua
1664 1057 1756 1090 mala
1780 1057 1897 1100 ingens
1924 1057 1980 1089 bo-

164 1116 252 1147 num&
265 1114 420 1146 peperere
438 1105 538 1136 mihi?
570 1105 658 1144 Quot
679 1115 766 1138 nunc
784 1115 836 1138 me
862 1106 985 1146 colunt,
1006 1106 1060 1148 qui
1084 1115 1149 1137 non
1173 1105 1278 1138 solnm
1298 1105 1566 1142 contemnebant,
1593 1104 1653 1137 sed
1677 1104 1808 1147 egregie
1833 1103 1981 1136 oderant.

167 1153 277 1183 Toties
311 1162 367 1193 per
397 1152 595 1184 calumniam
626 1157 814 1189 aecusatus,
848 1162 1016 1194 nunquam
1049 1157 1161 1184 tamen
1197 1153 1280 1184 exilii
1317 1157 1375 1184 aut
1409 1153 1550 1184 carceris
1578 1161 1688 1193 poena
1719 1152 1888 1184 intentata
1919 1154 1980 1190 est,

168 1209 241 1232 cum
268 1203 380 1231 tamen
410 1209 494 1240 pene
525 1199 781 1241 crucifigendum
811 1202 962 1232 concives
991 1200 1067 1236 mei,
1099 1200 1215 1241 quibus
1240 1199 1319 1231 nihil
1344 1199 1482 1231 veritate
1506 1199 1578 1240 ipsa
1603 1199 1733 1242 gravius
1759 1202 1809 1231 est
1839 1207 1879 1230 ac
1902 1207 1982 1230 voce

167 1247 280 1283 libera,
312 1246 520 1278 clamitarent
561 1244 705 1287 (scripsit
734 1247 818 1278 haec
849 1246 1020 1279 Cardanus
1049 1246 1229 1279 Mediolani
1259 1256 1346 1278 anno
1377 1244 1484 1283 15533
1526 1245 1701 1278 Bononiae*
1725 1253 1800 1277 vero
1826 1245 1981 1278 adversa-

166 1295 283 1325 riorum
318 1293 500 1325 calumnias
534 1303 599 1324 non
634 1293 762 1336 effugit,
798 1298 832 1326 et
866 1294 954 1326 brevi
987 1298 1060 1337 post
1089 1294 1265 1325 adventum
1297 1303 1391 1325 sunm
1426 1290 1475 1335 [6.
1501 1292 1575 1325 Oct.
1607 1287 1716 1334 1562]
1750 1292 1785 1324 in
1815 1300 1982 1324 carcerem

167 1342 334 1380 conjectus
359 1340 411 1371 die
442 1340 571 1372 demum
601 1339 653 1371 77.
684 1341 803 1373 abhinc
832 1342 1015 1382 suspicione
1045 1341 1210 1372 exsolutus
1240 1351 1257 1372 e
1292 1350 1424 1372 carcere
1458 1340 1607 1372 dimissus
1642 1337 1719 1378 est).
1771 1338 1875 1371 Simili
1907 1338 1980 1370 feli-

166 1390 277 1423 citate,
312 1387 430 1429 pergit,
465 1397 551 1425 usus,
587 1396 661 1419 cum
694 1388 779 1420 inter
810 1392 860 1419 tot
887 1389 1033 1419 inimicos
1060 1391 1094 1419 et
1122 1388 1248 1419 invidos
1276 1397 1373 1419 nemo
1402 1396 1547 1429 unquam
1575 1386 1708 1419 laedere
1737 1395 1790 1418 me
1822 1385 1982 1427 potuerit.

166 1435 361 1466 Divitiarum
389 1438 422 1465 et
449 1434 572 1476 gloriae
602 1438 784 1467 contemtor
810 1435 874 1471 fui;
906 1444 1072 1476 nunquam
1098 1444 1151 1466 me
1179 1436 1352 1467 mentitum
1378 1444 1449 1466 esse
1473 1434 1618 1466 memini.
1657 1433 1696 1465 In
1723 1434 1878 1466 ecstasim
1899 1441 1980 1475 quo-

166 1483 227 1514 ties
255 1481 324 1511 volo
354 1484 496 1512 transeo.
547 1481 646 1513 Plura
675 1482 788 1523 scripsi
817 1491 916 1524 quam
939 1481 1014 1523 legi,
1045 1482 1140 1513 docui
1166 1492 1263 1523 quam
1287 1482 1396 1520 didici,
1424 1483 1558 1522 juvatus
1587 1489 1609 1513 a
1630 1480 1775 1517 numine,
1801 1480 1853 1511 oui
1876 1480 1981 1512 etiam

167 1529 278 1560 omnia
311 1528 426 1560 tribuo.
463 1543 508 1548 —
542 1528 591 1559 Ex
626 1529 811 1569 aspectibus
844 1529 1050 1570 planetarum
1082 1528 1144 1560 has
1180 1529 1279 1560 animi
1313 1517 1488 1570 qualitates
1522 1528 1582 1560 sibi
1613 1523 1762 1559 vindicat
1791 1525 1980 1559 Gadanus:

172 1576 322 1613 „animus
347 1574 586 1616 philosophicus
614 1579 648 1607 et
674 1576 820 1607 scientiis
849 1576 1127 1612 accommodatus,
1158 1576 1358 1618 ingeniosus,
1389 1575 1536 1617 elegans,
1567 1575 1651 1606 bene
1674 1577 1835 1612 moratus,
1859 1573 1979 1612 laetus,

168 1624 250 1664 pius,
281 1622 376 1659 fidus,
407 1627 550 1663 promtus
580 1622 623 1653 ad
640 1622 759 1654 officia
784 1623 996 1664 praestanda,
1026 1623 1171 1654 veritatis
1207 1631 1332 1660 amans,
1367 1622 1566 1658 laboriosae,
1599 1622 1751 1653 inventor
1782 1629 1888 1652 rerum
1920 1629 1978 1652 no-

168 1679 292 1706 varum,
321 1669 463 1723 moribus
490 1669 678 1708 moderatis,
710 1669 872 1707 sobrius;u
906 1673 1036 1724 contra·
1065 1670 1263 1710 „captiosus,
1299 1669 1440 1705 dolosus,
1475 1667 1710 1705 amarulentus,
1744 1667 1778 1699 in
1813 1667 1900 1700 diem
1933 1667 1980 1698 vi-

168 1768 202 1795 et
226 1763 344 1794 morbis
369 1762 490 1795 animi“
520 1763 614 1795 dicit.
642 1765 723 1795 vitia
746 1763 838 1795 nulla
864 1764 964 1795 animi
988 1764 1131 1801 fuerunt,
1158 1765 1218 1795 nisi
1234 1763 1450 1795 immoderata
1468 1737 1629 1803 cupiditas
1652 1737 1819 1799 sciendi3”
1817 1761 1979 1794 musicam

168 1811 263 1842 dilexi
287 1810 396 1847 nimis,
425 1810 619 1842 immodicus
643 1811 677 1842 in
702 1810 850 1842 omnibus
876 1811 972 1842 rebus
998 1811 1055 1848 fui,
1081 1820 1161 1852 quas
1187 1811 1299 1848 dilexi3
1324 1810 1376 1842 odi
1400 1809 1597 1851 injustitiam
1622 1817 1720 1850 super
1744 1808 1856 1840 omnia
1872 1806 1933 1841 &c-

286 1857 424 1889 Genesis
446 1857 530 1888 haec
564 1858 688 1889 inserta
728 1863 778 1889 est
811 1858 985 1899 appendici
1019 1857 1061 1889 ad
1093 1857 1431 1895 „Commentaria
1464 1855 1570 1888 incl.
1601 1855 1837 1890 Ptolemaei
1867 1853 1975 1895 Qua·

169 1903 468 1945 dripartitum“
497 1902 597 1943 (Bas.
634 1902 748 1944 1554)
781 1905 953 1946 inscripto:
1012 1905 1310 1936 Geniturarum
1344 1903 1547 1945 Exempla
1573 1901 1655 1940 XII,
1688 1901 1809 1944 illaque
1841 1901 1979 1944 implens

167 1952 307 1993 paginas
336 1949 379 1981 45
407 1952 440 1982 in
472 1951 558 1988 folio,
591 1952 638 1982 sic
664 1951 845 1983 concludit:
875 1952 965 1983 vides
995 1952 1103 1993 igitur,
1134 1952 1219 1993 quod
1245 1951 1427 1994 astrologus
1454 1951 1558 1982 bonus
1591 1952 1721 1991 oportet
1748 1951 1787 1980 ut
1819 1948 1863 1980 sit
1895 1947 1979 1980 alter

167 2000 285 2040 Argus.
336 1998 427 2029 Inter
459 2007 559 2039 opera
590 1998 734 2030 Cardani
763 1998 888 2039 reliqua
911 1998 995 2030 haec
1020 1999 1157 2039 primurn
1187 1999 1335 2030 obtinent
1364 1999 1488 2030 locum:
1522 1996 1640 2029 Libelli
1673 1994 1694 2026 5
1724 1994 1777 2027 De
1807 1994 1978 2038 Supple-

167 2049 305 2077 mento
329 2045 567 2076 Almanach
595 2045 634 2076 de
661 2046 865 2077 restitutione
890 2049 1071 2086 temporum
1096 2044 1153 2077 dcc.
1189 2045 1335 2076 Norimb.
1363 2042 1465 2076 1547.
1510 2043 1624 2085 Opus
1646 2051 1794 2074 novum
1820 2041 1861 2075 de
1885 2041 1979 2074 Pro—

167 2092 440 2132 portionibus
468 2101 690 2130 numerorum,
718 2095 885 2130 motuum,
912 2092 1108 2132 ponderum,
1141 2101 1292 2123 sonorum
1320 2092 1521 2132 aliarumque
1550 2099 1657 2122 rerum
1685 2089 1980 2123 mensur-nudarum

169 2162 175 2170 .
206 2162 213 2170 .
246 2162 252 2169 .
279 2140 312 2170 in
346 2138 442 2169 libros
460 2138 491 2168 V
522 2138 694 2179 digestum.
745 2138 924 2169 Praeterea
949 2140 1037 2170 Artis
1066 2138 1213 2180 Magnae
1243 2139 1309 2170 sive
1340 2138 1380 2170 de
1406 2138 1528 2180 regulis
1555 2136 1749 2179 algebraicis
1774 2136 1857 2168 liber
1882 2144 1978 2168 unus.

167 2185 250 2217 Item
284 2185 324 2216 de
357 2185 452 2216 Aliza
480 2184 611 2226 Regula
643 2185 723 2216 liber
755 2183 850 2224 (Bas.
882 2183 983 2216 1570.
1036 2186 1120 2223 „Ars
1154 2185 1299 2227 magna“
1330 2185 1450 2226 prodiit
1482 2185 1662 2226 separatim
1689 2179 1978 2221 Medi01.15⁴5).

166 2232 376 2264 Praetica
405 2231 713 2263 arithmeticae
743 2232 916 2273 generalis.
952 2231 1085 2264 Mediol
1117 2230 1217 2263 1539.
1269 2231 1361 2264 Lites
1391 2233 1425 2263 in
1454 2241 1534 2273 quas
1562 2230 1678 2263 incidit
1705 2229 1876 2262 Cardenus
1906 2238 1979 2262 cum

168 2278 241 2311 Nic.
271 2279 404 2310 Tarta
412 2278 501 2320 glia
527 2277 565 2317 (†
591 2278 675 2310 Ven.
707 2276 813 2317 1557)
843 2279 883 2310 de
913 2280 1052 2311 inventis
1078 2279 1111 2310 in
1134 2279 1275 2311 mathesi
1302 2279 1423 2321 regulis
1447 2279 1601 2320 leguntur
1624 2277 1658 2309 in
1683 2277 1771 2313 libris
1789 2277 1829 2310 de
1845 2275 1981 2309 historio.

167 2325 365 2358 matheseos.
392 2343 435 2348 —
453 2325 512 2357 De
539 2325 691 2357 Rerum
718 2325 951 2358 Varietate
980 2326 1052 2357 libri
1072 2325 1178 2357 XVII.
1211 2324 1305 2366 (Bas.
1339 2323 1441 2356 1556.
1477 2323 1576 2356 1560.
1609 2321 1725 2364 1581).
1744 2323 1867 2356 —De
1885 2322 1978 2355 Sub·

168 2373 335 2404 tilitate
359 2372 429 2404 libri
446 2372 522 2404 XXI
541 2371 700 2412 (Norimb.
729 2371 830 2404 1550.
856 2373 936 2405 Bas.
959 2371 1075 2410 1611).
1098 2372 1245 2406 Collecta
1261 2373 1448 2414 prodierunt
1472 2372 1616 2404 Cardani
1641 2379 1740 2413 opera
1763 2379 1850 2404 anuo
1876 2366 1977 2402 1683.

169 2419 322 2462 Lugduni
350 2419 465 2462 Segus.
496 2436 541 2442 -—

289 2475 324 2518 9)
349 2489 380 2520 p.
410 2477 488 2510 359.
539 2478 757 2510 Joannes
799 2477 1065 2516 Miillerus,
1105 2479 1147 2510 ab
1184 2478 1262 2510 urbe
1299 2479 1408 2519 patria
1437 2476 1552 2509 Monte
1590 2475 1705 2525 Regio
1730 2475 1765 2508 in
1795 2471 1980 2509 Franconia

169 2535 288 2556 nomen
315 2526 444 2567 accepit
469 2525 528 2557 Re
543 2526 847 2567 giomontani.
899 2524 1007 2557 Natus
1033 2529 1083 2556 est
1110 2534 1195 2557 anno
1225 2522 1326 2562 1436,
1352 2525 1505 2557 Viennae
1530 2518 1759 2566 praeceptore
1766 2532 1845 2557 usus
1870 2523 1980 2558 estin

170 2573 395 2604 astronomicis
430 2572 637 2604 celeberrimo
672 2576 741 2604 tum
772 2572 925 2613 temporis
958 2576 1145 2604 astronomo
1179 2571 1479 2608 Purbachio;
1515 2579 1601 2604 anno
1641 2567 1744 2601 1461.
1771 2567 1979 2605 cardinalem

169 2619 398 2651 Bessarionem
423 2619 557 2651 Vienna
593 2619 786 2651 redeuntem
812 2619 953 2650 Romam
993 2620 1190 2658 comitatus,
1231 2618 1340 2650 studia
1369 2628 1442 2650 cum
1466 2617 1614 2660 legendis
1638 2616 1726 2649 libris
1753 2616 1979 2650 astronomicis

171 2671 238 2697 tum
265 2666 465 2698 observando
491 2667 523 2697 in
552 2667 642 2698 coelo
667 2667 826 2707 urgebat,
864 2666 913 2697 ita
943 2669 981 2696 ut
1008 2664 1108 2696 1463.
1141 2665 1270 2697 Patavii
1296 2666 1529 2697 astronomiam
1552 2664 1776 2705 profiteretur,
1814 2671 1901 2696 auno
1918 2664 1976 2696 ‘se-

169 2717 289 2753 quente
315 2713 464 2744 Venetiis
503 2713 600 2745 libros
639 2713 814 2744 conficeret
838 2712 1090 2744 mathematicos
1124 2716 1158 2743 et
1183 2712 1425 2753 Ephemerides.
1476 2712 1573 2743 Anno
1600 2708 1702 2742 1471.
1728 2709 1978 2754 Norinibergam

170 2760 306 2791 secessit
329 2760 436 2800 ibique
461 2769 518 2800 per
543 2764 683 2801 quatuor
708 2769 833 2796 annOS,
868 2768 998 2800 operam
1031 2764 1065 2790 et
1089 2760 1261 2800 pecuniam
1286 2759 1475 2791 conferente
1499 2757 1690 2790 Bernhardo
1714 2756 1977 2794 walthero,

170 2806 381 2838 conficiendis
406 2808 632 2838 instrumentis
667 2807 910 2843 astronomicis,
951 2806 1228 2838 observationibus
1262 2806 1517 2843 accuratissimis
1549 2804 1797 2846 tabularumque
1821 2804 1976 2839 emenda-

171 2853 312 2885 tionibus
337 2857 425 2884 totus
451 2858 630 2894 occupatus
669 2853 747 2890 fuit;
787 2853 995 2885 concinnavit
1027 2853 1161 2894 insuper
1185 2851 1416 2894 Ephemerides
1453 2849 1512 2891 (ab
1537 2861 1567 2884 a-
1597 2847 1839 2883 1475-1506.
1864 2848 1976 2884 Norib.

176 2897 280 2938 1474)
308 2904 342 2931 et
370 2899 579 2937 Calendaria,
606 2900 708 2932 edidit
725 2900 901 2932 Theoricas
919 2899 1104 2936 Purbachii,
1130 2899 1259 2933 Manilii
1276 2899 1506 2931 Astronomica
1529 2901 1564 2930 et
1589 2897 1848 2931 Cometaeranni
1873 2894 1975 2929 1472.

172 2945 431 2986 descriptionem.
473 2948 567 2978 Anno
595 2946 698 2978 1475.
725 2955 746 2978 a
769 2946 924 2987 pontifice
948 2947 1090 2978 maximo
1117 2945 1207 2978 Sixto
1225 2946 1284 2978 IV.
1310 2946 1452 2978 Romam
1470 2945 1655 2984 arcessitus,
1681 2947 1718 2987 ut
1741 2949 1874 2984 operam
1899 2953 1976 2977 con-

172 2992 271 3023 ferret
296 2993 339 3024 ad
366 2992 554 3025 Calendarii
578 2993 842 3025 reformationem
854 2992 875 3030 ,²
896 3002 994 3034 quam
1025 2993 1080 3024 ille
1112 2993 1323 3030 moliebatur,
1364 2993 1518 3024 alacriter
1551 3001 1621 3024 rem
1645 2998 1820 3032 aggressus
1843 3001 1910 3024 non
1933 2992 1976 3024 ad

172 3037 270 3069 finem
294 3039 473 3078 perducere
499 3041 604 3081 potuit
628 3040 801 3082 repentina
828 3040 981 3080 abreptus
1006 3044 1109 3072 morte
1133 3039 1221 3072 Julio
1246 3048 1359 3072 mense
1385 3040 1463 3071 anni
1489 3035 1592 3070 1476.
1645 3035 1754 3078 Opera
1777 3047 1845 3071 nou
1867 3047 1976 3080 pauca

173 3092 246 3116 cum
270 3085 418 3125 perfecta
445 3090 514 3118 tum
537 3086 694 3119 inchoata
720 3087 859 3129 reliquit,
886 3096 1020 3128 quorum
1047 3087 1233 3129 catalogum
1259 3086 1385 3119 addidit
1410 3084 1448 3117 G.
1475 3085 1702 3118 Tanstetterus
1728 3083 1867 3130 editionir
1888 3084 1973 3124 „Ta-
