2028 3242
831 37 941 80 cmc
962 37 1131 72 xl—xn.
1807 36 1891 82 139

85 143 212 189 habet.
230 154 297 184 cut
312 155 427 190 prosa
441 145 502 187 sit,
523 156 634 192 quam
653 144 734 190 ejus
754 145 950 187 contraria,
970 147 1042 181 hoo
1059 146 1150 191 ipso,
1179 146 1267 192 quia
1283 145 1471 182 contraria
1488 144 1571 190 ejus
1591 145 1794 191 concipitur
1811 157 1893 190 esse

85 196 124 232 in
153 208 227 232 non
256 201 363 233 ente:
395 209 491 244 quae
521 198 552 233 si
570 198 683 234 etiam
713 208 826 244 prosa
855 199 956 235 facta
986 203 1097 239 esset,
1130 199 1282 234 mundus
1302 203 1424 233 tamen
1444 197 1571 233 similis
1601 198 1687 233 huic
1706 197 1894 244 praesenti

85 249 206 285 saona
223 253 336 285 esset.
392 251 626 297 Comparatio
657 252 777 286 locum
793 262 866 286 non
884 251 1002 287 babet
1019 252 1242 292 mundorum,
1271 251 1335 286 ubi
1362 262 1456 286 unus
1484 251 1587 286 solus
1605 255 1675 286 est.
1729 252 1895 287 Valeant

85 301 212 363 itaQue
237 303 474 349 quaestiones
505 304 711 349 hujusmodi
737 304 963 346 materiales,
996 309 1035 339 et
1065 315 1146 339 cum
1164 304 1292 339 iisdem
1323 304 1435 338 etiam
1464 304 1619 339 metatio
1643 305 1795 345 zodiaci,
1828 316 1895 339 seu

84 358 208 401 ponus
227 351 334 401 (quis
345 356 405 391 hie
423 356 513 392 locis
533 357 607 392 suis
625 356 773 392 excedit
795 357 878 391 aevi
902 352 1094 402 successu)
1113 356 1196 391 viae
1213 356 1343 403 regiae
1375 367 1399 391 a
1417 355 1557 391 Solaris
1576 357 1738 403 corporis
1758 357 1894 393 circulo

83 407 279 454 intui-eju
306 410 411 454 polos
435 409 553 446 medio
570 413 812 446 monstratae.
870 410 966 446 Nam
995 410 1028 446 si
1046 409 1123 456 poli
1153 413 1194 444 et
1219 409 1303 445 axis
1334 409 1499 455 eorporis
1516 409 1658 445 Solariz
1688 410 1725 445 in
1755 411 1893 457 plagas

84 461 206 496 mundi
238 457 333 496 alias
363 462 461 498 versi
487 462 655 504 fuissem,
686 461 799 498 etiam
830 462 893 498 via
910 462 1020 510 regia
1050 462 1128 498 alia
1157 462 1289 498 fuisset
1306 463 1491 498 traducta.
1548 463 1651 503 Quod
1679 463 1772 499 idem
1791 469 1831 498 et
1849 465 1893 498 de

83 513 212 561 figuris
230 514 456 551 dodonam>
474 520 515 551 et
532 515 720 551 ioosaedro
739 514 938 551 dicendum.
993 516 1130 551 Demus
1158 515 1264 556 enim,
1297 526 1426 550 munus
1454 515 1618 562 ipsarum
1636 527 1728 556 esse,
1761 516 1894 552 metari

25 566 31 569 '
84 565 271 602 zodiacum
301 567 523 603 sectionibus
553 569 687 604 mutuis
718 569 888 610 laterum,
920 573 960 604 et
978 569 1068 604 certi
1087 569 1231 614 quidem
1262 568 1409 608 ordinis,
1441 579 1488 603 ex
1517 579 1595 609 sex,
1629 580 1718 614 quos
1737 568 1893 604 diximus

84 618 401 708 mpozsibiles:
431 626 533 656 certe
550 622 735 658 translato
751 622 954 669 figurarum
982 621 1056 657 situ
1086 621 1125 658 in
1148 622 1279 657 mundo
1303 621 1431 656 sensili
1461 622 1567 656 sedes
1593 621 1706 656 etiam
1737 622 1813 656 alia
1832 633 1893 656 zo-

216 683 239 707 o
265 672 439 720 tingeret.

834 943 994 1008 Caput
1028 942 1145 991 XII.

650 1048 827 1090 Divisio
856 1048 1025 1090 zodiaco·
1052 1054 1092 1090 et
1119 1053 1321 1102 aspectus.

173 1127 326 1185 'Multi
365 1141 603 1183 divisionem
643 1142 834 1184 zodiaci
878 1142 917 1184 in
962 1143 1169 1184 duodecim
1210 1142 1398 1196 praecisa
1437 1142 1554 1194 signa
1589 1154 1662 1195 pro
1702 1141 1893 1194 figmento

86 1200 258 1243 humano
292 1199 494 1249 habuere,
533 1201 608 1242 tali
644 1215 809 1255 nempe,
851 1202 914 1243 cui
951 1202 1050 1243 nihil
1087 1202 1144 1243 rei
1183 1201 1378 1242 naturalis
1411 1201 1554 1241 subsit.
1618 1201 1757 1254 Neque
1790 1200 1894 1240 enim

9 1271 11 1273 ’
86 1259 188 1300 baec
228 1273 352 1311 μορια
388 1260 539 1301 viribus
582 1266 654 1301 aut
691 1261 967 1302 affectionibus
1010 1261 1167 1302 differre
1210 1260 1461 1301 naturalibus
1504 1260 1775 1308 arbitrantur,
1820 1259 1893 1299 sed

85 1323 268 1359 assumta
295 1324 460 1371 propter
490 1319 641 1359 numeri
673 1321 725 1360 ad
755 1320 934 1360 rationes
965 1320 1243 1372 aptitudinem.
1306 1318 1462 1365 Quibus
1501 1318 1580 1359 etsi
1617 1332 1694 1359 non
1733 1318 1891 1358 omnino

7 1424 11 1431 .
86 1388 286 1429 repugno,
326 1381 461 1418 tamen
498 1390 548 1417 ne
585 1377 678 1430 quid
719 1384 868 1419 temere
908 1379 1133 1431 rejiciatur,
1178 1392 1230 1419 ex
1266 1377 1408 1418 iisdem
1444 1377 1650 1430 principiis
1682 1377 1891 1419 divisionis

86 1435 202 1488 hujus
242 1440 409 1478 causam
452 1448 696 1489 proponam,
742 1438 794 1478 ad
837 1450 955 1490 quam
988 1437 1222 1479 Creatorem
1262 1436 1530 1490 proprietates
1574 1437 1628 1483 (si
1668 1450 1768 1490 quas
1798 1436 1892 1477 illae

88 1493 304 1536 distinctas
333 1494 506 1543 habent)
537 1496 865 1537 accommodasse
897 1509 991 1538 vero
1022 1509 1102 1537 non
1133 1497 1209 1537 erit
1241 1495 1438 1536 absimile.
1459 1498 1495 1544 ⁸)

202 1553 470 1596 Numerorum
500 1554 719 1608 subjectum
752 1556 949 1608 quodnam
987 1557 1060 1603 sit,
1101 1568 1223 1608 supra
1262 1554 1445 1595 vidimus.
1507 1554 1564 1595 Et
1593 1559 1701 1594 certe
1732 1558 1894 1606 praeter

88 1616 279 1666 quantum
310 1619 381 1655 aut
405 1618 553 1668 quanto
578 1614 722 1664 simile,
754 1615 938 1667 potentia
956 1615 1219 1668 qualicunque
1237 1613 1476 1667 praeditum,
1509 1613 1606 1653 nihil
1638 1617 1702 1652 est
1733 1611 1772 1652 in
1804 1618 1891 1652 toto

89 1671 274 1712 universo
303 1672 560 1722 numerabile,
591 1679 754 1726 praeter
784 1673 927 1721 Deum,
959 1674 1024 1727 qui
1055 1673 1258 1728 ipsissima
1289 1672 1516 1713 veneranda
1548 1671 1725 1712 Trinitas
1755 1675 1832 1711 est.
1851 1669 1891 1717 1’)

79 1729 182 1772 Ἰειιιι
211 1730 334 1782 igitur
364 1743 531 1783 corpora
562 1732 695 1772 omnia
728 1732 989 1774 dissecuimus
1019 1746 1091 1786 per
1128 1733 1348 1773 zodiacum.
1371 1733 1406 1779 ⁰)
1468 1731 1713 1778 Videamus,
1753 1729 1892 1781 ecquid

88 1789 268 1832 sectione
297 1789 374 1830 hac
405 1790 594 1831 zodiacus
624 1791 711 1843 ipse
741 1791 911 1843 adeptus
944 1793 1007 1833 vel
1038 1805 1184 1844 passus
1216 1791 1285 1831 sit.
1305 1789 1343 1838 ἆ)
1393 1789 1602 1830 Sectornm
1635 1789 1756 1840 igitur
1787 1789 1894 1828 dicto

51 1879 57 1891 ,
86 1847 204 1889 modo
244 1847 335 1888 cubi
374 1849 498 1888 facies
529 1863 579 1890 ex
610 1850 790 1890 sectione
821 1851 1022 1891 resultans
1055 1851 1131 1891 erit
1162 1851 1372 1902 quadrata,
1407 1855 1450 1889 ut
1481 1854 1523 1888 et
1546 1847 1739 1896 octaedri,
1771 1860 1894 1901 pyra-

17 1951 19 1953 ,
88 1905 207 1947 midis
237 1906 462 1959 triangula,
501 1909 740 1961 reliquorum
778 1909 942 1962 duorum
980 1910 1215 1961 decangula.
1279 1908 1436 1955 Quater
1466 1908 1545 1948 tria
1576 1907 1710 1947 decies
1743 1906 1896 1946 faciunt

11 1964 18 2012 J
90 1977 286 2007 summam
315 1972 475 2006 centum
506 1973 549 2007 et
578 1967 733 2020 viginti.
796 1968 924 2020 Igitur
954 1970 1148 2020 inscripta
1178 1969 1325 2008 circulo
1357 1967 1603 2019 quadratum,
1638 1965 1894 2018 triangulum,

9 2038 19 2077 g
89 2023 354 2076 decangulum
392 2025 443 2064 ad
481 2026 586 2066 idem
629 2032 818 2079 punctum
858 2041 974 2068 arcus
1011 2029 1145 2068 varios
1188 2027 1227 2067 in
1272 2025 1594 2067 circumferentia
1630 2025 1893 2076 distinguunt,

12 2110 17 2114 Α
93 2095 194 2136 quos
222 2095 360 2124 omnes
390 2085 555 2125 metitur
584 2086 715 2138 portio
752 2098 829 2126 non
867 2087 995 2138 major
1035 2086 1254 2126 centesima
1284 2086 1396 2125 vice·
1613 2096 1673 2126 rie·
1694 2091 1739 2119 ¹⁷-

22 2280 28 2311 1
92 2258 201 2310 plum
230 2271 320 2298 cum
350 2258 405 2298 sit
436 2255 545 2307 360,
581 2261 760 2301 videmus
797 2261 901 2302 hanc
932 2262 1166 2303 divisionem
1198 2275 1274 2302 non
1306 2275 1393 2302 om-

6 2420 35 2442 .
91 2387 247 2416 rursum
277 2389 328 2416 ex
359 2376 497 2416 eodem
528 2383 674 2429 puncto
705 2380 923 2430 separatim
947 2380 1230 2428 describamus,
1263 2379 1394 2432 portio

0 2491 35 2560 f*
92 2492 292 2544 signum.
353 2493 410 2534 Ut
453 2494 591 2534 mirum
634 2495 711 2542 sit,
757 2500 799 2535 et
840 2502 989 2536 motum
1026 2496 1133 2537 Solis
1174 2504 1216 2538 et
1256 2499 1395 2539 Lunae

90 2141 192 2181 sima
222 2142 347 2181 totius
378 2142 528 2183 circuli.
589 2144 799 2185 Naturalis
831 2144 953 2196 igitur
990 2146 1131 2186 divisio
1168 2145 1321 2185 zodiaci
1354 2145 1393 2184 in

26 2250 30 2252 ἡ
94 2197 177 2240 120
207 2212 260 2239 ex
288 2200 461 2252 regulari
492 2202 573 2241 situ
604 2215 810 2254 corporum
842 2203 949 2244 inter
978 2205 1108 2245 orbes.
1162 2202 1284 2255 Cujus
1316 2204 1390 2243 tri-

16 2325 29 2376 ᾗ
90 2312 183 2358 nino
202 2317 313 2357 nulla
330 2317 484 2357 ratione
504 2319 591 2359 niti.
634 2319 728 2359 Jam
754 2320 788 2359 si
813 2321 1050 2372 quadratum
1081 2327 1124 2361 et
1153 2321 1395 2373 triangulum
1456 2355 1460 2360 .

5 2441 31 2467 e
91 2434 228 2475 circuli
270 2434 433 2474 minima
475 2436 553 2476 erit
593 2448 688 2488 pars
732 2437 967 2478 duodecima
1009 2439 1205 2486 ambitus,
1254 2451 1394 2490 nempe
1468 2439 1476 2452 ⁸

92 2558 340 2593 menstruum
357 2553 394 2600 ο)
433 2558 476 2593 et
506 2554 805 2605 conjunctiones
838 2567 1006 2606 magnas
1038 2557 1283 2607 superiorum
1314 2563 1396 2598 tam

93 2603 187 2664 apte
219 2611 414 2664 quadrare
446 2612 497 2652 ad
527 2614 751 2665 portiones,
793 2626 894 2665 quae
932 2615 982 2654 ab
1020 2616 1235 2656 eorundem
1270 2617 1502 2668 corporibus
1539 2631 1612 2671 per
1651 2620 1894 2672 triangulum

93 2674 137 2711 et
165 2669 401 2723 quadratum
431 2671 740 2723 distinguuntur.
761 2669 791 2720 t)

211 2727 346 2780 Atque
378 2729 479 2768 adeo
512 2743 629 2782 quam
661 2731 761 2770 haec
793 2731 1039 2770 duodenaria
1070 2731 1212 2772 divisio
1238 2745 1360 2784 penes
1380 2739 1564 2775 naturam
1594 2735 1633 2775 in
1665 2735 1794 2786 pretio
1825 2735 1894 2783 sit,

95 2787 276 2838 exemplo
308 2799 406 2839 cape
439 2794 648 2838 extraneo,
690 2796 734 2829 ut
765 2789 944 2839 quamvis
976 2802 1100 2829 causa
1130 2803 1206 2830 non
1239 2792 1394 2830 omnino
1433 2793 1597 2844 cognita
1633 2794 1713 2842 sit,
1757 2798 1891 2835 tamen

51 2860 53 2863 ·
95 2845 255 2884 occasio
284 2850 436 2898 pateat,
470 2847 636 2887 subinde
667 2848 913 2900 praeclarius
945 2848 994 2887 de
1027 2847 1088 2888 his
1121 2850 1290 2902 quinque
1314 2847 1456 2902 'figuris
1486 2852 1697 2893 sentiendi.
1718 2853 1756 2901 ⁸)

42 2907 52 2910 ”
211 2903 313 2943 Esto
343 2905 551 2957 proposita
583 2907 680 2947 fides
713 2907 859 2959 aliqua,
891 2906 1056 2958 ejusque
1088 2921 1209 2947 sonus
1228 2909 1271 2948 Γ
1294 2914 1350 2948 ut.
1394 2909 1525 2961 Igitur
1555 2916 1653 2963 quot
1679 2916 1892 3002 ἓξ

51 3007 53 3009 ,
96 2968 308 3002 occurrunt
333 2975 452 3002 voces
477 2977 503 3003 a
526 2966 562 3005 Γ
586 2978 709 3018 usque
740 2966 790 3005 ad
823 2971 1006 3004 octavam
1037 2972 1303 3006 consonantes
1329 2981 1415 3008 cum
1439 2970 1483 3015 Γ,
1514 2969 1649 3019 toties,
1821 2995 1892 3034 Ξ,

78 3030 171 3061 ὐεο
202 3021 376 3076 saepius,
405 3027 523 3078 potes
554 3024 672 3065 fldem
702 3023 955 3067 rationaliter
986 3024 1180 3079 dividere,
1213 3025 1271 3065 sic
1303 3031 1346 3067 ut
1378 3027 1531 3068 divisae
1561 3028 1651 3069 fidis
1680 3034 1819 3082 partes
1851 3036 1892 3069 et
