2028 3242
770 116 814 149 ιιο
837 116 936 150 robus
961 116 1178 160 υυοιοςιοιι.
1789 113 1871 159 361

77 234 175 263 nan
188 220 361 274 trigono.
423 220 542 268 Quod
561 221 646 262 fieri
677 222 787 262 nulla
805 221 960 262 ratione
979 222 1142 274 poterit,
1175 222 1210 263 si
1229 222 1269 262 in
1287 222 1453 263 zodiaco
1477 222 1552 263 hos
1572 227 1761 275 aspectus
1780 234 1881 263 con-

75 280 248 329 sideret,
280 292 359 320 uon
389 279 430 320 in
462 286 699 332 aequatore,
740 281 953 334 praecipue
985 281 1019 321 si
1049 281 1108 321 M.
1142 279 1189 322 C.
1221 282 1439 322 incirculo
1476 281 1696 322 meridiano
1727 281 1879 322 consti-

75 344 181 380 taaa.
188 338 212 358 “
270 338 464 380 Producit
494 352 592 379 sane
624 339 689 379 hic
721 340 850 380 locum
881 338 1067 388 Stadios,
1113 339 1179 392 qui
1210 340 1259 379 de
1291 354 1428 387 τοποις
1463 353 1535 380 seu
1566 340 1747 381 domibus
1778 339 1876 392 agit,

78 397 154 438 sed
182 402 340 439 tantum
373 398 509 446 abest,
555 403 601 438 ut
637 398 865 438 institutum
902 397 1104 447 obtineat,
1148 398 1427 439 Ptolemaeum
1464 399 1696 452 inaequales
1739 399 1879 439 domos

75 457 220 505 facore,
250 461 298 496 ut
327 469 402 508 ego
432 457 568 509 potius
599 457 690 497 hinc
720 457 880 498 inverso
913 461 1148 508 argumento
1180 457 1470 510 aequalitatem
1499 458 1717 506 obtineam,
1750 463 1793 498 et
1812 469 1881 498 se-

75 515 175 556 rien
203 521 529 566 argumentorum
561 527 683 567 supra
711 519 898 567 coeptam
930 515 993 555 hic
1025 516 1266 556 continuem.
1328 516 1434 557 Illud
1463 516 1813 569 praemittendum,
1846 516 1882 555 si

74 574 133 615 M.
164 572 229 622 0.,
260 579 305 615 ut
337 573 408 621 ait,
437 574 479 614 in
510 573 657 621 circulo
687 573 905 614 meridiano
936 574 1176 623 constituas,
1208 587 1285 614 non
1318 574 1546 615 habituram
1577 575 1707 615 locum
1726 588 1882 627 aequa-

79 633 239 674 litatem
267 631 464 681 domuum,
495 637 542 673 at
572 632 608 672 si
639 632 881 673 contrarium
915 633 1000 685 ejus
1033 633 1172 681 facias,
1206 633 1312 686 quod
1331 640 1474 674 auctor
1492 633 1749 674 Ptolemaeus
1771 633 1880 681 fecit,

75 691 214 744 utifio
242 695 373 732 totam
402 690 492 744 ejus
521 691 719 732 rationem
751 691 824 732 tibi
853 691 1044 744 perverti,
1077 692 1175 733 nihil
1206 691 1346 733 mirum
1378 697 1454 733 est.
1518 692 1776 733 Ptolemaeus
1806 692 1883 732 hoc

78 750 168 791 loeo
197 749 256 791 Μ.
288 747 339 791 G.
379 760 459 791 non
499 749 540 790 in
570 750 792 791 meridiano
833 750 1067 798 constituit,
1115 751 1187 792 sed
1225 750 1264 790 in
1300 758 1449 803 puncto
1485 751 1641 791 zodiaci
1684 750 1884 791 altissimo

78 820 199 861 super
228 807 415 856 Terram,
459 808 641 862 quodque
683 810 914 861 plerumque
958 809 1078 850 altius
1122 814 1188 850 est
1223 822 1271 850 eo
1312 810 1465 851 zodiaci
1496 816 1665 862 puncto,
1703 809 1809 863 quod
1840 809 1879 849 in

79 866 300 908 meridiano
330 867 490 915 haeret,
531 867 678 908 circulo
709 867 894 908 verticali
924 880 997 919 per
1025 869 1159 921 polum
1189 868 1345 909 zodiaci
1376 869 1578 909 traducto.
1640 869 1775 909 Probo
1806 868 1882 909 hoc

74 939 127 967 ex
161 924 263 978 ipsis
297 925 447 966 verbis.
509 925 575 966 Sit
617 927 743 979 igitur
772 926 1033 978 aequalitatis
1064 927 1247 968 domuum
1280 933 1557 979 argumentum
1602 927 1882 975 secundum,

75 984 181 1038 qood
208 983 467 1025 Ptolemaeus
496 985 582 1033 hic,
619 985 687 1026 ubi
725 985 811 1038 agit
847 985 897 1025 de
928 986 1132 1034 domibus,
1171 999 1270 1027 voce
1315 986 1708 1027 dodecatemorii
1747 991 1885 1026 utatur

73 1055 148 1096 pro
175 1054 275 1085 voce
306 1043 493 1084 domus.
554 1044 706 1085 Notum
738 1050 875 1084 autem
906 1050 988 1093 est,
1029 1057 1107 1084 nou
1140 1045 1270 1086 solere
1302 1051 1561 1098 aequatorem
1593 1044 1718 1086 dividi
1750 1044 1881 1092 aliter,

74 1102 154 1143 nisi
180 1101 221 1142 in
251 1107 434 1154 tempora
464 1098 569 1151 360,
611 1103 741 1143 solum
771 1115 867 1143 vero
899 1103 1105 1144 zodiacum
1137 1103 1176 1144 in
1207 1104 1556 1153 dodecatemoria,
1589 1109 1631 1144 et
1663 1103 1885 1144 dodecate-

74 1161 244 1202 morium
273 1160 312 1200 iu
344 1175 489 1212 μοιρας
521 1158 590 1210 30,
623 1174 700 1201 ιιοιι
732 1176 911 1215 χρονους,
946 1167 988 1201 et
1018 1162 1081 1202 hic
1101 1175 1256 1216 quoque
1287 1176 1367 1203 vox
1397 1178 1520 1215 μοιρα
1545 1162 1730 1203 occurrit.
1782 1161 1886 1204 Cum

77 1231 173 1272 ergo
202 1219 460 1260 Ptolemaeus
491 1234 773 1272 μεσονρατημα
804 1220 869 1261 hic
901 1221 1081 1273 appellet
1111 1221 1498 1270 dodecatemorium‚
1538 1221 1720 1273 appellat
1758 1220 1881 1273 igitur

75 1283 233 1331 partem
261 1278 415 1319 zodiaci
444 1293 742 1331 uaowooevmm,
777 1284 819 1319 et
849 1279 903 1328 id,
937 1279 1007 1325 ait,
1040 1281 1221 1333 aspicere
1253 1282 1449 1333 quadrato
1481 1281 1655 1328 unciam,
1688 1292 1791 1333 quae
1821 1284 1886 1319 est

77 1337 189 1378 circa
215 1337 491 1389 horoscopum.
540 1338 666 1390 Atqui
699 1338 831 1385 uncia,
863 1351 966 1391 quae
996 1339 1104 1379 circa
1134 1340 1395 1380 meridianum
1422 1345 1498 1388 est,
1533 1338 1559 1380 5
1580 1339 1763 1392 partibus
1788 1343 1884 1379 ante

78 1401 123 1436 et
148 1394 206 1437 25
237 1401 349 1448 post,
392 1408 470 1436 nou
501 1397 730 1449 frequenter
768 1397 912 1449 aspicit
949 1397 1282 1450 horoscopantem
1314 1399 1525 1451 quadrato.
1587 1397 1696 1450 Ergo
1727 1396 1885 1437 zodiaci

78 1467 189 1507 pars,
221 1467 324 1508 quae
353 1453 418 1495 hic
436 1454 669 1496 Ptolemaeo
701 1456 848 1496 dicitur
866 1470 1135 1508 μεσουραηιτ,
1167 1457 1327 1509 saepius
1359 1458 1436 1498 erit
1469 1463 1587 1497 extra
1606 1455 1881 1496 meridianum.

78 1513 297 1555 Tertium
327 1518 628 1566 argumentum:
674 1515 855 1566 aspicere
887 1527 931 1554 se
964 1515 1149 1556 dicuntur
1179 1516 1273 1556 illae
1305 1515 1440 1556 circuli
1472 1521 1632 1567 partes,
1674 1527 1775 1567 quae
1807 1514 1885 1554 ha-

80 1572 181 1613 bent
206 1571 283 1613 sub
297 1584 357 1620 ,se
388 1578 596 1613 currentes
627 1573 815 1625 planetas
847 1573 1111 1625 aspicientes:
1158 1580 1347 1626 aspectus
1378 1574 1482 1614 enim
1513 1587 1592 1614 non
1624 1579 1690 1614 est
1718 1578 1886 1626 propter

79 1631 209 1672 locam
233 1630 306 1671 sed
324 1636 490 1683 propter
507 1631 724 1683 planetam.
776 1632 837 1672 At
862 1632 900 1671 in
928 1638 1144 1685 aequatore
1170 1633 1268 1674 nulli
1287 1633 1487 1685 planetae,
1519 1632 1559 1672 in
1579 1632 1743 1672 zodiaco
1763 1631 1885 1684 igitur

78 1689 345 1742 quaerendum
374 1690 450 1730 hoc
479 1705 774 1742 μισουραημα,
807 1690 1003 1742 quadrato
1036 1691 1236 1743 aspiciens
1267 1692 1542 1743 horoscopum,
1575 1696 1617 1730 et
1638 1691 1696 1731 sic
1722 1696 1767 1730 ut
1789 1691 1882 1743 plu-

77 1748 217 1799 rinum
256 1752 373 1788 extra
410 1748 683 1788 meridianum.
747 1748 987 1795 Quartum
1030 1749 1244 1790 coincidit:
1296 1750 1381 1802 agit
1418 1750 1472 1792 ibi
1510 1749 1588 1790 loci
1622 1744 1882 1789 Ptolemaeus

78 1807 128 1847 de
159 1805 259 1847 locis
289 1806 499 1858 apheticis.
560 1807 749 1859 Aphetae
783 1820 878 1847 vero
909 1820 986 1848 non
1018 1814 1111 1849 sunt
1152 1809 1191 1849 in
1224 1814 1460 1861 aequatore,
1500 1821 1597 1860 ergo
1631 1808 1669 1848 in
1702 1807 1883 1847 zodiaco.

78 1864 187 1912 Quid
216 1865 321 1905 enim
345 1865 465 1916 Juvat
495 1865 684 1917 aphetam
716 1871 756 1906 et
789 1866 1054 1918 horoscopum
1084 1867 1124 1907 in
1157 1868 1322 1908 zodiaco
1354 1868 1618 1915 constitutos,
1662 1866 1697 1905 si
1730 1868 1895 1920 aequa-⁷

77 1924 180 1964 toris
208 1923 341 1976 portio
371 1924 687 1975 correspondens
725 1925 1053 1977 correspondenti
1085 1926 1251 1967 orientis
1281 1926 1454 1978 portioni
1493 1925 1752 1978 aequatoriae
1784 1937 1884 1965 con-

0 1991 1 1994 ’
78 1982 314 2036 figuratur?
356 1981 448 2023 Non
481 1995 579 2022 sane
610 1984 758 2035 magis,
805 1996 924 2036 quarn
957 1985 990 2024 si
1023 1984 1193 2037 alicujus
1226 1987 1467 2037 tropicorum
1499 1990 1569 2024 aut
1599 1984 1884 2036 parallelorum

0 2085 1 2105 ἢ
80 2040 437 2094 correspondentes
467 2041 672 2093 portiones
705 2043 975 2094 configuratas
1008 2043 1231 2084 exhiberes.
1294 2043 1502 2090 Quinto:
1546 2042 1671 2083 verba
1700 2043 1774 2083 illa
1812 2043 1890 2091 („a

81 2099 252 2152 quinque
280 2099 464 2152 partibus
494 2101 979 2152 praeascendentibus“),
1025 2115 1125 2154 qnae
1157 2102 1284 2155 rigide
1317 2102 1485 2144 Stadius
1517 2107 1561 2142 et
1593 2100 1804 2143 Cardamis
1837 2100 1888 2140 ad

82 2162 339 2209 aequatorem
368 2158 550 2206 trahunt,
596 2160 685 2199 sola
714 2172 795 2199 vox
825 2159 1133 2212 ἀναφερομενων
1162 2161 1324 2202 zodiaco
1356 2161 1550 2202 vindicat.
1612 2160 1720 2200 Nam
1750 2164 1885 2200 astro-

82 2215 190 2258 nomi
221 2214 368 2256 Graeci
410 2216 462 2255 de
492 2216 646 2257 zodiaci
676 2218 859 2270 partibus
900 2226 1096 2271 usurpant
1135 2221 1411 2260 ascensionem
1456 2220 1621 2272 ejusque
1664 2231 1890 2259 mensuram

80 2274 122 2315 in
152 2278 370 2326 aequatore
401 2274 672 2324 constituunt,
706 2276 747 2315 id
777 2277 902 2316 multo
933 2278 1081 2330 magis,
1115 2278 1169 2326 si,
1202 2284 1247 2318 ut
1276 2279 1355 2326 hic,
1383 2279 1607 2331 jungantur
1636 2292 1757 2328 μοιρα
1788 2276 1887 2317 ἀτα-

28 2345 31 2348 ·
84 2345 304 2385 φερομυης
336 2337 430 2372 tunc
461 2332 573 2372 nulla
601 2333 758 2374 ratione
789 2340 970 2386 tempora
1001 2336 1237 2388 aequatoria
1255 2343 1425 2387 possunt
1455 2336 1639 2387 intelligi.
1703 2335 1882 2376 Sexto:

84 2390 385 2432 distinctissime
429 2391 604 2443 loquitur
646 2393 696 2432 de
741 2390 798 2433 30
828 2393 892 2432 his
922 2394 1106 2444 partibus
1137 2395 1355 2446 (μοιραις),
1402 2393 1659 2446 configuratis
1692 2394 1888 2446 quadrato

85 2451 202 2503 (puta
232 2449 370 2490 itidem
403 2447 460 2490 30
489 2452 685 2501 μοιραις),
728 2464 830 2504 quae
862 2457 955 2491 sunt
986 2452 1094 2492 illius
1126 2453 1284 2500 domus,
1332 2466 1433 2505 quae
1464 2452 1642 2491 Medium
1677 2451 1791 2491 Coeli
1823 2451 1888 2490 di·-

85 2509 200 2550 citur.
261 2508 355 2548 Jam
378 2520 473 2548 vero
503 2509 687 2560 partibus
719 2509 876 2549 zodiaci
908 2511 1125 2550 orientibus
1158 2516 1342 2562 tempora
1372 2510 1601 2563 aequatoris
1627 2509 1891 2550 culminantia

84 2579 163 2608 non
191 2567 412 2619 figurantur
442 2567 665 2619 quadratis.
729 2567 834 2608 Sunt
865 2569 986 2620 igitur
1026 2569 1148 2608 etiam
1187 2570 1294 2609 circa
1336 2583 1384 2609 το
1420 2583 1704 2619 μεσουρατημα
1735 2567 1888 2608 intelli-

86 2625 243 2677 gendae
273 2631 412 2677 partes
442 2625 618 2674 zodiaci,
663 2632 704 2666 et
735 2627 796 2666 sic
827 2633 944 2666 extra
974 2627 1251 2668 meridianum.
1315 2627 1570 2680 Septimo:
1617 2639 1707 2666 cum
1737 2632 1889 2666 certum

87 2684 153 2733 sit,
186 2684 276 2724 loca
307 2683 493 2735 aphetica
525 2697 614 2724 esse
646 2685 685 2724 in
718 2685 904 2732 zodiaco,
947 2686 1038 2726 vide
1071 2699 1173 2726 nunc
1204 2686 1285 2726 ista
1314 2686 1459 2726 verba:
1510 2684 1551 2726 ἐν
1582 2699 1664 2731 τοις
1693 2684 1891 2725 ἀποκεκλι-

84 2756 172 2782 aom
198 2757 270 2782 τον
299 2756 648 2794 μεσουρανηματος
679 2758 827 2790 tortore.
892 2744 990 2783 Tale
1023 2750 1088 2784 est
1117 2745 1290 2785 medium
1322 2745 1434 2792 coeli,
1469 2757 1494 2784 a
1519 2756 1595 2795 quo
1615 2743 1771 2783 zodiaci
1789 2756 1887 2796 por-

85 2799 216 2841 tiones
244 2801 427 2852 utrinque
459 2801 674 2850 declinant,
710 2807 753 2841 at
784 2816 809 2841 a
839 2808 988 2853 puncto
1020 2803 1185 2851 zodiaci,
1221 2804 1326 2854 quod
1358 2804 1395 2842 in
1427 2802 1651 2842 meridiano
1685 2801 1888 2850 culminat,

85 2870 163 2898 non
192 2871 290 2910 pure
331 2859 509 2899 declinat
547 2860 741 2900 alteruter
779 2873 966 2908 arcuum,
1013 2862 1084 2901 sed
1131 2874 1180 2900 ex
1210 2868 1326 2912 parte
1364 2873 1513 2912 magna
1545 2860 1667 2899 etiam
1699 2859 1887 2907 acclinat,

86 2923 274 2968 quantum
305 2929 362 2957 sc.
408 2923 473 2957 est
513 2931 538 2957 a
581 2924 728 2970 puncto
771 2919 917 2969 gradus
957 2919 1208 2971 nonagesimi
1248 2920 1298 2958 ad
1329 2918 1603 2959 meridianum.
1668 2918 1887 2958 Octavo:

79 2973 246 3026 trigoni,
277 2975 475 3027 hexagoni
506 2981 549 3016 et
578 2977 781 3028 tetragoni
824 2977 887 3016 bic
918 2989 996 3017 non
1027 2982 1199 3029 possunt
1228 2977 1398 3029 intelligi
1430 2978 1479 3017 de
1511 2982 1750 3029 aequatore,
1797 2977 1891 3029 quia

87 3042 221 3073 eorum
256 3034 327 3073 alii
364 3033 549 3074 dicuntur
579 3047 677 3080 esse
709 3036 941 3087 longarum,
987 3036 1056 3075 alii
1087 3036 1266 3076 brevium
1308 3036 1599 3076 ascensionum.
1661 3036 1722 3076 At
1751 3047 1889 3075 omnes

37 3136 52 3139 „
87 3091 316 3145 aequatur-is
344 3092 492 3146 trigoni
522 3098 616 3132 sunt
647 3094 873 3148 aequalium
905 3094 1195 3137 ascensionum.
1258 3095 1420 3139 Nono:
1455 3094 1552 3136 alibi
1578 3094 1783 3136 consentit
1812 3092 1889 3133 sibi
