<?xml version="1.0" encoding="UTF-8"?>
<!DOCTYPE html PUBLIC "-//W3C//DTD XHTML 1.0 Transitional//EN"
    "http://www.w3.org/TR/xhtml1/DTD/xhtml1-transitional.dtd">
<html xmlns="http://www.w3.org/1999/xhtml" xml:lang="en" lang="en">
 <head>
  <title>
</title>
<meta http-equiv="Content-Type" content="text/html;charset=utf-8" />
  <meta name='ocr-system' content='tesseract 3.04.00' />
  <meta name='ocr-capabilities' content='ocr_page ocr_carea ocr_par ocr_line ocrx_word'/>
</head>
<body>
  <div class='ocr_page' id='page_1' title='image "./operaomniaedidit01kepluoft/operaomniaedidit01kepluoft_0250.png"; bbox 0 0 2028 3242; ppageno 0'>
   <div class='ocr_carea' id='block_1_1' title="bbox 127 72 1142 117">
    <p class='ocr_par' dir='ltr' id='par_1_1' title="bbox 127 72 1142 117">
     <span class='ocr_line' id='line_1_1' title="bbox 127 72 1142 117; baseline 0 -13"><span class='ocrx_word' id='word_1_1' title='bbox 127 75 213 117; x_wconf 78' lang='lat'>228</span> <span class='ocrx_word' id='word_1_2' title='bbox 926 72 1142 104; x_wconf 82' lang='lat' dir='ltr'><strong>Prooemium.</strong></span> 
     </span>
    </p>
   </div>
   <div class='ocr_carea' id='block_1_2' title="bbox 120 177 1944 3100">
    <p class='ocr_par' dir='ltr' id='par_1_2' title="bbox 125 177 1943 260">
     <span class='ocr_line' id='line_1_2' title="bbox 125 177 1943 223; baseline -0.001 -9"><span class='ocrx_word' id='word_1_3' title='bbox 125 182 301 223; x_wconf 84' lang='lat' dir='ltr'>inscripta:</span> <span class='ocrx_word' id='word_1_4' title='bbox 338 179 521 220; x_wconf 81' lang='lat' dir='ltr'>Responsio</span> <span class='ocrx_word' id='word_1_5' title='bbox 548 178 590 210; x_wconf 94' lang='lat' dir='ltr'>D.</span> <span class='ocrx_word' id='word_1_6' title='bbox 611 178 766 210; x_wconf 89' lang='lat' dir='ltr'>Duncani</span> <span class='ocrx_word' id='word_1_7' title='bbox 791 177 835 210; x_wconf 85' lang='lat' dir='ltr'>ad</span> <span class='ocrx_word' id='word_1_8' title='bbox 861 178 1044 210; x_wconf 79' lang='lat' dir='ltr'><strong>calumnias</strong></span> <span class='ocrx_word' id='word_1_9' title='bbox 1072 177 1228 215; x_wconf 80' lang='grc' dir='ltr'>0131118τί,</span> <span class='ocrx_word' id='word_1_10' title='bbox 1255 178 1357 211; x_wconf 82' lang='grc'>1111553</span> <span class='ocrx_word' id='word_1_11' title='bbox 1369 178 1522 220; x_wconf 64' lang='grc' dir='ltr'>Τγο110111»</span> <span class='ocrx_word' id='word_1_12' title='bbox 1543 188 1630 212; x_wconf 85' lang='lat' dir='ltr'>anno</span> <span class='ocrx_word' id='word_1_13' title='bbox 1658 177 1750 212; x_wconf 84' lang='lat'><strong>1600</strong></span> <span class='ocrx_word' id='word_1_14' title='bbox 1775 188 1843 212; x_wconf 77' lang='lat' dir='ltr'>una</span> <span class='ocrx_word' id='word_1_15' title='bbox 1867 188 1943 212; x_wconf 85' lang='lat' dir='ltr'>cum</span> 
     </span>
     <span class='ocr_line' id='line_1_3' title="bbox 147 231 839 260; baseline -0.014 0"><span class='ocrx_word' id='word_1_16' title='bbox 147 239 182 260; x_wconf 90' lang='lat' dir='ltr'>ro</span> <span class='ocrx_word' id='word_1_17' title='bbox 224 231 379 259; x_wconf 89' lang='lat' dir='ltr'>ammate.</span> <span class='ocrx_word' id='word_1_18' title='bbox 826 248 839 258; x_wconf 27' lang='grc' dir='ltr'><em>κ</em></span> 
     </span>
    </p>

    <p class='ocr_par' dir='ltr' id='par_1_3' title="bbox 122 238 1944 882">
     <span class='ocr_line' id='line_1_4' title="bbox 125 238 1943 316; baseline -0.001 -10"><span class='ocrx_word' id='word_1_19' title='bbox 125 239 145 270; x_wconf 72' lang='lat' dir='ltr'>p</span> <span class='ocrx_word' id='word_1_20' title='bbox 184 238 357 306; x_wconf 31' lang='lat' dir='ltr'>gx‘Summa</span> <span class='ocrx_word' id='word_1_21' title='bbox 379 273 475 314; x_wconf 89' lang='lat' dir='ltr'>hujus</span> <span class='ocrx_word' id='word_1_22' title='bbox 501 273 718 314; x_wconf 83' lang='lat' dir='ltr'>responsionis</span> <span class='ocrx_word' id='word_1_23' title='bbox 743 272 828 304; x_wconf 85' lang='lat' dir='ltr'>haec</span> <span class='ocrx_word' id='word_1_24' title='bbox 855 276 923 304; x_wconf 89' lang='lat' dir='ltr'>est:</span> <span class='ocrx_word' id='word_1_25' title='bbox 949 273 998 304; x_wconf 87' lang='lat' dir='ltr'>Ex</span> <span class='ocrx_word' id='word_1_26' title='bbox 1023 272 1188 313; x_wconf 89' lang='lat' dir='ltr'>Tychonis</span> <span class='ocrx_word' id='word_1_27' title='bbox 1212 272 1316 304; x_wconf 87' lang='lat' dir='ltr'>literis</span> <span class='ocrx_word' id='word_1_28' title='bbox 1342 282 1428 304; x_wconf 84' lang='lat' dir='ltr'>anno</span> <span class='ocrx_word' id='word_1_29' title='bbox 1455 270 1512 304; x_wconf 88' lang='grc'>87.</span> <span class='ocrx_word' id='word_1_30' title='bbox 1538 282 1641 306; x_wconf 72' lang='lat' dir='ltr'>manu</span> <span class='ocrx_word' id='word_1_31' title='bbox 1664 274 1795 316; x_wconf 77' lang='lat' dir='ltr'>propria</span> <span class='ocrx_word' id='word_1_32' title='bbox 1821 273 1866 305; x_wconf 83' lang='lat' dir='ltr'>ad</span> <span class='ocrx_word' id='word_1_33' title='bbox 1890 282 1943 304; x_wconf 90' lang='lat' dir='ltr'>me</span> 
     </span>
     <span class='ocr_line' id='line_1_5' title="bbox 125 319 1944 362; baseline -0.001 -9"><span class='ocrx_word' id='word_1_34' title='bbox 125 323 252 362; x_wconf 88' lang='lat' dir='ltr'>scriptis</span> <span class='ocrx_word' id='word_1_35' title='bbox 278 325 434 362; x_wconf 84' lang='lat' dir='ltr'>apparet,</span> <span class='ocrx_word' id='word_1_36' title='bbox 462 319 652 360; x_wconf 89' lang='lat' dir='ltr'>Tychonem</span> <span class='ocrx_word' id='word_1_37' title='bbox 677 319 767 352; x_wconf 90' lang='lat' dir='ltr'>illam</span> <span class='ocrx_word' id='word_1_38' title='bbox 791 319 988 360; x_wconf 83' lang='lat' dir='ltr'>hypothesin</span> <span class='ocrx_word' id='word_1_39' title='bbox 1011 319 1090 351; x_wconf 91' lang='lat' dir='ltr'>mihi</span> <span class='ocrx_word' id='word_1_40' title='bbox 1116 329 1181 351; x_wconf 89' lang='lat' dir='ltr'>non</span> <span class='ocrx_word' id='word_1_41' title='bbox 1208 321 1489 358; x_wconf 80' lang='lat' dir='ltr'>communicasse,</span> <span class='ocrx_word' id='word_1_42' title='bbox 1523 330 1635 353; x_wconf 82' lang='lat' dir='ltr'>verum</span> <span class='ocrx_word' id='word_1_43' title='bbox 1657 330 1711 353; x_wconf 86' lang='lat' dir='ltr'>me</span> <span class='ocrx_word' id='word_1_44' title='bbox 1734 330 1809 352; x_wconf 86' lang='lat' dir='ltr'>meo</span> <span class='ocrx_word' id='word_1_45' title='bbox 1833 320 1944 352; x_wconf 73' lang='lat' dir='ltr'>Marte</span> 
     </span>
     <span class='ocr_line' id='line_1_6' title="bbox 126 367 1944 408; baseline -0.001 -8"><span class='ocrx_word' id='word_1_46' title='bbox 126 369 299 407; x_wconf 85' lang='lat' dir='ltr'>iuvenisse,</span> <span class='ocrx_word' id='word_1_47' title='bbox 328 373 378 405; x_wconf 91' lang='lat' dir='ltr'>et,</span> <span class='ocrx_word' id='word_1_48' title='bbox 404 371 443 399; x_wconf 89' lang='lat' dir='ltr'>ut</span> <span class='ocrx_word' id='word_1_49' title='bbox 467 368 536 408; x_wconf 87' lang='lat' dir='ltr'>ipse</span> <span class='ocrx_word' id='word_1_50' title='bbox 562 367 756 407; x_wconf 87' lang='lat' dir='ltr'>confitetur,</span> <span class='ocrx_word' id='word_1_51' title='bbox 780 371 925 399; x_wconf 79' lang='lat' dir='ltr'>mentem</span> <span class='ocrx_word' id='word_1_52' title='bbox 951 376 1044 398; x_wconf 89' lang='lat' dir='ltr'>suam</span> <span class='ocrx_word' id='word_1_53' title='bbox 1069 367 1234 398; x_wconf 86' lang='lat' dir='ltr'>imitatum</span> <span class='ocrx_word' id='word_1_54' title='bbox 1259 367 1369 399; x_wconf 84' lang='lat' dir='ltr'>fuisse.</span> <span class='ocrx_word' id='word_1_55' title='bbox 1421 367 1594 400; x_wconf 82' lang='lat' dir='ltr'>Excitasse</span> <span class='ocrx_word' id='word_1_56' title='bbox 1619 371 1732 400; x_wconf 74' lang='lat' dir='ltr'>antem</span> <span class='ocrx_word' id='word_1_57' title='bbox 1757 367 1802 400; x_wconf 69' lang='lat' dir='ltr'>ad</span> <span class='ocrx_word' id='word_1_58' title='bbox 1825 376 1944 400; x_wconf 76' lang='lat' dir='ltr'>novam</span> 
     </span>
     <span class='ocr_line' id='line_1_7' title="bbox 125 414 1942 457; baseline -0.001 -9"><span class='ocrx_word' id='word_1_59' title='bbox 125 417 269 457; x_wconf 83' lang='lat' dir='ltr'>aliquam</span> <span class='ocrx_word' id='word_1_60' title='bbox 293 414 489 456; x_wconf 78' lang='lat' dir='ltr'>hypothesin</span> <span class='ocrx_word' id='word_1_61' title='bbox 515 414 768 456; x_wconf 79' lang='lat' dir='ltr'>excogitandam</span> <span class='ocrx_word' id='word_1_62' title='bbox 794 424 860 445; x_wconf 91' lang='lat' dir='ltr'>non</span> <span class='ocrx_word' id='word_1_63' title='bbox 892 414 1074 451; x_wconf 82' lang='lat' dir='ltr'>dissimulo.</span> <span class='ocrx_word' id='word_1_64' title='bbox 1111 414 1311 446; x_wconf 87' lang='lat' dir='ltr'>documenta</span> <span class='ocrx_word' id='word_1_65' title='bbox 1346 419 1379 446; x_wconf 92' lang='lat' dir='ltr'>et</span> <span class='ocrx_word' id='word_1_66' title='bbox 1409 416 1572 447; x_wconf 85' lang='lat' dir='ltr'>rationem</span> <span class='ocrx_word' id='word_1_67' title='bbox 1603 415 1705 447; x_wconf 77' lang='lat' dir='ltr'>ullam</span> <span class='ocrx_word' id='word_1_68' title='bbox 1729 415 1830 447; x_wconf 80' lang='lat' dir='ltr'>istam</span> <span class='ocrx_word' id='word_1_69' title='bbox 1851 414 1942 446; x_wconf 77' lang='lat' dir='ltr'>inve—</span> 
     </span>
     <span class='ocr_line' id='line_1_8' title="bbox 123 460 1942 504; baseline -0.001 -9"><span class='ocrx_word' id='word_1_70' title='bbox 123 463 234 495; x_wconf 90' lang='lat' dir='ltr'>niendi</span> <span class='ocrx_word' id='word_1_71' title='bbox 269 463 530 494; x_wconf 80' lang='lat' dir='ltr'>communicasse</span> <span class='ocrx_word' id='word_1_72' title='bbox 565 472 660 504; x_wconf 85' lang='lat' dir='ltr'>nego.</span> <span class='ocrx_word' id='word_1_73' title='bbox 711 460 929 493; x_wconf 86' lang='lat' dir='ltr'>Nihilominus</span> <span class='ocrx_word' id='word_1_74' title='bbox 963 461 1052 493; x_wconf 87' lang='lat' dir='ltr'>hanc</span> <span class='ocrx_word' id='word_1_75' title='bbox 1078 461 1217 503; x_wconf 85' lang='lat' dir='ltr'>gloriam</span> <span class='ocrx_word' id='word_1_76' title='bbox 1241 461 1321 493; x_wconf 90' lang='lat' dir='ltr'>mihi</span> <span class='ocrx_word' id='word_1_77' title='bbox 1345 472 1513 504; x_wconf 90' lang='lat' dir='ltr'>nunquam</span> <span class='ocrx_word' id='word_1_78' title='bbox 1543 462 1663 503; x_wconf 86' lang='lat' dir='ltr'>tribui,</span> <span class='ocrx_word' id='word_1_79' title='bbox 1697 461 1756 494; x_wconf 89' lang='lat' dir='ltr'>sed</span> <span class='ocrx_word' id='word_1_80' title='bbox 1781 461 1942 503; x_wconf 85' lang='lat' dir='ltr'>Tychoni‚</span> 
     </span>
     <span class='ocr_line' id='line_1_9' title="bbox 124 507 1942 551; baseline -0.001 -9"><span class='ocrx_word' id='word_1_81' title='bbox 124 520 189 542; x_wconf 88' lang='grc'>11011</span> <span class='ocrx_word' id='word_1_82' title='bbox 214 510 427 551; x_wconf 78' lang='lat' dir='ltr'>hypothesin,</span> <span class='ocrx_word' id='word_1_83' title='bbox 453 513 492 540; x_wconf 84' lang='lat' dir='ltr'>ut</span> <span class='ocrx_word' id='word_1_84' title='bbox 515 510 629 541; x_wconf 78' lang='lat' dir='ltr'>scribit</span> <span class='ocrx_word' id='word_1_85' title='bbox 654 508 847 546; x_wconf 83' lang='lat' dir='ltr'>Cramerus,</span> <span class='ocrx_word' id='word_1_86' title='bbox 874 509 1122 545; x_wconf 86' lang='lat' dir='ltr'>Liddeliauam,</span> <span class='ocrx_word' id='word_1_87' title='bbox 1149 509 1208 540; x_wconf 88' lang='lat' dir='ltr'>sed</span> <span class='ocrx_word' id='word_1_88' title='bbox 1233 509 1482 549; x_wconf 87' lang='lat' dir='ltr'>Tychonianam</span> <span class='ocrx_word' id='word_1_89' title='bbox 1514 510 1663 542; x_wconf 86' lang='lat' dir='ltr'>omnibus</span> <span class='ocrx_word' id='word_1_90' title='bbox 1687 509 1770 541; x_wconf 80' lang='lat' dir='ltr'>meis</span> <span class='ocrx_word' id='word_1_91' title='bbox 1794 507 1942 551; x_wconf 68' lang='lat' dir='ltr'>praelec-</span> 
     </span>
     <span class='ocr_line' id='line_1_10' title="bbox 124 555 1944 599; baseline 0 -11"><span class='ocrx_word' id='word_1_92' title='bbox 124 558 266 588; x_wconf 85' lang='lat' dir='ltr'>tionibus</span> <span class='ocrx_word' id='word_1_93' title='bbox 290 558 415 588; x_wconf 83' lang='lat' dir='ltr'>vocavi.</span> <span class='ocrx_word' id='word_1_94' title='bbox 442 591 445 593; x_wconf 64' lang='grc'><em>,</em></span> <span class='ocrx_word' id='word_1_95' title='bbox 467 556 543 588; x_wconf 87' lang='lat' dir='ltr'>Non</span> <span class='ocrx_word' id='word_1_96' title='bbox 567 557 692 598; x_wconf 88' lang='lat' dir='ltr'>ignoro,</span> <span class='ocrx_word' id='word_1_97' title='bbox 720 556 854 597; x_wconf 87' lang='lat' dir='ltr'>aliquos,</span> <span class='ocrx_word' id='word_1_98' title='bbox 881 556 1033 597; x_wconf 84' lang='lat' dir='ltr'>perlectis</span> <span class='ocrx_word' id='word_1_99' title='bbox 1058 556 1122 587; x_wconf 93' lang='lat' dir='ltr'>illis</span> <span class='ocrx_word' id='word_1_100' title='bbox 1148 556 1292 597; x_wconf 89' lang='lat' dir='ltr'>epistolis</span> <span class='ocrx_word' id='word_1_101' title='bbox 1319 561 1353 588; x_wconf 90' lang='lat' dir='ltr'>et</span> <span class='ocrx_word' id='word_1_102' title='bbox 1377 556 1531 594; x_wconf 88' lang='lat' dir='ltr'>theoriis,</span> <span class='ocrx_word' id='word_1_103' title='bbox 1557 557 1629 598; x_wconf 91' lang='lat' dir='ltr'>plus</span> <span class='ocrx_word' id='word_1_104' title='bbox 1654 566 1753 599; x_wconf 80' lang='lat' dir='ltr'>quam</span> <span class='ocrx_word' id='word_1_105' title='bbox 1778 566 1840 599; x_wconf 77' lang='lat' dir='ltr'>ego</span> <span class='ocrx_word' id='word_1_106' title='bbox 1864 555 1944 588; x_wconf 84' lang='lat' dir='ltr'>mihi</span> 
     </span>
     <span class='ocr_line' id='line_1_11' title="bbox 123 603 1942 646; baseline -0.001 -10"><span class='ocrx_word' id='word_1_107' title='bbox 123 605 293 640; x_wconf 80' lang='lat' dir='ltr'>tribuisse,</span> <span class='ocrx_word' id='word_1_108' title='bbox 327 604 413 646; x_wconf 91' lang='lat' dir='ltr'>quod</span> <span class='ocrx_word' id='word_1_109' title='bbox 444 604 507 634; x_wconf 87' lang='lat' dir='ltr'>illis</span> <span class='ocrx_word' id='word_1_110' title='bbox 540 604 677 635; x_wconf 86' lang='lat' dir='ltr'>liberum</span> <span class='ocrx_word' id='word_1_111' title='bbox 708 603 786 640; x_wconf 86' lang='lat' dir='ltr'>fuit,</span> <span class='ocrx_word' id='word_1_112' title='bbox 821 613 884 635; x_wconf 88' lang='lat' dir='ltr'>nec</span> <span class='ocrx_word' id='word_1_113' title='bbox 909 604 943 634; x_wconf 90' lang='lat' dir='ltr'>in</span> <span class='ocrx_word' id='word_1_114' title='bbox 967 612 1044 634; x_wconf 87' lang='lat' dir='ltr'>mea</span> <span class='ocrx_word' id='word_1_115' title='bbox 1067 606 1244 644; x_wconf 78' lang='lat' dir='ltr'>potestate.</span> <span class='ocrx_word' id='word_1_116' title='bbox 1297 604 1342 635; x_wconf 84' lang='lat' dir='ltr'>At</span> <span class='ocrx_word' id='word_1_117' title='bbox 1366 605 1400 635; x_wconf 91' lang='lat' dir='ltr'>in</span> <span class='ocrx_word' id='word_1_118' title='bbox 1425 604 1701 645; x_wconf 86' lang='lat' dir='ltr'>praelectionibus</span> <span class='ocrx_word' id='word_1_119' title='bbox 1725 604 1864 645; x_wconf 81' lang='lat' dir='ltr'>publicis</span> <span class='ocrx_word' id='word_1_120' title='bbox 1887 611 1942 634; x_wconf 81' lang='lat' dir='ltr'>mc</span> 
     </span>
     <span class='ocr_line' id='line_1_12' title="bbox 124 649 1942 692; baseline -0.001 -9"><span class='ocrx_word' id='word_1_121' title='bbox 124 652 264 688; x_wconf 86' lang='lat' dir='ltr'>dixisse,</span> <span class='ocrx_word' id='word_1_122' title='bbox 289 651 379 683; x_wconf 87' lang='lat' dir='ltr'>illam</span> <span class='ocrx_word' id='word_1_123' title='bbox 403 650 600 692; x_wconf 81' lang='lat' dir='ltr'>hypothesin</span> <span class='ocrx_word' id='word_1_124' title='bbox 628 650 818 690; x_wconf 88' lang='lat' dir='ltr'>Tychonem</span> <span class='ocrx_word' id='word_1_125' title='bbox 841 650 919 681; x_wconf 87' lang='lat' dir='ltr'>mihi</span> <span class='ocrx_word' id='word_1_126' title='bbox 947 650 1085 686; x_wconf 89' lang='lat' dir='ltr'>debere,</span> <span class='ocrx_word' id='word_1_127' title='bbox 1110 660 1164 682; x_wconf 90' lang='lat' dir='ltr'>me</span> <span class='ocrx_word' id='word_1_128' title='bbox 1189 651 1328 691; x_wconf 89' lang='lat' dir='ltr'>primum</span> <span class='ocrx_word' id='word_1_129' title='bbox 1353 652 1383 682; x_wconf 91' lang='lat' dir='ltr'>ei</span> <span class='ocrx_word' id='word_1_130' title='bbox 1409 651 1687 688; x_wconf 79' lang='lat' dir='ltr'>communicasse,</span> <span class='ocrx_word' id='word_1_131' title='bbox 1714 654 1750 683; x_wconf 88' lang='lat' dir='ltr'>et</span> <span class='ocrx_word' id='word_1_132' title='bbox 1773 649 1942 682; x_wconf 78' lang='lat' dir='ltr'>Liddelia-</span> 
     </span>
     <span class='ocr_line' id='line_1_13' title="bbox 123 697 1942 740; baseline 0 -10"><span class='ocrx_word' id='word_1_133' title='bbox 123 708 202 730; x_wconf 90' lang='lat' dir='ltr'>nam</span> <span class='ocrx_word' id='word_1_134' title='bbox 225 707 374 733; x_wconf 83' lang='lat' dir='ltr'>vocasse,</span> <span class='ocrx_word' id='word_1_135' title='bbox 399 698 571 739; x_wconf 89' lang='lat' dir='ltr'>impudens</span> <span class='ocrx_word' id='word_1_136' title='bbox 595 697 805 729; x_wconf 87' lang='lat' dir='ltr'>mendacium</span> <span class='ocrx_word' id='word_1_137' title='bbox 831 701 882 729; x_wconf 89' lang='lat' dir='ltr'>est</span> <span class='ocrx_word' id='word_1_138' title='bbox 900 697 1046 728; x_wconf 86' lang='lat' dir='ltr'>Crameri</span> <span class='ocrx_word' id='word_1_139' title='bbox 1065 697 1265 738; x_wconf 88' lang='lat' dir='ltr'>aliorumque</span> <span class='ocrx_word' id='word_1_140' title='bbox 1284 698 1523 735; x_wconf 86' lang='lat' dir='ltr'>cavillatorum,</span> <span class='ocrx_word' id='word_1_141' title='bbox 1550 698 1590 730; x_wconf 88' lang='lat' dir='ltr'>de</span> <span class='ocrx_word' id='word_1_142' title='bbox 1616 699 1732 740; x_wconf 85' lang='lat' dir='ltr'>quibus</span> <span class='ocrx_word' id='word_1_143' title='bbox 1756 699 1806 730; x_wconf 79' lang='lat' dir='ltr'>ita.</span> <span class='ocrx_word' id='word_1_144' title='bbox 1831 706 1942 740; x_wconf 75' lang='lat' dir='ltr'>agam,</span> 
     </span>
     <span class='ocr_line' id='line_1_14' title="bbox 122 742 1943 786; baseline -0.001 -8"><span class='ocrx_word' id='word_1_145' title='bbox 122 750 160 778; x_wconf 87' lang='lat' dir='ltr'>ut</span> <span class='ocrx_word' id='word_1_146' title='bbox 183 746 332 778; x_wconf 86' lang='lat' dir='ltr'>omnibus</span> <span class='ocrx_word' id='word_1_147' title='bbox 358 749 486 786; x_wconf 88' lang='lat' dir='ltr'>pateat,</span> <span class='ocrx_word' id='word_1_148' title='bbox 512 754 565 776; x_wconf 90' lang='lat' dir='ltr'>me</span> <span class='ocrx_word' id='word_1_149' title='bbox 591 745 701 776; x_wconf 78' lang='lat' dir='ltr'>famae</span> <span class='ocrx_word' id='word_1_150' title='bbox 726 753 822 776; x_wconf 84' lang='lat' dir='ltr'>meae</span> <span class='ocrx_word' id='word_1_151' title='bbox 847 744 1073 786; x_wconf 84' lang='lat' dir='ltr'>negligentem</span> <span class='ocrx_word' id='word_1_152' title='bbox 1098 754 1164 775; x_wconf 88' lang='lat' dir='ltr'>non</span> <span class='ocrx_word' id='word_1_153' title='bbox 1191 754 1274 776; x_wconf 88' lang='lat' dir='ltr'>esse.</span> <span class='ocrx_word' id='word_1_154' title='bbox 1321 744 1397 777; x_wconf 86' lang='lat' dir='ltr'>Non</span> <span class='ocrx_word' id='word_1_155' title='bbox 1423 749 1536 777; x_wconf 86' lang='lat' dir='ltr'>autem</span> <span class='ocrx_word' id='word_1_156' title='bbox 1559 746 1715 778; x_wconf 80' lang='lat' dir='ltr'>imitabor</span> <span class='ocrx_word' id='word_1_157' title='bbox 1739 742 1943 781; x_wconf 71' lang='lat' dir='ltr'>Crumerum,</span> 
     </span>
     <span class='ocr_line' id='line_1_15' title="bbox 122 790 1941 834; baseline -0.002 -9"><span class='ocrx_word' id='word_1_158' title='bbox 122 802 184 825; x_wconf 89' lang='lat' dir='ltr'>nec</span> <span class='ocrx_word' id='word_1_159' title='bbox 209 793 358 825; x_wconf 90' lang='lat' dir='ltr'>convitiis</span> <span class='ocrx_word' id='word_1_160' title='bbox 382 792 557 834; x_wconf 84' lang='lat' dir='ltr'>pugnabo,</span> <span class='ocrx_word' id='word_1_161' title='bbox 585 795 637 831; x_wconf 82' lang='lat' dir='ltr'>et,</span> <span class='ocrx_word' id='word_1_162' title='bbox 674 795 833 833; x_wconf 90' lang='lat' dir='ltr'>quantum</span> <span class='ocrx_word' id='word_1_163' title='bbox 858 791 928 823; x_wconf 90' lang='lat' dir='ltr'>fieri</span> <span class='ocrx_word' id='word_1_164' title='bbox 952 795 1081 832; x_wconf 88' lang='lat' dir='ltr'>potest,</span> <span class='ocrx_word' id='word_1_165' title='bbox 1110 791 1258 832; x_wconf 87' lang='lat' dir='ltr'>Tychoni</span> <span class='ocrx_word' id='word_1_166' title='bbox 1283 801 1442 833; x_wconf 82' lang='lat' dir='ltr'>parcam,</span> <span class='ocrx_word' id='word_1_167' title='bbox 1476 793 1606 825; x_wconf 90' lang='lat' dir='ltr'>etiamsi</span> <span class='ocrx_word' id='word_1_168' title='bbox 1630 792 1686 824; x_wconf 89' lang='lat' dir='ltr'>ille</span> <span class='ocrx_word' id='word_1_169' title='bbox 1709 791 1789 824; x_wconf 82' lang='lat' dir='ltr'>mihi</span> <span class='ocrx_word' id='word_1_170' title='bbox 1812 790 1870 832; x_wconf 85' lang='lat' dir='ltr'>(ut</span> <span class='ocrx_word' id='word_1_171' title='bbox 1891 792 1941 822; x_wconf 86' lang='lat' dir='ltr'>iu·</span> 
     </span>
     <span class='ocr_line' id='line_1_16' title="bbox 125 838 566 882; baseline -0.007 -10"><span class='ocrx_word' id='word_1_172' title='bbox 125 838 254 882; x_wconf 87' lang='lat' dir='ltr'>telligo)</span> <span class='ocrx_word' id='word_1_173' title='bbox 281 841 414 871; x_wconf 90' lang='lat' dir='ltr'>minime</span> <span class='ocrx_word' id='word_1_174' title='bbox 438 843 566 880; x_wconf 88' lang='lat' dir='ltr'>parcat.</span> 
     </span>
    </p>

    <p class='ocr_par' dir='ltr' id='par_1_4' title="bbox 120 883 1944 1212">
     <span class='ocr_line' id='line_1_17' title="bbox 215 883 1943 928; baseline -0.002 -9"><span class='ocrx_word' id='word_1_175' title='bbox 215 887 375 928; x_wconf 88' lang='lat' dir='ltr'>Magini</span> <span class='ocrx_word' id='word_1_176' title='bbox 404 885 589 928; x_wconf 84' lang='lat' dir='ltr'>„theorias“</span> <span class='ocrx_word' id='word_1_177' title='bbox 618 885 756 916; x_wconf 86' lang='lat' dir='ltr'>diximus</span> <span class='ocrx_word' id='word_1_178' title='bbox 794 895 892 926; x_wconf 90' lang='lat' dir='ltr'>supra</span> <span class='ocrx_word' id='word_1_179' title='bbox 923 896 953 926; x_wconf 90' lang='lat' dir='ltr'>p.</span> <span class='ocrx_word' id='word_1_180' title='bbox 982 883 1046 922; x_wconf 89' lang='lat'>65,</span> <span class='ocrx_word' id='word_1_181' title='bbox 1087 886 1174 918; x_wconf 87' lang='lat' dir='ltr'>unde</span> <span class='ocrx_word' id='word_1_182' title='bbox 1200 887 1347 926; x_wconf 89' lang='lat' dir='ltr'>patebit,</span> <span class='ocrx_word' id='word_1_183' title='bbox 1386 887 1606 928; x_wconf 85' lang='lat' dir='ltr'>suspicionem</span> <span class='ocrx_word' id='word_1_184' title='bbox 1631 885 1814 928; x_wconf 82' lang='lat' dir='ltr'>Tychonis,</span> <span class='ocrx_word' id='word_1_185' title='bbox 1851 884 1943 917; x_wconf 88' lang='lat' dir='ltr'>illum</span> 
     </span>
     <span class='ocr_line' id='line_1_18' title="bbox 122 930 1944 976; baseline -0.002 -9"><span class='ocrx_word' id='word_1_186' title='bbox 122 943 294 976; x_wconf 70' lang='lat' dir='ltr'>arrogasse</span> <span class='ocrx_word' id='word_1_187' title='bbox 319 935 380 966; x_wconf 87' lang='lat' dir='ltr'>sibi</span> <span class='ocrx_word' id='word_1_188' title='bbox 405 933 570 974; x_wconf 89' lang='lat' dir='ltr'>Tychonis</span> <span class='ocrx_word' id='word_1_189' title='bbox 603 933 819 973; x_wconf 85' lang='lat' dir='ltr'>hypotheses,</span> <span class='ocrx_word' id='word_1_190' title='bbox 855 932 974 964; x_wconf 80' lang='lat' dir='ltr'>falsam</span> <span class='ocrx_word' id='word_1_191' title='bbox 1009 942 1091 964; x_wconf 90' lang='lat' dir='ltr'>esse.</span> <span class='ocrx_word' id='word_1_192' title='bbox 1142 933 1194 964; x_wconf 92' lang='lat' dir='ltr'>De</span> <span class='ocrx_word' id='word_1_193' title='bbox 1221 933 1326 964; x_wconf 89' lang='lat' dir='ltr'>Fran</span> <span class='ocrx_word' id='word_1_194' title='bbox 1337 934 1450 965; x_wconf 89' lang='lat' dir='ltr'>cisco</span> <span class='ocrx_word' id='word_1_195' title='bbox 1475 930 1666 966; x_wconf 85' lang='lat' dir='ltr'>Patricio</span> <span class='ocrx_word' id='word_1_196' title='bbox 1700 933 1846 975; x_wconf 87' lang='lat' dir='ltr'>pluribus</span> <span class='ocrx_word' id='word_1_197' title='bbox 1872 932 1944 975; x_wconf 81' lang='lat' dir='ltr'>agit</span> 
     </span>
     <span class='ocr_line' id='line_1_19' title="bbox 122 979 1939 1022; baseline -0.002 -8"><span class='ocrx_word' id='word_1_198' title='bbox 122 982 346 1022; x_wconf 89' lang='lat' dir='ltr'>Keplerus</span> <span class='ocrx_word' id='word_1_199' title='bbox 371 981 406 1011; x_wconf 90' lang='lat' dir='ltr'>in</span> <span class='ocrx_word' id='word_1_200' title='bbox 430 980 539 1012; x_wconf 91' lang='lat' dir='ltr'>libello</span> <span class='ocrx_word' id='word_1_201' title='bbox 565 990 622 1011; x_wconf 90' lang='lat' dir='ltr'>suo</span> <span class='ocrx_word' id='word_1_202' title='bbox 649 980 798 1021; x_wconf 88' lang='lat' dir='ltr'>sequenti</span> <span class='ocrx_word' id='word_1_203' title='bbox 824 984 940 1011; x_wconf 83' lang='lat' dir='ltr'>contra</span> <span class='ocrx_word' id='word_1_204' title='bbox 956 979 1076 1011; x_wconf 88' lang='lat' dir='ltr'>Ursum</span> <span class='ocrx_word' id='word_1_205' title='bbox 1089 982 1108 1016; x_wconf 76' lang='grc' dir='ltr'>ς·</span> <span class='ocrx_word' id='word_1_206' title='bbox 1123 980 1176 1011; x_wconf 88' lang='lat' dir='ltr'>hic</span> <span class='ocrx_word' id='word_1_207' title='bbox 1193 981 1375 1012; x_wconf 84' lang='lat' dir='ltr'>notandum</span> <span class='ocrx_word' id='word_1_208' title='bbox 1394 985 1454 1020; x_wconf 90' lang='lat' dir='ltr'>est,</span> <span class='ocrx_word' id='word_1_209' title='bbox 1480 981 1661 1014; x_wconf 88' lang='lat' dir='ltr'>Patricium</span> <span class='ocrx_word' id='word_1_210' title='bbox 1687 979 1772 1021; x_wconf 78' lang='lat' dir='ltr'>(nat.</span> <span class='ocrx_word' id='word_1_211' title='bbox 1790 979 1939 1020; x_wconf 74' lang='lat' dir='ltr'>Dalmat.</span> 
     </span>
     <span class='ocr_line' id='line_1_20' title="bbox 123 1025 1942 1068; baseline -0.001 -9"><span class='ocrx_word' id='word_1_212' title='bbox 123 1026 226 1064; x_wconf 82' lang='lat'>1530,</span> <span class='ocrx_word' id='word_1_213' title='bbox 251 1032 345 1060; x_wconf 87' lang='lat' dir='ltr'>mort.</span> <span class='ocrx_word' id='word_1_214' title='bbox 362 1025 470 1066; x_wconf 85' lang='lat'>1597)</span> <span class='ocrx_word' id='word_1_215' title='bbox 496 1027 734 1068; x_wconf 90' lang='lat' dir='ltr'>philosophiam</span> <span class='ocrx_word' id='word_1_216' title='bbox 761 1027 910 1058; x_wconf 90' lang='lat' dir='ltr'>docuisse</span> <span class='ocrx_word' id='word_1_217' title='bbox 934 1027 1023 1068; x_wconf 87' lang='lat' dir='ltr'>prius</span> <span class='ocrx_word' id='word_1_218' title='bbox 1040 1027 1211 1064; x_wconf 85' lang='lat' dir='ltr'>Ferrarae,</span> <span class='ocrx_word' id='word_1_219' title='bbox 1237 1032 1355 1068; x_wconf 87' lang='lat' dir='ltr'>postea</span> <span class='ocrx_word' id='word_1_220' title='bbox 1371 1028 1510 1066; x_wconf 81' lang='lat' dir='ltr'>Romae,</span> <span class='ocrx_word' id='word_1_221' title='bbox 1537 1029 1720 1060; x_wconf 83' lang='lat' dir='ltr'>innotuisse</span> <span class='ocrx_word' id='word_1_222' title='bbox 1744 1037 1821 1060; x_wconf 85' lang='lat' dir='ltr'>cum</span> <span class='ocrx_word' id='word_1_223' title='bbox 1846 1027 1942 1060; x_wconf 80' lang='lat' dir='ltr'>editis</span> 
     </span>
     <span class='ocr_line' id='line_1_21' title="bbox 122 1073 1938 1118; baseline -0.001 -11"><span class='ocrx_word' id='word_1_224' title='bbox 122 1076 329 1117; x_wconf 87' lang='lat' dir='ltr'>scriptoribus</span> <span class='ocrx_word' id='word_1_225' title='bbox 356 1075 551 1116; x_wconf 88' lang='lat' dir='ltr'>quibusdam</span> <span class='ocrx_word' id='word_1_226' title='bbox 575 1074 743 1105; x_wconf 79' lang='lat' dir='ltr'>Romanis</span> <span class='ocrx_word' id='word_1_227' title='bbox 772 1078 804 1105; x_wconf 90' lang='lat' dir='ltr'>et</span> <span class='ocrx_word' id='word_1_228' title='bbox 831 1074 984 1110; x_wconf 88' lang='lat' dir='ltr'>Graecis,</span> <span class='ocrx_word' id='word_1_229' title='bbox 1021 1078 1090 1106; x_wconf 85' lang='lat' dir='ltr'>tum</span> <span class='ocrx_word' id='word_1_230' title='bbox 1121 1077 1299 1116; x_wconf 83' lang='lat' dir='ltr'>praecipue</span> <span class='ocrx_word' id='word_1_231' title='bbox 1333 1085 1431 1116; x_wconf 88' lang='lat' dir='ltr'>opere</span> <span class='ocrx_word' id='word_1_232' title='bbox 1456 1076 1632 1118; x_wconf 87' lang='lat' dir='ltr'>inscripto:</span> <span class='ocrx_word' id='word_1_233' title='bbox 1670 1075 1767 1107; x_wconf 76' lang='lat' dir='ltr'>Nova</span> <span class='ocrx_word' id='word_1_234' title='bbox 1790 1074 1832 1107; x_wconf 81' lang='lat' dir='ltr'>de</span> <span class='ocrx_word' id='word_1_235' title='bbox 1857 1073 1938 1107; x_wconf 87' lang='lat' dir='ltr'>Uni—</span> 
     </span>
     <span class='ocr_line' id='line_1_22' title="bbox 120 1120 1941 1165; baseline -0.001 -11"><span class='ocrx_word' id='word_1_236' title='bbox 120 1124 221 1155; x_wconf 79' lang='lat' dir='ltr'>versis</span> <span class='ocrx_word' id='word_1_237' title='bbox 246 1121 471 1164; x_wconf 84' lang='lat' dir='ltr'>philosophia,</span> <span class='ocrx_word' id='word_1_238' title='bbox 496 1122 584 1153; x_wconf 89' lang='lat' dir='ltr'>libris</span> <span class='ocrx_word' id='word_1_239' title='bbox 610 1120 655 1153; x_wconf 89' lang='grc'>50</span> <span class='ocrx_word' id='word_1_240' title='bbox 683 1121 935 1162; x_wconf 82' lang='lat' dir='ltr'>comprehensa,</span> <span class='ocrx_word' id='word_1_241' title='bbox 962 1123 995 1153; x_wconf 92' lang='lat' dir='ltr'>in</span> <span class='ocrx_word' id='word_1_242' title='bbox 1021 1131 1083 1163; x_wconf 91' lang='lat' dir='ltr'>quo</span> <span class='ocrx_word' id='word_1_243' title='bbox 1110 1131 1168 1158; x_wconf 90' lang='lat' dir='ltr'>ea,</span> <span class='ocrx_word' id='word_1_244' title='bbox 1196 1131 1281 1164; x_wconf 91' lang='lat' dir='ltr'>quae</span> <span class='ocrx_word' id='word_1_245' title='bbox 1308 1122 1420 1163; x_wconf 88' lang='lat' dir='ltr'>Tycho</span> <span class='ocrx_word' id='word_1_246' title='bbox 1445 1123 1616 1165; x_wconf 80' lang='lat' dir='ltr'>increpat,</span> <span class='ocrx_word' id='word_1_247' title='bbox 1644 1121 1867 1164; x_wconf 84' lang='lat' dir='ltr'>philosophice</span> <span class='ocrx_word' id='word_1_248' title='bbox 1890 1122 1941 1153; x_wconf 85' lang='lat' dir='ltr'>in-</span> 
     </span>
     <span class='ocr_line' id='line_1_23' title="bbox 124 1169 1060 1212; baseline -0.002 -10"><span class='ocrx_word' id='word_1_249' title='bbox 124 1171 238 1212; x_wconf 89' lang='lat' dir='ltr'>quirit,</span> <span class='ocrx_word' id='word_1_250' title='bbox 265 1179 372 1211; x_wconf 90' lang='lat' dir='ltr'>neque</span> <span class='ocrx_word' id='word_1_251' title='bbox 397 1179 472 1200; x_wconf 90' lang='lat' dir='ltr'>vero</span> <span class='ocrx_word' id='word_1_252' title='bbox 499 1179 538 1200; x_wconf 85' lang='lat' dir='ltr'>ex</span> <span class='ocrx_word' id='word_1_253' title='bbox 562 1169 705 1209; x_wconf 87' lang='lat' dir='ltr'>professo</span> <span class='ocrx_word' id='word_1_254' title='bbox 732 1172 955 1200; x_wconf 82' lang='lat' dir='ltr'>astronomum</span> <span class='ocrx_word' id='word_1_255' title='bbox 980 1170 1060 1211; x_wconf 82' lang='lat' dir='ltr'>agit.</span> 
     </span>
    </p>

    <p class='ocr_par' dir='ltr' id='par_1_5' title="bbox 122 1215 1943 3100">
     <span class='ocr_line' id='line_1_24' title="bbox 216 1215 1940 1258; baseline -0.001 -10"><span class='ocrx_word' id='word_1_256' title='bbox 216 1217 444 1248; x_wconf 89' lang='lat' dir='ltr'>Helisaeus</span> <span class='ocrx_word' id='word_1_257' title='bbox 470 1215 688 1252; x_wconf 82' lang='lat' dir='ltr'>R6slinuS,</span> <span class='ocrx_word' id='word_1_258' title='bbox 723 1216 890 1253; x_wconf 86' lang='lat' dir='ltr'>medicus,</span> <span class='ocrx_word' id='word_1_259' title='bbox 918 1217 981 1248; x_wconf 91' lang='lat' dir='ltr'>etsi</span> <span class='ocrx_word' id='word_1_260' title='bbox 1006 1226 1070 1248; x_wconf 92' lang='lat' dir='ltr'>non</span> <span class='ocrx_word' id='word_1_261' title='bbox 1091 1220 1319 1253; x_wconf 91' lang='lat' dir='ltr'>astronomus,</span> <span class='ocrx_word' id='word_1_262' title='bbox 1359 1217 1464 1248; x_wconf 90' lang='lat' dir='ltr'>multa</span> <span class='ocrx_word' id='word_1_263' title='bbox 1490 1220 1604 1249; x_wconf 85' lang='lat' dir='ltr'>tamen</span> <span class='ocrx_word' id='word_1_264' title='bbox 1634 1226 1709 1249; x_wconf 89' lang='lat' dir='ltr'>cum</span> <span class='ocrx_word' id='word_1_265' title='bbox 1738 1215 1940 1258; x_wconf 76' lang='lat' dir='ltr'>astrologica.</span> 
     </span>
     <span class='ocr_line' id='line_1_25' title="bbox 123 1263 1942 1306; baseline 0.001 -11"><span class='ocrx_word' id='word_1_266' title='bbox 123 1269 192 1295; x_wconf 87' lang='lat' dir='ltr'>tum</span> <span class='ocrx_word' id='word_1_267' title='bbox 218 1265 439 1296; x_wconf 89' lang='lat' dir='ltr'>astronomica</span> <span class='ocrx_word' id='word_1_268' title='bbox 464 1264 532 1306; x_wconf 85' lang='lat' dir='ltr'>egit</span> <span class='ocrx_word' id='word_1_269' title='bbox 556 1263 690 1300; x_wconf 87' lang='lat' dir='ltr'>leviora,</span> <span class='ocrx_word' id='word_1_270' title='bbox 718 1273 855 1305; x_wconf 85' lang='lat' dir='ltr'>eamque</span> <span class='ocrx_word' id='word_1_271' title='bbox 881 1264 922 1295; x_wconf 91' lang='lat' dir='ltr'>ob</span> <span class='ocrx_word' id='word_1_272' title='bbox 948 1273 1083 1295; x_wconf 85' lang='lat' dir='ltr'>causam</span> <span class='ocrx_word' id='word_1_273' title='bbox 1109 1264 1142 1294; x_wconf 91' lang='lat' dir='ltr'>in</span> <span class='ocrx_word' id='word_1_274' title='bbox 1168 1263 1242 1295; x_wconf 88' lang='lat' dir='ltr'>lites</span> <span class='ocrx_word' id='word_1_275' title='bbox 1268 1264 1384 1295; x_wconf 88' lang='lat' dir='ltr'>incidit</span> <span class='ocrx_word' id='word_1_276' title='bbox 1408 1264 1556 1305; x_wconf 74' lang='lat' dir='ltr'>publicus</span> <span class='ocrx_word' id='word_1_277' title='bbox 1581 1274 1656 1296; x_wconf 88' lang='lat' dir='ltr'>cum</span> <span class='ocrx_word' id='word_1_278' title='bbox 1672 1263 1829 1306; x_wconf 85' lang='lat' dir='ltr'>Keplero,</span> <span class='ocrx_word' id='word_1_279' title='bbox 1855 1271 1942 1306; x_wconf 73' lang='lat' dir='ltr'>quae</span> 
     </span>
     <span class='ocr_line' id='line_1_26' title="bbox 125 1309 1939 1351; baseline 0 -9"><span class='ocrx_word' id='word_1_280' title='bbox 125 1312 188 1343; x_wconf 91' lang='lat' dir='ltr'>alio</span> <span class='ocrx_word' id='word_1_281' title='bbox 213 1311 284 1343; x_wconf 88' lang='lat' dir='ltr'>loco</span> <span class='ocrx_word' id='word_1_282' title='bbox 312 1311 472 1342; x_wconf 88' lang='lat' dir='ltr'>dicentur.</span> <span class='ocrx_word' id='word_1_283' title='bbox 524 1309 619 1349; x_wconf 87' lang='lat' dir='ltr'>Quae</span> <span class='ocrx_word' id='word_1_284' title='bbox 644 1311 708 1342; x_wconf 84' lang='lat' dir='ltr'>huc</span> <span class='ocrx_word' id='word_1_285' title='bbox 733 1312 919 1351; x_wconf 85' lang='lat' dir='ltr'>pertinent,</span> <span class='ocrx_word' id='word_1_286' title='bbox 945 1311 1029 1343; x_wconf 86' lang='lat' dir='ltr'>haee</span> <span class='ocrx_word' id='word_1_287' title='bbox 1056 1314 1151 1342; x_wconf 82' lang='lat' dir='ltr'>sunt:</span> <span class='ocrx_word' id='word_1_288' title='bbox 1189 1310 1365 1343; x_wconf 86' lang='lat' dir='ltr'>Roeslinus</span> <span class='ocrx_word' id='word_1_289' title='bbox 1391 1311 1494 1343; x_wconf 79' lang='lat' dir='ltr'>edidit</span> <span class='ocrx_word' id='word_1_290' title='bbox 1519 1321 1606 1343; x_wconf 76' lang='lat' dir='ltr'>anno</span> <span class='ocrx_word' id='word_1_291' title='bbox 1635 1309 1726 1343; x_wconf 81' lang='lat'><strong>1597</strong></span> <span class='ocrx_word' id='word_1_292' title='bbox 1749 1311 1866 1344; x_wconf 84' lang='lat' dir='ltr'>librum</span> <span class='ocrx_word' id='word_1_293' title='bbox 1889 1310 1939 1342; x_wconf 85' lang='grc'>111-</span> 
     </span>
     <span class='ocr_line' id='line_1_27' title="bbox 123 1357 1943 1401; baseline -0.001 -11"><span class='ocrx_word' id='word_1_294' title='bbox 123 1359 298 1399; x_wconf 82' lang='lat' dir='ltr'>scriptum:</span> <span class='ocrx_word' id='word_1_295' title='bbox 335 1357 388 1390; x_wconf 88' lang='lat' dir='ltr'>De</span> <span class='ocrx_word' id='word_1_296' title='bbox 416 1357 521 1399; x_wconf 90' lang='lat' dir='ltr'>Opere</span> <span class='ocrx_word' id='word_1_297' title='bbox 540 1357 603 1389; x_wconf 92' lang='lat' dir='ltr'>Dei</span> <span class='ocrx_word' id='word_1_298' title='bbox 626 1357 800 1394; x_wconf 88' lang='lat' dir='ltr'>Creatoris,</span> <span class='ocrx_word' id='word_1_299' title='bbox 827 1368 886 1390; x_wconf 88' lang='lat' dir='ltr'>seu</span> <span class='ocrx_word' id='word_1_300' title='bbox 911 1358 951 1390; x_wconf 92' lang='lat' dir='ltr'>de</span> <span class='ocrx_word' id='word_1_301' title='bbox 969 1357 1094 1390; x_wconf 91' lang='lat' dir='ltr'>Mundo</span> <span class='ocrx_word' id='word_1_302' title='bbox 1119 1357 1327 1398; x_wconf 87' lang='lat' dir='ltr'>hypotheses.</span> <span class='ocrx_word' id='word_1_303' title='bbox 1365 1357 1404 1390; x_wconf 92' lang='lat' dir='ltr'>In</span> <span class='ocrx_word' id='word_1_304' title='bbox 1428 1358 1492 1390; x_wconf 91' lang='lat' dir='ltr'>hoc</span> <span class='ocrx_word' id='word_1_305' title='bbox 1517 1368 1569 1395; x_wconf 84' lang='grc'>83,</span> <span class='ocrx_word' id='word_1_306' title='bbox 1596 1367 1682 1401; x_wconf 87' lang='lat' dir='ltr'>quae</span> <span class='ocrx_word' id='word_1_307' title='bbox 1706 1357 1819 1399; x_wconf 86' lang='lat' dir='ltr'>Tycho</span> <span class='ocrx_word' id='word_1_308' title='bbox 1843 1365 1943 1400; x_wconf 76' lang='lat' dir='ltr'>supra</span> 
     </span>
     <span class='ocr_line' id='line_1_28' title="bbox 124 1404 1940 1447; baseline 0.001 -10"><span class='ocrx_word' id='word_1_309' title='bbox 124 1405 352 1447; x_wconf 87' lang='lat' dir='ltr'>reprehendit,</span> <span class='ocrx_word' id='word_1_310' title='bbox 378 1405 552 1447; x_wconf 87' lang='lat' dir='ltr'>leguntur,</span> <span class='ocrx_word' id='word_1_311' title='bbox 589 1404 701 1446; x_wconf 85' lang='lat' dir='ltr'>Tycho</span> <span class='ocrx_word' id='word_1_312' title='bbox 727 1415 802 1437; x_wconf 87' lang='lat' dir='ltr'>vero</span> <span class='ocrx_word' id='word_1_313' title='bbox 827 1406 897 1446; x_wconf 90' lang='lat' dir='ltr'>ipse</span> <span class='ocrx_word' id='word_1_314' title='bbox 923 1405 1067 1437; x_wconf 91' lang='lat' dir='ltr'>libellum</span> <span class='ocrx_word' id='word_1_315' title='bbox 1091 1405 1178 1437; x_wconf 89' lang='lat' dir='ltr'>hunc</span> <span class='ocrx_word' id='word_1_316' title='bbox 1204 1410 1274 1436; x_wconf 86' lang='lat' dir='ltr'>tum</span> <span class='ocrx_word' id='word_1_317' title='bbox 1298 1406 1444 1437; x_wconf 86' lang='lat' dir='ltr'>nondum</span> <span class='ocrx_word' id='word_1_318' title='bbox 1467 1407 1674 1447; x_wconf 77' lang='lat' dir='ltr'>inspexerat,</span> <span class='ocrx_word' id='word_1_319' title='bbox 1706 1405 1765 1438; x_wconf 81' lang='lat' dir='ltr'>sed</span> <span class='ocrx_word' id='word_1_320' title='bbox 1788 1405 1865 1438; x_wconf 80' lang='lat' dir='ltr'>Ursi</span> <span class='ocrx_word' id='word_1_321' title='bbox 1888 1414 1940 1437; x_wconf 74' lang='grc' dir='ltr'>εο-</span> 
     </span>
     <span class='ocr_line' id='line_1_29' title="bbox 122 1452 1940 1495; baseline 0.001 -11"><span class='ocrx_word' id='word_1_322' title='bbox 122 1454 231 1494; x_wconf 88' lang='lat' dir='ltr'>quitur</span> <span class='ocrx_word' id='word_1_323' title='bbox 254 1453 364 1491; x_wconf 83' lang='lat' dir='ltr'>verba,</span> <span class='ocrx_word' id='word_1_324' title='bbox 392 1454 447 1494; x_wconf 91' lang='lat' dir='ltr'>qui</span> <span class='ocrx_word' id='word_1_325' title='bbox 464 1452 666 1489; x_wconf 87' lang='lat' dir='ltr'>Roesliuum,</span> <span class='ocrx_word' id='word_1_326' title='bbox 693 1453 779 1484; x_wconf 86' lang='lat' dir='ltr'>sicut</span> <span class='ocrx_word' id='word_1_327' title='bbox 805 1454 906 1484; x_wconf 88' lang='lat' dir='ltr'>etiam</span> <span class='ocrx_word' id='word_1_328' title='bbox 924 1453 1099 1494; x_wconf 89' lang='lat' dir='ltr'>Maginum</span> <span class='ocrx_word' id='word_1_329' title='bbox 1123 1453 1220 1484; x_wconf 90' lang='lat' dir='ltr'>simili</span> <span class='ocrx_word' id='word_1_330' title='bbox 1245 1454 1373 1485; x_wconf 81' lang='lat' dir='ltr'>ratione</span> <span class='ocrx_word' id='word_1_331' title='bbox 1399 1462 1464 1495; x_wconf 82' lang='lat' dir='ltr'>qua</span> <span class='ocrx_word' id='word_1_332' title='bbox 1481 1453 1671 1494; x_wconf 87' lang='lat' dir='ltr'>Tychonem</span> <span class='ocrx_word' id='word_1_333' title='bbox 1688 1452 1767 1485; x_wconf 76' lang='lat' dir='ltr'>furti</span> <span class='ocrx_word' id='word_1_334' title='bbox 1790 1455 1940 1485; x_wconf 68' lang='lat' dir='ltr'>accusat.</span> 
     </span>
     <span class='ocr_line' id='line_1_30' title="bbox 124 1498 1938 1542; baseline 0.001 -11"><span class='ocrx_word' id='word_1_335' title='bbox 124 1500 298 1532; x_wconf 86' lang='lat' dir='ltr'>Roeslinus</span> <span class='ocrx_word' id='word_1_336' title='bbox 324 1500 410 1531; x_wconf 86' lang='lat' dir='ltr'>redit</span> <span class='ocrx_word' id='word_1_337' title='bbox 436 1500 479 1531; x_wconf 91' lang='lat' dir='ltr'>ad</span> <span class='ocrx_word' id='word_1_338' title='bbox 503 1499 565 1531; x_wconf 91' lang='lat' dir='ltr'>hoc</span> <span class='ocrx_word' id='word_1_339' title='bbox 592 1500 773 1531; x_wconf 87' lang='lat' dir='ltr'>convicium</span> <span class='ocrx_word' id='word_1_340' title='bbox 799 1501 924 1541; x_wconf 89' lang='lat' dir='ltr'>aliquot</span> <span class='ocrx_word' id='word_1_341' title='bbox 949 1501 1044 1532; x_wconf 86' lang='lat' dir='ltr'>annis</span> <span class='ocrx_word' id='word_1_342' title='bbox 1069 1504 1162 1542; x_wconf 87' lang='lat' dir='ltr'>post,</span> <span class='ocrx_word' id='word_1_343' title='bbox 1189 1501 1222 1531; x_wconf 91' lang='lat' dir='ltr'>in</span> <span class='ocrx_word' id='word_1_344' title='bbox 1247 1500 1340 1536; x_wconf 88' lang='lat' dir='ltr'>libro,</span> <span class='ocrx_word' id='word_1_345' title='bbox 1365 1510 1461 1542; x_wconf 90' lang='lat' dir='ltr'>quem</span> <span class='ocrx_word' id='word_1_346' title='bbox 1485 1501 1670 1542; x_wconf 86' lang='lat' dir='ltr'>inscripsit:</span> <span class='ocrx_word' id='word_1_347' title='bbox 1706 1498 1938 1538; x_wconf 79' lang='lat' dir='ltr'>Historiseher,</span> 
     </span>
     <span class='ocr_line' id='line_1_31' title="bbox 124 1546 1940 1589; baseline 0 -11"><span class='ocrx_word' id='word_1_348' title='bbox 124 1547 318 1579; x_wconf 89' lang='lat' dir='ltr'>Politischer</span> <span class='ocrx_word' id='word_1_349' title='bbox 342 1547 411 1578; x_wconf 88' lang='lat' dir='ltr'>und</span> <span class='ocrx_word' id='word_1_350' title='bbox 427 1547 712 1579; x_wconf 87' lang='lat' dir='ltr'>Astronomischer</span> <span class='ocrx_word' id='word_1_351' title='bbox 735 1548 938 1579; x_wconf 88' lang='lat' dir='ltr'>naturlicher</span> <span class='ocrx_word' id='word_1_352' title='bbox 954 1547 1060 1580; x_wconf 89' lang='lat' dir='ltr'>Disc</span> <span class='ocrx_word' id='word_1_353' title='bbox 1072 1557 1143 1579; x_wconf 87' lang='lat' dir='ltr'>urs</span> <span class='ocrx_word' id='word_1_354' title='bbox 1169 1557 1231 1579; x_wconf 85' lang='lat' dir='ltr'>von</span> <span class='ocrx_word' id='word_1_355' title='bbox 1251 1547 1403 1589; x_wconf 88' lang='lat' dir='ltr'>heutiger</span> <span class='ocrx_word' id='word_1_356' title='bbox 1419 1547 1496 1579; x_wconf 87' lang='lat' dir='ltr'>Zeit</span> <span class='ocrx_word' id='word_1_357' title='bbox 1510 1547 1792 1584; x_wconf 81' lang='lat' dir='ltr'>Beschaffenheit‚</span> <span class='ocrx_word' id='word_1_358' title='bbox 1817 1546 1940 1579; x_wconf 79' lang='lat' dir='ltr'>Wesen</span> 
     </span>
     <span class='ocr_line' id='line_1_32' title="bbox 124 1594 1939 1638; baseline 0.001 -13"><span class='ocrx_word' id='word_1_359' title='bbox 124 1595 191 1625; x_wconf 91' lang='lat' dir='ltr'>und</span> <span class='ocrx_word' id='word_1_360' title='bbox 218 1594 340 1626; x_wconf 87' lang='lat' dir='ltr'>Standt</span> <span class='ocrx_word' id='word_1_361' title='bbox 365 1594 422 1626; x_wconf 88' lang='lat' dir='ltr'>der</span> <span class='ocrx_word' id='word_1_362' title='bbox 449 1594 670 1626; x_wconf 87' lang='lat' dir='ltr'>Christenheit</span> <span class='ocrx_word' id='word_1_363' title='bbox 694 1594 762 1626; x_wconf 89' lang='lat' dir='ltr'>und</span> <span class='ocrx_word' id='word_1_364' title='bbox 786 1596 847 1627; x_wconf 85' lang='lat' dir='ltr'>wie</span> <span class='ocrx_word' id='word_1_365' title='bbox 881 1605 916 1626; x_wconf 86' lang='lat' dir='ltr'>es</span> <span class='ocrx_word' id='word_1_366' title='bbox 941 1596 991 1626; x_wconf 91' lang='lat' dir='ltr'>ins</span> <span class='ocrx_word' id='word_1_367' title='bbox 1016 1594 1161 1636; x_wconf 78' lang='lat' dir='ltr'>kiinfftig</span> <span class='ocrx_word' id='word_1_368' title='bbox 1185 1595 1219 1626; x_wconf 91' lang='lat' dir='ltr'>in</span> <span class='ocrx_word' id='word_1_369' title='bbox 1246 1595 1417 1627; x_wconf 89' lang='lat' dir='ltr'>derselben</span> <span class='ocrx_word' id='word_1_370' title='bbox 1448 1594 1592 1638; x_wconf 83' lang='lat' dir='ltr'>ergehen</span> <span class='ocrx_word' id='word_1_371' title='bbox 1621 1594 1748 1631; x_wconf 78' lang='lat' dir='ltr'>werde,</span> <span class='ocrx_word' id='word_1_372' title='bbox 1783 1603 1845 1627; x_wconf 73' lang='lat' dir='ltr'>aus</span> <span class='ocrx_word' id='word_1_373' title='bbox 1871 1595 1939 1626; x_wconf 80' lang='lat' dir='ltr'>An-</span> 
     </span>
     <span class='ocr_line' id='line_1_33' title="bbox 123 1639 1939 1684; baseline 0 -12"><span class='ocrx_word' id='word_1_374' title='bbox 123 1642 249 1683; x_wconf 88' lang='lat' dir='ltr'>leitung</span> <span class='ocrx_word' id='word_1_375' title='bbox 275 1642 352 1673; x_wconf 90' lang='lat' dir='ltr'>dero</span> <span class='ocrx_word' id='word_1_376' title='bbox 377 1651 439 1672; x_wconf 90' lang='lat' dir='ltr'>von</span> <span class='ocrx_word' id='word_1_377' title='bbox 476 1651 562 1673; x_wconf 88' lang='lat' dir='ltr'>anno</span> <span class='ocrx_word' id='word_1_378' title='bbox 598 1639 689 1672; x_wconf 87' lang='grc'>1600</span> <span class='ocrx_word' id='word_1_379' title='bbox 722 1641 780 1673; x_wconf 89' lang='grc'>1181</span> <span class='ocrx_word' id='word_1_380' title='bbox 812 1651 866 1673; x_wconf 87' lang='grc'>3111</span> <span class='ocrx_word' id='word_1_381' title='bbox 900 1641 1007 1674; x_wconf 85' lang='grc'>11011811</span> <span class='ocrx_word' id='word_1_382' title='bbox 1038 1641 1182 1674; x_wconf 87' lang='lat' dir='ltr'>Himmel</span> <span class='ocrx_word' id='word_1_383' title='bbox 1214 1642 1450 1674; x_wconf 90' lang='lat' dir='ltr'>erschienenen</span> <span class='ocrx_word' id='word_1_384' title='bbox 1483 1652 1619 1684; x_wconf 82' lang='lat' dir='ltr'>grossen</span> <span class='ocrx_word' id='word_1_385' title='bbox 1642 1640 1939 1677; x_wconf 78' lang='lat' dir='ltr'>Wunderzeichen,</span> 
     </span>
     <span class='ocr_line' id='line_1_34' title="bbox 124 1687 1938 1732; baseline 0 -12"><span class='ocrx_word' id='word_1_386' title='bbox 124 1689 351 1720; x_wconf 87' lang='lat' dir='ltr'>sonderlichen</span> <span class='ocrx_word' id='word_1_387' title='bbox 377 1689 451 1720; x_wconf 87' lang='lat' dir='ltr'>dess</span> <span class='ocrx_word' id='word_1_388' title='bbox 479 1688 654 1720; x_wconf 89' lang='lat' dir='ltr'>Cometens</span> <span class='ocrx_word' id='word_1_389' title='bbox 687 1698 773 1720; x_wconf 88' lang='lat' dir='ltr'>anno</span> <span class='ocrx_word' id='word_1_390' title='bbox 811 1687 900 1720; x_wconf 85' lang='grc'>1607</span> <span class='ocrx_word' id='word_1_391' title='bbox 935 1699 1131 1731; x_wconf 89' lang='lat' dir='ltr'>genommen</span> <span class='ocrx_word' id='word_1_392' title='bbox 1157 1687 1216 1720; x_wconf 80' lang='lat' dir='ltr'>&amp;c.</span> <span class='ocrx_word' id='word_1_393' title='bbox 1267 1689 1365 1721; x_wconf 87' lang='lat' dir='ltr'>Allen</span> <span class='ocrx_word' id='word_1_394' title='bbox 1390 1689 1568 1721; x_wconf 84' lang='lat' dir='ltr'>Gelehrten</span> <span class='ocrx_word' id='word_1_395' title='bbox 1601 1690 1636 1720; x_wconf 88' lang='lat' dir='ltr'>in</span> <span class='ocrx_word' id='word_1_396' title='bbox 1661 1689 1796 1729; x_wconf 79' lang='lat' dir='ltr'>allerley</span> <span class='ocrx_word' id='word_1_397' title='bbox 1812 1687 1938 1732; x_wconf 20' lang='lat' dir='ltr'>*Facul-</span> 
     </span>
     <span class='ocr_line' id='line_1_35' title="bbox 123 1735 1938 1779; baseline 0.002 -13"><span class='ocrx_word' id='word_1_398' title='bbox 123 1740 216 1767; x_wconf 89' lang='lat' dir='ltr'>teten</span> <span class='ocrx_word' id='word_1_399' title='bbox 242 1746 284 1767; x_wconf 91' lang='lat' dir='ltr'>zu</span> <span class='ocrx_word' id='word_1_400' title='bbox 308 1736 411 1774; x_wconf 89' lang='lat' dir='ltr'>lesen,</span> <span class='ocrx_word' id='word_1_401' title='bbox 439 1736 537 1767; x_wconf 87' lang='lat' dir='ltr'>sowol</span> <span class='ocrx_word' id='word_1_402' title='bbox 562 1735 661 1777; x_wconf 85' lang='lat' dir='ltr'>lustig</span> <span class='ocrx_word' id='word_1_403' title='bbox 686 1736 754 1767; x_wconf 86' lang='lat' dir='ltr'>und</span> <span class='ocrx_word' id='word_1_404' title='bbox 779 1736 935 1775; x_wconf 85' lang='lat' dir='ltr'>niitzlich‚</span> <span class='ocrx_word' id='word_1_405' title='bbox 964 1737 1012 1768; x_wconf 91' lang='lat' dir='ltr'>als</span> <span class='ocrx_word' id='word_1_406' title='bbox 1037 1736 1280 1778; x_wconf 87' lang='lat' dir='ltr'>menniglichen</span> <span class='ocrx_word' id='word_1_407' title='bbox 1303 1747 1361 1768; x_wconf 88' lang='lat' dir='ltr'>zur</span> <span class='ocrx_word' id='word_1_408' title='bbox 1377 1737 1551 1779; x_wconf 80' lang='lat' dir='ltr'>Warnung</span> <span class='ocrx_word' id='word_1_409' title='bbox 1565 1736 1634 1768; x_wconf 85' lang='lat' dir='ltr'>und</span> <span class='ocrx_word' id='word_1_410' title='bbox 1650 1735 1938 1777; x_wconf 79' lang='lat' dir='ltr'>Auffinuntemng.</span> 
     </span>
     <span class='ocr_line' id='line_1_36' title="bbox 122 1782 1938 1825; baseline 0.001 -12"><span class='ocrx_word' id='word_1_411' title='bbox 122 1783 245 1825; x_wconf 88' lang='lat' dir='ltr'>gestelt</span> <span class='ocrx_word' id='word_1_412' title='bbox 270 1783 372 1814; x_wconf 88' lang='lat' dir='ltr'>durch</span> <span class='ocrx_word' id='word_1_413' title='bbox 396 1783 438 1814; x_wconf 89' lang='lat' dir='ltr'>H.</span> <span class='ocrx_word' id='word_1_414' title='bbox 465 1783 634 1819; x_wconf 79' lang='lat' dir='ltr'>Roslin,</span> <span class='ocrx_word' id='word_1_415' title='bbox 662 1782 752 1814; x_wconf 89' lang='lat' dir='ltr'>Med.</span> <span class='ocrx_word' id='word_1_416' title='bbox 779 1783 822 1814; x_wconf 92' lang='lat' dir='ltr'>D.</span> <span class='ocrx_word' id='word_1_417' title='bbox 850 1782 910 1815; x_wconf 68' lang='grc'>(110.</span> <span class='ocrx_word' id='word_1_418' title='bbox 950 1783 1144 1825; x_wconf 84' lang='lat' dir='ltr'>Strassburg</span> <span class='ocrx_word' id='word_1_419' title='bbox 1171 1782 1273 1815; x_wconf 84' lang='lat'>1609.</span> <span class='ocrx_word' id='word_1_420' title='bbox 1325 1783 1434 1825; x_wconf 88' lang='lat' dir='ltr'>Caput</span> <span class='ocrx_word' id='word_1_421' title='bbox 1457 1783 1507 1816; x_wconf 92' lang='grc' dir='ltr'>ΙΙΙ</span> <span class='ocrx_word' id='word_1_422' title='bbox 1531 1783 1628 1824; x_wconf 86' lang='lat' dir='ltr'>hujus</span> <span class='ocrx_word' id='word_1_423' title='bbox 1652 1784 1745 1820; x_wconf 87' lang='lat' dir='ltr'>libri,</span> <span class='ocrx_word' id='word_1_424' title='bbox 1770 1783 1812 1815; x_wconf 87' lang='lat' dir='ltr'>de</span> <span class='ocrx_word' id='word_1_425' title='bbox 1835 1782 1938 1824; x_wconf 82' lang='lat' dir='ltr'>hypo-</span> 
     </span>
     <span class='ocr_line' id='line_1_37' title="bbox 123 1829 1939 1872; baseline 0.001 -11"><span class='ocrx_word' id='word_1_426' title='bbox 123 1830 268 1861; x_wconf 86' lang='lat' dir='ltr'>thesibus</span> <span class='ocrx_word' id='word_1_427' title='bbox 295 1831 532 1866; x_wconf 86' lang='lat' dir='ltr'>astronomicis,</span> <span class='ocrx_word' id='word_1_428' title='bbox 558 1829 642 1861; x_wconf 88' lang='lat' dir='ltr'>haec</span> <span class='ocrx_word' id='word_1_429' title='bbox 667 1829 788 1861; x_wconf 89' lang='lat' dir='ltr'>habet:</span> <span class='ocrx_word' id='word_1_430' title='bbox 827 1830 891 1862; x_wconf 90' lang='lat' dir='ltr'>Die</span> <span class='ocrx_word' id='word_1_431' title='bbox 915 1840 1008 1862; x_wconf 87' lang='lat' dir='ltr'>newe</span> <span class='ocrx_word' id='word_1_432' title='bbox 1025 1831 1242 1863; x_wconf 83' lang='lat' dir='ltr'>fundamenta</span> <span class='ocrx_word' id='word_1_433' title='bbox 1259 1831 1423 1871; x_wconf 90' lang='lat' dir='ltr'>Tychonis</span> <span class='ocrx_word' id='word_1_434' title='bbox 1439 1831 1551 1863; x_wconf 90' lang='lat' dir='ltr'>Brahe</span> <span class='ocrx_word' id='word_1_435' title='bbox 1568 1831 1610 1863; x_wconf 89' lang='lat' dir='ltr'>de</span> <span class='ocrx_word' id='word_1_436' title='bbox 1625 1834 1807 1872; x_wconf 80' lang='lat' dir='ltr'>systemate</span> <span class='ocrx_word' id='word_1_437' title='bbox 1822 1829 1939 1862; x_wconf 80' lang='lat' dir='ltr'>Mundi</span> 
     </span>
     <span class='ocr_line' id='line_1_38' title="bbox 122 1877 1940 1919; baseline 0.001 -11"><span class='ocrx_word' id='word_1_438' title='bbox 122 1877 274 1919; x_wconf 74' lang='lat' dir='ltr'>‘gelieben</span> <span class='ocrx_word' id='word_1_439' title='bbox 299 1878 360 1908; x_wconf 88' lang='lat' dir='ltr'>mir</span> <span class='ocrx_word' id='word_1_440' title='bbox 384 1887 440 1908; x_wconf 87' lang='lat' dir='ltr'>vor</span> <span class='ocrx_word' id='word_1_441' title='bbox 475 1877 537 1908; x_wconf 90' lang='lat' dir='ltr'>den</span> <span class='ocrx_word' id='word_1_442' title='bbox 565 1877 656 1908; x_wconf 89' lang='lat' dir='ltr'>alten</span> <span class='ocrx_word' id='word_1_443' title='bbox 682 1877 739 1908; x_wconf 92' lang='lat' dir='ltr'>des</span> <span class='ocrx_word' id='word_1_444' title='bbox 763 1877 944 1909; x_wconf 88' lang='lat' dir='ltr'>Ptolemaei</span> <span class='ocrx_word' id='word_1_445' title='bbox 969 1878 1036 1909; x_wconf 89' lang='lat' dir='ltr'>und</span> <span class='ocrx_word' id='word_1_446' title='bbox 1063 1878 1126 1909; x_wconf 90' lang='lat' dir='ltr'>den</span> <span class='ocrx_word' id='word_1_447' title='bbox 1151 1887 1267 1909; x_wconf 87' lang='lat' dir='ltr'>newen</span> <span class='ocrx_word' id='word_1_448' title='bbox 1302 1878 1359 1910; x_wconf 90' lang='lat' dir='ltr'>des</span> <span class='ocrx_word' id='word_1_449' title='bbox 1387 1878 1574 1919; x_wconf 86' lang='lat' dir='ltr'>Copernici,</span> <span class='ocrx_word' id='word_1_450' title='bbox 1606 1878 1681 1910; x_wconf 78' lang='lat' dir='ltr'>weil</span> <span class='ocrx_word' id='word_1_451' title='bbox 1711 1878 1759 1910; x_wconf 88' lang='lat' dir='ltr'>sie</span> <span class='ocrx_word' id='word_1_452' title='bbox 1789 1877 1860 1910; x_wconf 86' lang='lat' dir='ltr'>sich</span> <span class='ocrx_word' id='word_1_453' title='bbox 1884 1885 1940 1909; x_wconf 74' lang='lat' dir='ltr'>am</span> 
     </span>
     <span class='ocr_line' id='line_1_39' title="bbox 123 1923 1939 1966; baseline 0 -10"><span class='ocrx_word' id='word_1_454' title='bbox 123 1925 241 1956; x_wconf 90' lang='lat' dir='ltr'>besten</span> <span class='ocrx_word' id='word_1_455' title='bbox 264 1925 324 1954; x_wconf 89' lang='lat' dir='ltr'>mit</span> <span class='ocrx_word' id='word_1_456' title='bbox 349 1924 406 1955; x_wconf 87' lang='lat' dir='ltr'>der</span> <span class='ocrx_word' id='word_1_457' title='bbox 430 1924 571 1966; x_wconf 87' lang='lat' dir='ltr'>heiligen</span> <span class='ocrx_word' id='word_1_458' title='bbox 600 1923 721 1955; x_wconf 80' lang='lat' dir='ltr'>Schrift</span> <span class='ocrx_word' id='word_1_459' title='bbox 744 1924 812 1955; x_wconf 92' lang='lat' dir='ltr'>und</span> <span class='ocrx_word' id='word_1_460' title='bbox 837 1925 895 1956; x_wconf 90' lang='lat' dir='ltr'>der</span> <span class='ocrx_word' id='word_1_461' title='bbox 918 1924 1062 1965; x_wconf 88' lang='lat' dir='ltr'>Physica</span> <span class='ocrx_word' id='word_1_462' title='bbox 1095 1929 1291 1966; x_wconf 60' lang='lat' dir='ltr'>verwegen,</span> <span class='ocrx_word' id='word_1_463' title='bbox 1326 1925 1395 1957; x_wconf 88' lang='lat' dir='ltr'>und</span> <span class='ocrx_word' id='word_1_464' title='bbox 1425 1926 1498 1957; x_wconf 85' lang='lat' dir='ltr'>weil</span> <span class='ocrx_word' id='word_1_465' title='bbox 1527 1927 1574 1958; x_wconf 87' lang='lat' dir='ltr'>sie</span> <span class='ocrx_word' id='word_1_466' title='bbox 1598 1926 1660 1957; x_wconf 90' lang='lat' dir='ltr'>mir</span> <span class='ocrx_word' id='word_1_467' title='bbox 1685 1925 1771 1957; x_wconf 89' lang='lat' dir='ltr'>auch</span> <span class='ocrx_word' id='word_1_468' title='bbox 1795 1925 1831 1956; x_wconf 90' lang='lat' dir='ltr'>in</span> <span class='ocrx_word' id='word_1_469' title='bbox 1855 1923 1939 1957; x_wconf 80' lang='lat' dir='ltr'>Sinn</span> 
     </span>
     <span class='ocr_line' id='line_1_40' title="bbox 122 1971 1938 2012; baseline 0.002 -11"><span class='ocrx_word' id='word_1_470' title='bbox 122 1971 190 2002; x_wconf 91' lang='lat' dir='ltr'>und</span> <span class='ocrx_word' id='word_1_471' title='bbox 214 1971 249 2001; x_wconf 90' lang='lat' dir='ltr'>in</span> <span class='ocrx_word' id='word_1_472' title='bbox 273 1971 381 2002; x_wconf 86' lang='lat' dir='ltr'>meine</span> <span class='ocrx_word' id='word_1_473' title='bbox 408 1971 611 2003; x_wconf 88' lang='lat' dir='ltr'>Gedancken</span> <span class='ocrx_word' id='word_1_474' title='bbox 637 1971 800 2008; x_wconf 90' lang='lat' dir='ltr'>kommen,</span> <span class='ocrx_word' id='word_1_475' title='bbox 829 1972 889 2004; x_wconf 89' lang='lat' dir='ltr'>ehe</span> <span class='ocrx_word' id='word_1_476' title='bbox 915 1972 961 2003; x_wconf 91' lang='lat' dir='ltr'>sie</span> <span class='ocrx_word' id='word_1_477' title='bbox 986 1973 1048 2003; x_wconf 91' lang='lat' dir='ltr'>mir</span> <span class='ocrx_word' id='word_1_478' title='bbox 1073 1972 1242 2004; x_wconf 86' lang='lat' dir='ltr'>anderswo</span> <span class='ocrx_word' id='word_1_479' title='bbox 1267 1972 1542 2009; x_wconf 78' lang='lat' dir='ltr'>herfiirkommen,</span> <span class='ocrx_word' id='word_1_480' title='bbox 1569 1972 1695 2004; x_wconf 87' lang='lat' dir='ltr'>solcher</span> <span class='ocrx_word' id='word_1_481' title='bbox 1721 1971 1861 2012; x_wconf 79' lang='lat' dir='ltr'>Gestalt,</span> <span class='ocrx_word' id='word_1_482' title='bbox 1888 1971 1938 2003; x_wconf 77' lang='lat' dir='ltr'>als</span> 
     </span>
     <span class='ocr_line' id='line_1_41' title="bbox 123 2017 1935 2061; baseline 0 -12"><span class='ocrx_word' id='word_1_483' title='bbox 123 2018 177 2049; x_wconf 93' lang='grc'>1011</span> <span class='ocrx_word' id='word_1_484' title='bbox 202 2017 362 2058; x_wconf 84' lang='lat' dir='ltr'>allwegen</span> <span class='ocrx_word' id='word_1_485' title='bbox 388 2027 431 2049; x_wconf 90' lang='lat' dir='ltr'>an</span> <span class='ocrx_word' id='word_1_486' title='bbox 456 2018 520 2050; x_wconf 82' lang='lat' dir='ltr'>den</span> <span class='ocrx_word' id='word_1_487' title='bbox 539 2018 772 2058; x_wconf 88' lang='lat' dir='ltr'>Copernicanis</span> <span class='ocrx_word' id='word_1_488' title='bbox 790 2019 1014 2050; x_wconf 78' lang='lat' dir='ltr'>fundamentis</span> <span class='ocrx_word' id='word_1_489' title='bbox 1039 2019 1235 2061; x_wconf 70' lang='lat' dir='ltr'>gezweffelt,</span> <span class='ocrx_word' id='word_1_490' title='bbox 1262 2020 1341 2051; x_wconf 89' lang='lat' dir='ltr'>aber</span> <span class='ocrx_word' id='word_1_491' title='bbox 1363 2019 1418 2051; x_wconf 86' lang='lat' dir='ltr'>ich</span> <span class='ocrx_word' id='word_1_492' title='bbox 1441 2020 1503 2050; x_wconf 90' lang='lat' dir='ltr'>mir</span> <span class='ocrx_word' id='word_1_493' title='bbox 1525 2019 1632 2051; x_wconf 88' lang='lat' dir='ltr'>selber</span> <span class='ocrx_word' id='word_1_494' title='bbox 1653 2019 1773 2051; x_wconf 82' lang='lat' dir='ltr'>daraus</span> <span class='ocrx_word' id='word_1_495' title='bbox 1794 2019 1844 2050; x_wconf 85' lang='lat' dir='ltr'>nit</span> <span class='ocrx_word' id='word_1_496' title='bbox 1866 2017 1935 2050; x_wconf 83' lang='lat' dir='ltr'>hel-</span> 
     </span>
     <span class='ocr_line' id='line_1_42' title="bbox 123 2064 1936 2109; baseline 0.001 -14"><span class='ocrx_word' id='word_1_497' title='bbox 123 2065 178 2096; x_wconf 84' lang='lat' dir='ltr'>fen</span> <span class='ocrx_word' id='word_1_498' title='bbox 203 2065 338 2101; x_wconf 75' lang='lat' dir='ltr'>kondte,</span> <span class='ocrx_word' id='word_1_499' title='bbox 364 2065 472 2106; x_wconf 87' lang='lat' dir='ltr'>begab</span> <span class='ocrx_word' id='word_1_500' title='bbox 498 2066 577 2102; x_wconf 88' lang='lat' dir='ltr'>sich,</span> <span class='ocrx_word' id='word_1_501' title='bbox 605 2066 681 2096; x_wconf 84' lang='lat' dir='ltr'>dass</span> <span class='ocrx_word' id='word_1_502' title='bbox 707 2065 816 2096; x_wconf 88' lang='lat' dir='ltr'>Raim.</span> <span class='ocrx_word' id='word_1_503' title='bbox 835 2064 947 2102; x_wconf 77' lang='lat' dir='ltr'>Ursus,</span> <span class='ocrx_word' id='word_1_504' title='bbox 975 2076 1010 2097; x_wconf 92' lang='lat' dir='ltr'>so</span> <span class='ocrx_word' id='word_1_505' title='bbox 1036 2075 1134 2097; x_wconf 82' lang='lat' dir='ltr'>zuvor</span> <span class='ocrx_word' id='word_1_506' title='bbox 1157 2066 1220 2106; x_wconf 91' lang='lat' dir='ltr'>bey</span> <span class='ocrx_word' id='word_1_507' title='bbox 1246 2066 1401 2107; x_wconf 83' lang='lat' dir='ltr'>Tychone</span> <span class='ocrx_word' id='word_1_508' title='bbox 1424 2066 1534 2098; x_wconf 88' lang='lat' dir='ltr'>Brahe</span> <span class='ocrx_word' id='word_1_509' title='bbox 1557 2067 1593 2098; x_wconf 90' lang='lat' dir='ltr'>in</span> <span class='ocrx_word' id='word_1_510' title='bbox 1618 2066 1936 2109; x_wconf 13' lang='lat' dir='ltr'>Dennemarckrge—</span> 
     </span>
     <span class='ocr_line' id='line_1_43' title="bbox 124 2111 1939 2155; baseline 0.002 -13"><span class='ocrx_word' id='word_1_511' title='bbox 124 2121 252 2147; x_wconf 85' lang='lat' dir='ltr'>wesen,</span> <span class='ocrx_word' id='word_1_512' title='bbox 286 2113 345 2142; x_wconf 90' lang='lat' dir='ltr'>mit</span> <span class='ocrx_word' id='word_1_513' title='bbox 371 2112 477 2143; x_wconf 89' lang='lat' dir='ltr'>einem</span> <span class='ocrx_word' id='word_1_514' title='bbox 501 2122 616 2143; x_wconf 87' lang='lat' dir='ltr'>newen</span> <span class='ocrx_word' id='word_1_515' title='bbox 643 2111 830 2152; x_wconf 82' lang='lat' dir='ltr'>Systemate</span> <span class='ocrx_word' id='word_1_516' title='bbox 864 2114 929 2155; x_wconf 89' lang='lat' dir='ltr'>ge&#39;n</span> <span class='ocrx_word' id='word_1_517' title='bbox 956 2112 1147 2155; x_wconf 88' lang='lat' dir='ltr'>Strassburg</span> <span class='ocrx_word' id='word_1_518' title='bbox 1180 2113 1277 2151; x_wconf 85' lang='lat' dir='ltr'>kam,</span> <span class='ocrx_word' id='word_1_519' title='bbox 1313 2113 1454 2146; x_wconf 86' lang='lat' dir='ltr'>welches</span> <span class='ocrx_word' id='word_1_520' title='bbox 1488 2114 1568 2146; x_wconf 89' lang='lat' dir='ltr'>aber</span> <span class='ocrx_word' id='word_1_521' title='bbox 1600 2123 1660 2146; x_wconf 86' lang='lat' dir='ltr'>aus</span> <span class='ocrx_word' id='word_1_522' title='bbox 1690 2114 1748 2146; x_wconf 86' lang='lat' dir='ltr'>des</span> <span class='ocrx_word' id='word_1_523' title='bbox 1773 2112 1939 2154; x_wconf 80' lang='lat' dir='ltr'>Tychonis</span> 
     </span>
     <span class='ocr_line' id='line_1_44' title="bbox 126 2159 1937 2202; baseline 0.001 -13"><span class='ocrx_word' id='word_1_524' title='bbox 126 2162 304 2199; x_wconf 86' lang='lat' dir='ltr'>systemate</span> <span class='ocrx_word' id='word_1_525' title='bbox 330 2169 543 2200; x_wconf 88' lang='lat' dir='ltr'>genommen,</span> <span class='ocrx_word' id='word_1_526' title='bbox 579 2159 647 2190; x_wconf 90' lang='lat' dir='ltr'>und</span> <span class='ocrx_word' id='word_1_527' title='bbox 672 2160 769 2191; x_wconf 88' lang='lat' dir='ltr'>allein</span> <span class='ocrx_word' id='word_1_528' title='bbox 795 2160 1012 2202; x_wconf 86' lang='lat' dir='ltr'>umbgekehrt</span> <span class='ocrx_word' id='word_1_529' title='bbox 1045 2170 1129 2197; x_wconf 87' lang='lat' dir='ltr'>war,</span> <span class='ocrx_word' id='word_1_530' title='bbox 1166 2161 1269 2192; x_wconf 90' lang='lat' dir='ltr'>damit</span> <span class='ocrx_word' id='word_1_531' title='bbox 1301 2171 1335 2192; x_wconf 88' lang='lat' dir='ltr'>er</span> <span class='ocrx_word' id='word_1_532' title='bbox 1367 2161 1453 2192; x_wconf 89' lang='lat' dir='ltr'>auch</span> <span class='ocrx_word' id='word_1_533' title='bbox 1479 2165 1581 2193; x_wconf 82' lang='lat' dir='ltr'>etwas</span> <span class='ocrx_word' id='word_1_534' title='bbox 1605 2161 1782 2193; x_wconf 85' lang='lat' dir='ltr'>besonders</span> <span class='ocrx_word' id='word_1_535' title='bbox 1805 2160 1937 2192; x_wconf 64' lang='grc'>11011111-</span> 
     </span>
     <span class='ocr_line' id='line_1_45' title="bbox 124 2205 1938 2249; baseline 0.001 -13"><span class='ocrx_word' id='word_1_536' title='bbox 124 2205 257 2237; x_wconf 85' lang='lat' dir='ltr'>brechte</span> <span class='ocrx_word' id='word_1_537' title='bbox 281 2206 350 2237; x_wconf 88' lang='lat' dir='ltr'>und</span> <span class='ocrx_word' id='word_1_538' title='bbox 375 2207 482 2238; x_wconf 89' lang='lat' dir='ltr'>seines</span> <span class='ocrx_word' id='word_1_539' title='bbox 507 2208 729 2247; x_wconf 85' lang='lat' dir='ltr'>praeceptoris</span> <span class='ocrx_word' id='word_1_540' title='bbox 756 2207 886 2239; x_wconf 89' lang='lat' dir='ltr'>Sachen</span> <span class='ocrx_word' id='word_1_541' title='bbox 912 2207 1150 2239; x_wconf 87' lang='lat' dir='ltr'>zuriicktriebe.</span> <span class='ocrx_word' id='word_1_542' title='bbox 1202 2207 1337 2240; x_wconf 89' lang='lat' dir='ltr'>Solches</span> <span class='ocrx_word' id='word_1_543' title='bbox 1364 2207 1519 2249; x_wconf 83' lang='lat' dir='ltr'>Systema</span> <span class='ocrx_word' id='word_1_544' title='bbox 1549 2209 1647 2246; x_wconf 87' lang='lat' dir='ltr'>aber,</span> <span class='ocrx_word' id='word_1_545' title='bbox 1681 2208 1754 2240; x_wconf 85' lang='lat' dir='ltr'>weil</span> <span class='ocrx_word' id='word_1_546' title='bbox 1786 2217 1822 2240; x_wconf 89' lang='lat' dir='ltr'>es</span> <span class='ocrx_word' id='word_1_547' title='bbox 1851 2206 1938 2240; x_wconf 88' lang='lat' dir='ltr'>noch</span> 
     </span>
     <span class='ocr_line' id='line_1_46' title="bbox 124 2252 1938 2297; baseline 0.002 -14"><span class='ocrx_word' id='word_1_548' title='bbox 124 2253 186 2284; x_wconf 88' lang='lat' dir='ltr'>viel</span> <span class='ocrx_word' id='word_1_549' title='bbox 210 2252 302 2284; x_wconf 86' lang='lat' dir='ltr'>mehr</span> <span class='ocrx_word' id='word_1_550' title='bbox 326 2253 395 2284; x_wconf 90' lang='lat' dir='ltr'>und</span> <span class='ocrx_word' id='word_1_551' title='bbox 419 2254 555 2295; x_wconf 73' lang='lat' dir='ltr'>grfibere</span> <span class='ocrx_word' id='word_1_552' title='bbox 582 2255 724 2286; x_wconf 88' lang='lat' dir='ltr'>absurda</span> <span class='ocrx_word' id='word_1_553' title='bbox 748 2255 816 2286; x_wconf 91' lang='lat' dir='ltr'>und</span> <span class='ocrx_word' id='word_1_554' title='bbox 840 2255 1047 2296; x_wconf 87' lang='lat' dir='ltr'>ungereimbt</span> <span class='ocrx_word' id='word_1_555' title='bbox 1073 2255 1204 2287; x_wconf 89' lang='lat' dir='ltr'>Sachen</span> <span class='ocrx_word' id='word_1_556' title='bbox 1239 2255 1351 2292; x_wconf 83' lang='lat' dir='ltr'>hette,</span> <span class='ocrx_word' id='word_1_557' title='bbox 1387 2256 1477 2287; x_wconf 90' lang='lat' dir='ltr'>dann</span> <span class='ocrx_word' id='word_1_558' title='bbox 1503 2255 1694 2297; x_wconf 88' lang='lat' dir='ltr'>Copernici,</span> <span class='ocrx_word' id='word_1_559' title='bbox 1728 2254 1854 2287; x_wconf 83' lang='lat' dir='ltr'>kundte</span> <span class='ocrx_word' id='word_1_560' title='bbox 1883 2253 1938 2286; x_wconf 88' lang='lat' dir='ltr'>ich</span> 
     </span>
     <span class='ocr_line' id='line_1_47' title="bbox 125 2299 1938 2345; baseline 0.002 -15"><span class='ocrx_word' id='word_1_561' title='bbox 125 2299 211 2331; x_wconf 91' lang='lat' dir='ltr'>ihme</span> <span class='ocrx_word' id='word_1_562' title='bbox 237 2299 324 2331; x_wconf 90' lang='lat' dir='ltr'>noch</span> <span class='ocrx_word' id='word_1_563' title='bbox 347 2301 409 2332; x_wconf 87' lang='lat' dir='ltr'>viel</span> <span class='ocrx_word' id='word_1_564' title='bbox 434 2301 577 2343; x_wconf 86' lang='lat' dir='ltr'>weniger</span> <span class='ocrx_word' id='word_1_565' title='bbox 601 2302 778 2341; x_wconf 85' lang='lat' dir='ltr'>beyfallen.</span> <span class='ocrx_word' id='word_1_566' title='bbox 830 2302 888 2334; x_wconf 87' lang='lat' dir='ltr'>Ich</span> <span class='ocrx_word' id='word_1_567' title='bbox 913 2303 1109 2343; x_wconf 90' lang='lat' dir='ltr'>speculierte</span> <span class='ocrx_word' id='word_1_568' title='bbox 1135 2303 1214 2334; x_wconf 87' lang='lat' dir='ltr'>aber</span> <span class='ocrx_word' id='word_1_569' title='bbox 1239 2303 1363 2345; x_wconf 86' lang='lat' dir='ltr'>fleissig</span> <span class='ocrx_word' id='word_1_570' title='bbox 1387 2303 1485 2340; x_wconf 89' lang='lat' dir='ltr'>drob,</span> <span class='ocrx_word' id='word_1_571' title='bbox 1519 2302 1652 2335; x_wconf 83' lang='lat' dir='ltr'>wendet</span> <span class='ocrx_word' id='word_1_572' title='bbox 1677 2303 1729 2335; x_wconf 91' lang='lat' dir='ltr'>die</span> <span class='ocrx_word' id='word_1_573' title='bbox 1755 2301 1855 2334; x_wconf 84' lang='lat' dir='ltr'>circul</span> <span class='ocrx_word' id='word_1_574' title='bbox 1880 2301 1938 2334; x_wconf 84' lang='lat' dir='ltr'>der</span> 
     </span>
     <span class='ocr_line' id='line_1_48' title="bbox 126 2346 1938 2392; baseline 0.002 -15"><span class='ocrx_word' id='word_1_575' title='bbox 126 2347 289 2378; x_wconf 86' lang='lat' dir='ltr'>Planeten</span> <span class='ocrx_word' id='word_1_576' title='bbox 314 2347 460 2384; x_wconf 82' lang='lat' dir='ltr'>herumb‚</span> <span class='ocrx_word' id='word_1_577' title='bbox 489 2348 552 2379; x_wconf 88' lang='lat' dir='ltr'>biss</span> <span class='ocrx_word' id='word_1_578' title='bbox 578 2348 630 2380; x_wconf 87' lang='lat' dir='ltr'>ich</span> <span class='ocrx_word' id='word_1_579' title='bbox 655 2349 788 2380; x_wconf 85' lang='lat' dir='ltr'>letzlich</span> <span class='ocrx_word' id='word_1_580' title='bbox 812 2349 890 2380; x_wconf 87' lang='lat' dir='ltr'>kam</span> <span class='ocrx_word' id='word_1_581' title='bbox 908 2350 968 2381; x_wconf 85' lang='lat' dir='ltr'>auf</span> <span class='ocrx_word' id='word_1_582' title='bbox 984 2350 1146 2390; x_wconf 84' lang='lat' dir='ltr'>Tychonis</span> <span class='ocrx_word' id='word_1_583' title='bbox 1163 2349 1345 2392; x_wconf 87' lang='lat' dir='ltr'>Meynung,</span> <span class='ocrx_word' id='word_1_584' title='bbox 1371 2350 1440 2382; x_wconf 89' lang='lat' dir='ltr'>und</span> <span class='ocrx_word' id='word_1_585' title='bbox 1465 2351 1525 2382; x_wconf 88' lang='lat' dir='ltr'>auf</span> <span class='ocrx_word' id='word_1_586' title='bbox 1545 2350 1617 2382; x_wconf 88' lang='lat' dir='ltr'>sein</span> <span class='ocrx_word' id='word_1_587' title='bbox 1635 2346 1791 2390; x_wconf 69' lang='lat' dir='ltr'>systema,</span> <span class='ocrx_word' id='word_1_588' title='bbox 1817 2349 1938 2382; x_wconf 76' lang='lat' dir='ltr'>daraus</span> 
     </span>
     <span class='ocr_line' id='line_1_49' title="bbox 125 2394 1936 2439; baseline 0.002 -15"><span class='ocrx_word' id='word_1_589' title='bbox 125 2394 310 2433; x_wconf 85' lang='lat' dir='ltr'>Raymarus</span> <span class='ocrx_word' id='word_1_590' title='bbox 337 2394 395 2426; x_wconf 90' lang='lat' dir='ltr'>das</span> <span class='ocrx_word' id='word_1_591' title='bbox 423 2396 492 2427; x_wconf 90' lang='lat' dir='ltr'>sein</span> <span class='ocrx_word' id='word_1_592' title='bbox 518 2405 714 2437; x_wconf 85' lang='lat' dir='ltr'>genommen</span> <span class='ocrx_word' id='word_1_593' title='bbox 739 2397 808 2428; x_wconf 88' lang='lat' dir='ltr'>hat.</span> <span class='ocrx_word' id='word_1_594' title='bbox 861 2396 943 2428; x_wconf 90' lang='lat' dir='ltr'>Weil</span> <span class='ocrx_word' id='word_1_595' title='bbox 969 2397 1057 2428; x_wconf 89' lang='lat' dir='ltr'>dann</span> <span class='ocrx_word' id='word_1_596' title='bbox 1083 2398 1191 2428; x_wconf 89' lang='lat' dir='ltr'>meine</span> <span class='ocrx_word' id='word_1_597' title='bbox 1217 2397 1341 2429; x_wconf 89' lang='lat' dir='ltr'>Theses</span> <span class='ocrx_word' id='word_1_598' title='bbox 1370 2397 1528 2439; x_wconf 84' lang='lat' dir='ltr'>physicae</span> <span class='ocrx_word' id='word_1_599' title='bbox 1561 2397 1602 2429; x_wconf 87' lang='lat' dir='ltr'>de</span> <span class='ocrx_word' id='word_1_600' title='bbox 1633 2407 1730 2438; x_wconf 90' lang='lat' dir='ltr'>opere</span> <span class='ocrx_word' id='word_1_601' title='bbox 1754 2396 1820 2429; x_wconf 91' lang='lat' dir='ltr'>Dei</span> <span class='ocrx_word' id='word_1_602' title='bbox 1843 2404 1936 2428; x_wconf 73' lang='lat' dir='ltr'>crea-</span> 
     </span>
     <span class='ocr_line' id='line_1_50' title="bbox 126 2441 1938 2485; baseline 0.002 -14"><span class='ocrx_word' id='word_1_603' title='bbox 126 2442 236 2477; x_wconf 87' lang='lat' dir='ltr'>tionis,</span> <span class='ocrx_word' id='word_1_604' title='bbox 265 2442 317 2472; x_wconf 91' lang='lat' dir='ltr'>die</span> <span class='ocrx_word' id='word_1_605' title='bbox 342 2441 525 2474; x_wconf 88' lang='lat' dir='ltr'>hernacher</span> <span class='ocrx_word' id='word_1_606' title='bbox 549 2442 711 2484; x_wconf 83' lang='lat' dir='ltr'>gedruckt</span> <span class='ocrx_word' id='word_1_607' title='bbox 734 2444 867 2476; x_wconf 91' lang='lat' dir='ltr'>worden</span> <span class='ocrx_word' id='word_1_608' title='bbox 893 2441 942 2483; x_wconf 87' lang='lat' dir='ltr'>(in</span> <span class='ocrx_word' id='word_1_609' title='bbox 962 2444 1167 2485; x_wconf 86' lang='lat' dir='ltr'>praefatione</span> <span class='ocrx_word' id='word_1_610' title='bbox 1186 2445 1265 2476; x_wconf 85' lang='lat' dir='ltr'>dicit</span> <span class='ocrx_word' id='word_1_611' title='bbox 1281 2444 1436 2476; x_wconf 68' lang='lat' dir='ltr'>Riislinus</span> <span class='ocrx_word' id='word_1_612' title='bbox 1463 2445 1503 2476; x_wconf 89' lang='lat' dir='ltr'>de</span> <span class='ocrx_word' id='word_1_613' title='bbox 1527 2444 1578 2476; x_wconf 87' lang='lat' dir='ltr'>his</span> <span class='ocrx_word' id='word_1_614' title='bbox 1602 2444 1768 2476; x_wconf 82' lang='lat' dir='ltr'>thesibus:</span> <span class='ocrx_word' id='word_1_615' title='bbox 1793 2443 1844 2476; x_wconf 77' lang='lat' dir='ltr'>als</span> <span class='ocrx_word' id='word_1_616' title='bbox 1867 2442 1938 2475; x_wconf 78' lang='lat' dir='ltr'>ichs</span> 
     </span>
     <span class='ocr_line' id='line_1_51' title="bbox 126 2488 1939 2534; baseline 0.002 -16"><span class='ocrx_word' id='word_1_617' title='bbox 126 2489 198 2518; x_wconf 90' lang='lat' dir='ltr'>dem</span> <span class='ocrx_word' id='word_1_618' title='bbox 224 2488 332 2520; x_wconf 90' lang='lat' dir='ltr'>Herm</span> <span class='ocrx_word' id='word_1_619' title='bbox 357 2489 430 2521; x_wconf 86' lang='lat' dir='ltr'>Jac.</span> <span class='ocrx_word' id='word_1_620' title='bbox 458 2489 640 2531; x_wconf 85' lang='lat' dir='ltr'>Bongarsio</span> <span class='ocrx_word' id='word_1_621' title='bbox 667 2490 827 2525; x_wconf 79' lang='lat' dir='ltr'>offeriert.</span> <span class='ocrx_word' id='word_1_622' title='bbox 863 2491 922 2523; x_wconf 85' lang='lat' dir='ltr'>hat</span> <span class='ocrx_word' id='word_1_623' title='bbox 952 2491 1002 2522; x_wconf 92' lang='lat' dir='ltr'>ihr</span> <span class='ocrx_word' id='word_1_624' title='bbox 1025 2491 1228 2533; x_wconf 87' lang='lat' dir='ltr'>Herrligkeit</span> <span class='ocrx_word' id='word_1_625' title='bbox 1259 2491 1451 2534; x_wconf 65' lang='lat' dir='ltr'>dieselbige⁴</span> <span class='ocrx_word' id='word_1_626' title='bbox 1467 2492 1528 2523; x_wconf 86' lang='lat' dir='ltr'>mit</span> <span class='ocrx_word' id='word_1_627' title='bbox 1557 2490 1627 2524; x_wconf 87' lang='lat' dir='ltr'>sich</span> <span class='ocrx_word' id='word_1_628' title='bbox 1652 2501 1716 2534; x_wconf 80' lang='lat' dir='ltr'>gen</span> <span class='ocrx_word' id='word_1_629' title='bbox 1742 2490 1939 2534; x_wconf 71' lang='lat' dir='ltr'>Franckfurt</span> 
     </span>
     <span class='ocr_line' id='line_1_52' title="bbox 125 2536 1937 2579; baseline 0.002 -14"><span class='ocrx_word' id='word_1_630' title='bbox 125 2545 320 2576; x_wconf 87' lang='lat' dir='ltr'>genommen</span> <span class='ocrx_word' id='word_1_631' title='bbox 346 2537 413 2567; x_wconf 88' lang='lat' dir='ltr'>und</span> <span class='ocrx_word' id='word_1_632' title='bbox 439 2536 585 2568; x_wconf 87' lang='lat' dir='ltr'>daselbst</span> <span class='ocrx_word' id='word_1_633' title='bbox 610 2538 747 2569; x_wconf 86' lang='lat' dir='ltr'>trucken</span> <span class='ocrx_word' id='word_1_634' title='bbox 771 2538 881 2570; x_wconf 88' lang='lat' dir='ltr'>lassen</span> <span class='ocrx_word' id='word_1_635' title='bbox 908 2548 994 2570; x_wconf 88' lang='lat' dir='ltr'>anno</span> <span class='ocrx_word' id='word_1_636' title='bbox 1022 2536 1078 2569; x_wconf 88' lang='grc'>97.</span> <span class='ocrx_word' id='word_1_637' title='bbox 1115 2538 1174 2571; x_wconf 90' lang='grc' dir='ltr'>Ιο11</span> <span class='ocrx_word' id='word_1_638' title='bbox 1199 2548 1268 2571; x_wconf 84' lang='lat' dir='ltr'>war</span> <span class='ocrx_word' id='word_1_639' title='bbox 1289 2539 1441 2571; x_wconf 90' lang='lat' dir='ltr'>dazumal</span> <span class='ocrx_word' id='word_1_640' title='bbox 1465 2539 1499 2570; x_wconf 89' lang='lat' dir='ltr'>in</span> <span class='ocrx_word' id='word_1_641' title='bbox 1525 2539 1648 2571; x_wconf 84' lang='lat' dir='ltr'>diesem</span> <span class='ocrx_word' id='word_1_642' title='bbox 1672 2537 1779 2570; x_wconf 85' lang='lat' dir='ltr'>studio</span> <span class='ocrx_word' id='word_1_643' title='bbox 1803 2537 1937 2579; x_wconf 84' lang='lat' dir='ltr'>physico</span> 
     </span>
     <span class='ocr_line' id='line_1_53' title="bbox 126 2581 1939 2625; baseline 0.002 -13"><span class='ocrx_word' id='word_1_644' title='bbox 126 2581 215 2612; x_wconf 88' lang='lat' dir='ltr'>nicht</span> <span class='ocrx_word' id='word_1_645' title='bbox 240 2591 325 2623; x_wconf 86' lang='lat' dir='ltr'>ganz</span> <span class='ocrx_word' id='word_1_646' title='bbox 352 2583 417 2614; x_wconf 91' lang='lat' dir='ltr'>und</span> <span class='ocrx_word' id='word_1_647' title='bbox 443 2593 503 2625; x_wconf 86' lang='lat' dir='ltr'>gar</span> <span class='ocrx_word' id='word_1_648' title='bbox 528 2584 713 2621; x_wconf 83' lang='lat' dir='ltr'>resolviert,</span> <span class='ocrx_word' id='word_1_649' title='bbox 750 2585 833 2618; x_wconf 88' lang='lat' dir='ltr'>doch</span> <span class='ocrx_word' id='word_1_650' title='bbox 868 2586 967 2617; x_wconf 88' lang='lat' dir='ltr'>soviel</span> <span class='ocrx_word' id='word_1_651' title='bbox 1001 2586 1035 2617; x_wconf 88' lang='grc'>111</span> <span class='ocrx_word' id='word_1_652' title='bbox 1059 2587 1202 2618; x_wconf 89' lang='lat' dir='ltr'>meinem</span> <span class='ocrx_word' id='word_1_653' title='bbox 1228 2587 1395 2618; x_wconf 87' lang='lat' dir='ltr'>Gewissen</span> <span class='ocrx_word' id='word_1_654' title='bbox 1428 2586 1626 2623; x_wconf 82' lang='lat' dir='ltr'>versichert,</span> <span class='ocrx_word' id='word_1_655' title='bbox 1663 2586 1740 2618; x_wconf 82' lang='lat' dir='ltr'>dass</span> <span class='ocrx_word' id='word_1_656' title='bbox 1772 2586 1834 2618; x_wconf 87' lang='lat' dir='ltr'>mir</span> <span class='ocrx_word' id='word_1_657' title='bbox 1859 2584 1939 2616; x_wconf 75' lang='lat' dir='ltr'>Gott</span> 
     </span>
     <span class='ocr_line' id='line_1_54' title="bbox 126 2629 1936 2675; baseline 0.005 -17"><span class='ocrx_word' id='word_1_658' title='bbox 126 2629 255 2660; x_wconf 87' lang='lat' dir='ltr'>endlich</span> <span class='ocrx_word' id='word_1_659' title='bbox 281 2630 400 2661; x_wconf 89' lang='lat' dir='ltr'>daraus</span> <span class='ocrx_word' id='word_1_660' title='bbox 425 2630 535 2662; x_wconf 90' lang='lat' dir='ltr'>helfen</span> <span class='ocrx_word' id='word_1_661' title='bbox 560 2632 682 2666; x_wconf 78' lang='lat' dir='ltr'>wiirde,</span> <span class='ocrx_word' id='word_1_662' title='bbox 709 2633 769 2664; x_wconf 88' lang='lat' dir='ltr'>wie</span> <span class='ocrx_word' id='word_1_663' title='bbox 790 2633 875 2664; x_wconf 84' lang='lat' dir='ltr'>auch</span> <span class='ocrx_word' id='word_1_664' title='bbox 894 2633 1026 2665; x_wconf 88' lang='lat' dir='ltr'>Gottlob</span> <span class='ocrx_word' id='word_1_665' title='bbox 1044 2631 1271 2675; x_wconf 86' lang='lat' dir='ltr'>geschehen.),</span> <span class='ocrx_word' id='word_1_666' title='bbox 1298 2633 1399 2665; x_wconf 89' lang='lat' dir='ltr'>schon</span> <span class='ocrx_word' id='word_1_667' title='bbox 1416 2643 1491 2665; x_wconf 90' lang='lat' dir='ltr'>zum</span> <span class='ocrx_word' id='word_1_668' title='bbox 1508 2633 1602 2665; x_wconf 89' lang='lat' dir='ltr'>Theil</span> <span class='ocrx_word' id='word_1_669' title='bbox 1621 2633 1790 2675; x_wconf 82' lang='lat' dir='ltr'>verfertigt</span> <span class='ocrx_word' id='word_1_670' title='bbox 1813 2641 1936 2667; x_wconf 70' lang='lat' dir='ltr'>waren·</span> 
     </span>
     <span class='ocr_line' id='line_1_55' title="bbox 125 2675 1937 2722; baseline 0.003 -16"><span class='ocrx_word' id='word_1_671' title='bbox 125 2675 188 2706; x_wconf 85' lang='lat' dir='ltr'>hab</span> <span class='ocrx_word' id='word_1_672' title='bbox 214 2676 267 2707; x_wconf 87' lang='lat' dir='ltr'>ich</span> <span class='ocrx_word' id='word_1_673' title='bbox 292 2677 400 2708; x_wconf 87' lang='lat' dir='ltr'>solche</span> <span class='ocrx_word' id='word_1_674' title='bbox 425 2679 457 2709; x_wconf 89' lang='lat' dir='ltr'>in</span> <span class='ocrx_word' id='word_1_675' title='bbox 486 2679 593 2710; x_wconf 88' lang='lat' dir='ltr'>einem</span> <span class='ocrx_word' id='word_1_676' title='bbox 618 2679 764 2716; x_wconf 85' lang='lat' dir='ltr'>Packet,</span> <span class='ocrx_word' id='word_1_677' title='bbox 791 2684 878 2711; x_wconf 87' lang='lat' dir='ltr'>samt</span> <span class='ocrx_word' id='word_1_678' title='bbox 904 2681 1010 2712; x_wconf 88' lang='lat' dir='ltr'>einem</span> <span class='ocrx_word' id='word_1_679' title='bbox 1036 2681 1157 2712; x_wconf 86' lang='lat' dir='ltr'>darauf</span> <span class='ocrx_word' id='word_1_680' title='bbox 1179 2681 1396 2722; x_wconf 87' lang='lat' dir='ltr'>gebundenen</span> <span class='ocrx_word' id='word_1_681' title='bbox 1423 2679 1619 2718; x_wconf 86' lang='lat' dir='ltr'>Schreiben,</span> <span class='ocrx_word' id='word_1_682' title='bbox 1645 2680 1807 2712; x_wconf 77' lang='lat' dir='ltr'>darinnen</span> <span class='ocrx_word' id='word_1_683' title='bbox 1831 2679 1937 2711; x_wconf 77' lang='lat' dir='ltr'>dieses</span> 
     </span>
     <span class='ocr_line' id='line_1_56' title="bbox 126 2724 1939 2769; baseline 0.003 -17"><span class='ocrx_word' id='word_1_684' title='bbox 126 2732 186 2752; x_wconf 88' lang='lat' dir='ltr'>von</span> <span class='ocrx_word' id='word_1_685' title='bbox 220 2725 280 2753; x_wconf 88' lang='lat' dir='ltr'>mir</span> <span class='ocrx_word' id='word_1_686' title='bbox 313 2724 513 2756; x_wconf 82' lang='lat' dir='ltr'>erfundenen</span> <span class='ocrx_word' id='word_1_687' title='bbox 547 2725 743 2765; x_wconf 84' lang='lat' dir='ltr'>Systematis</span> <span class='ocrx_word' id='word_1_688' title='bbox 768 2727 954 2769; x_wconf 72' lang='lat' dir='ltr'>Erklarung</span> <span class='ocrx_word' id='word_1_689' title='bbox 984 2727 1189 2769; x_wconf 85' lang='lat' dir='ltr'>geschehen,</span> <span class='ocrx_word' id='word_1_690' title='bbox 1225 2737 1268 2759; x_wconf 89' lang='lat' dir='ltr'>an</span> <span class='ocrx_word' id='word_1_691' title='bbox 1292 2727 1400 2759; x_wconf 85' lang='lat' dir='ltr'>Herm</span> <span class='ocrx_word' id='word_1_692' title='bbox 1431 2727 1643 2760; x_wconf 82' lang='lat' dir='ltr'>Moestlinum</span> <span class='ocrx_word' id='word_1_693' title='bbox 1673 2737 1738 2769; x_wconf 81' lang='lat' dir='ltr'>gen</span> <span class='ocrx_word' id='word_1_694' title='bbox 1763 2726 1939 2768; x_wconf 62' lang='lat' dir='ltr'>&#39;hibingen</span> 
     </span>
     <span class='ocr_line' id='line_1_57' title="bbox 129 2769 1938 2816; baseline 0.004 -18"><span class='ocrx_word' id='word_1_695' title='bbox 129 2769 309 2808; x_wconf 83' lang='lat' dir='ltr'>geschickt,</span> <span class='ocrx_word' id='word_1_696' title='bbox 337 2772 406 2802; x_wconf 87' lang='lat' dir='ltr'>sein</span> <span class='ocrx_word' id='word_1_697' title='bbox 424 2771 585 2814; x_wconf 86' lang='lat' dir='ltr'>Meinuug</span> <span class='ocrx_word' id='word_1_698' title='bbox 603 2773 743 2805; x_wconf 83' lang='lat' dir='ltr'>dariiber</span> <span class='ocrx_word' id='word_1_699' title='bbox 769 2784 810 2805; x_wconf 93' lang='lat' dir='ltr'>zu</span> <span class='ocrx_word' id='word_1_700' title='bbox 834 2774 1042 2806; x_wconf 88' lang='lat' dir='ltr'>vernehmen.</span> <span class='ocrx_word' id='word_1_701' title='bbox 1081 2775 1275 2816; x_wconf 86' lang='lat' dir='ltr'>Unterwegs</span> <span class='ocrx_word' id='word_1_702' title='bbox 1301 2775 1382 2806; x_wconf 86' lang='lat' dir='ltr'>aber</span> <span class='ocrx_word' id='word_1_703' title='bbox 1399 2774 1525 2806; x_wconf 88' lang='lat' dir='ltr'>solches</span> <span class='ocrx_word' id='word_1_704' title='bbox 1541 2774 1670 2806; x_wconf 87' lang='lat' dir='ltr'>Packet</span> <span class='ocrx_word' id='word_1_705' title='bbox 1685 2774 1811 2806; x_wconf 89' lang='lat' dir='ltr'>meiner</span> <span class='ocrx_word' id='word_1_706' title='bbox 1834 2776 1938 2816; x_wconf 75' lang='lat' dir='ltr'>guten</span> 
     </span>
     <span class='ocr_line' id='line_1_58' title="bbox 128 2815 1938 2864; baseline 0.003 -19"><span class='ocrx_word' id='word_1_707' title='bbox 128 2815 150 2844; x_wconf 89' lang='lat' dir='ltr'>F</span> <span class='ocrx_word' id='word_1_708' title='bbox 155 2817 298 2847; x_wconf 91' lang='lat' dir='ltr'>reunden</span> <span class='ocrx_word' id='word_1_709' title='bbox 325 2819 431 2849; x_wconf 88' lang='lat' dir='ltr'>einem</span> <span class='ocrx_word' id='word_1_710' title='bbox 457 2819 633 2851; x_wconf 86' lang='lat' dir='ltr'>Gelehrten</span> <span class='ocrx_word' id='word_1_711' title='bbox 659 2824 754 2852; x_wconf 90' lang='lat' dir='ltr'>unter</span> <span class='ocrx_word' id='word_1_712' title='bbox 779 2821 923 2853; x_wconf 84' lang='lat' dir='ltr'>Handen</span> <span class='ocrx_word' id='word_1_713' title='bbox 947 2821 1120 2859; x_wconf 85' lang='lat' dir='ltr'>kommen,</span> <span class='ocrx_word' id='word_1_714' title='bbox 1157 2823 1250 2854; x_wconf 90' lang='lat' dir='ltr'>deme</span> <span class='ocrx_word' id='word_1_715' title='bbox 1275 2822 1330 2853; x_wconf 89' lang='lat' dir='ltr'>ich</span> <span class='ocrx_word' id='word_1_716' title='bbox 1354 2821 1440 2853; x_wconf 84' lang='lat' dir='ltr'>auch</span> <span class='ocrx_word' id='word_1_717' title='bbox 1472 2822 1578 2854; x_wconf 84' lang='lat' dir='ltr'>davon</span> <span class='ocrx_word' id='word_1_718' title='bbox 1610 2821 1844 2864; x_wconf 84' lang='lat' dir='ltr'>geschrieben,</span> <span class='ocrx_word' id='word_1_719' title='bbox 1880 2819 1938 2851; x_wconf 85' lang='lat' dir='ltr'>der</span> 
     </span>
     <span class='ocr_line' id='line_1_59' title="bbox 129 2861 1935 2910; baseline 0.005 -19"><span class='ocrx_word' id='word_1_720' title='bbox 129 2861 265 2894; x_wconf 75' lang='lat' dir='ltr'>eroffnet</span> <span class='ocrx_word' id='word_1_721' title='bbox 291 2864 349 2895; x_wconf 88' lang='lat' dir='ltr'>das</span> <span class='ocrx_word' id='word_1_722' title='bbox 375 2865 513 2904; x_wconf 86' lang='lat' dir='ltr'>Packet,</span> <span class='ocrx_word' id='word_1_723' title='bbox 541 2867 609 2898; x_wconf 90' lang='lat' dir='ltr'>und</span> <span class='ocrx_word' id='word_1_724' title='bbox 634 2867 746 2900; x_wconf 75' lang='lat' dir='ltr'>behalt</span> <span class='ocrx_word' id='word_1_725' title='bbox 771 2869 898 2900; x_wconf 90' lang='lat' dir='ltr'>solches</span> <span class='ocrx_word' id='word_1_726' title='bbox 923 2870 983 2900; x_wconf 90' lang='lat' dir='ltr'>mit</span> <span class='ocrx_word' id='word_1_727' title='bbox 1007 2870 1149 2901; x_wconf 91' lang='lat' dir='ltr'>meinem</span> <span class='ocrx_word' id='word_1_728' title='bbox 1174 2873 1365 2910; x_wconf 87' lang='lat' dir='ltr'>systemate,</span> <span class='ocrx_word' id='word_1_729' title='bbox 1393 2869 1506 2901; x_wconf 88' lang='lat' dir='ltr'>diesen</span> <span class='ocrx_word' id='word_1_730' title='bbox 1525 2868 1656 2902; x_wconf 88' lang='lat' dir='ltr'>Sachen</span> <span class='ocrx_word' id='word_1_731' title='bbox 1682 2868 1768 2901; x_wconf 83' lang='lat' dir='ltr'>auch</span> <span class='ocrx_word' id='word_1_732' title='bbox 1791 2866 1935 2900; x_wconf 67' lang='grc'>113011111-</span> 
     </span>
     <span class='ocr_line' id='line_1_60' title="bbox 128 2908 1938 2952; baseline 0.004 -14"><span class='ocrx_word' id='word_1_733' title='bbox 128 2908 279 2946; x_wconf 91' lang='lat' dir='ltr'>denken‚</span> <span class='ocrx_word' id='word_1_734' title='bbox 319 2911 382 2942; x_wconf 90' lang='lat' dir='ltr'>den</span> <span class='ocrx_word' id='word_1_735' title='bbox 413 2911 506 2944; x_wconf 80' lang='lat' dir='ltr'>Brief</span> <span class='ocrx_word' id='word_1_736' title='bbox 538 2914 615 2945; x_wconf 94' lang='lat' dir='ltr'>aber</span> <span class='ocrx_word' id='word_1_737' title='bbox 650 2914 730 2946; x_wconf 71' lang='lat' dir='ltr'>lasst</span> <span class='ocrx_word' id='word_1_738' title='bbox 764 2925 798 2947; x_wconf 90' lang='lat' dir='ltr'>er</span> <span class='ocrx_word' id='word_1_739' title='bbox 822 2916 930 2947; x_wconf 89' lang='lat' dir='ltr'>Herm</span> <span class='ocrx_word' id='word_1_740' title='bbox 955 2916 1130 2948; x_wconf 90' lang='lat' dir='ltr'>Moestlino</span> <span class='ocrx_word' id='word_1_741' title='bbox 1165 2916 1370 2948; x_wconf 85' lang='lat' dir='ltr'>zukommen.</span> <span class='ocrx_word' id='word_1_742' title='bbox 1420 2916 1616 2948; x_wconf 87' lang='lat' dir='ltr'>Maestlinus</span> <span class='ocrx_word' id='word_1_743' title='bbox 1647 2916 1850 2952; x_wconf 82' lang='lat' dir='ltr'>vermeinte,</span> <span class='ocrx_word' id='word_1_744' title='bbox 1882 2913 1938 2946; x_wconf 88' lang='lat' dir='ltr'>ich</span> 
     </span>
     <span class='ocr_line' id='line_1_61' title="bbox 128 2954 1935 3005; baseline 0.005 -21"><span class='ocrx_word' id='word_1_745' title='bbox 128 2954 273 2987; x_wconf 90' lang='lat' dir='ltr'>schreibe</span> <span class='ocrx_word' id='word_1_746' title='bbox 299 2957 385 2989; x_wconf 89' lang='lat' dir='ltr'>ihme</span> <span class='ocrx_word' id='word_1_747' title='bbox 404 2968 465 2989; x_wconf 86' lang='lat' dir='ltr'>von</span> <span class='ocrx_word' id='word_1_748' title='bbox 482 2956 641 2999; x_wconf 72' lang='lat' dir='ltr'>Raymari</span> <span class='ocrx_word' id='word_1_749' title='bbox 658 2960 858 3001; x_wconf 80' lang='lat' dir='ltr'>systemate,</span> <span class='ocrx_word' id='word_1_750' title='bbox 886 2967 1061 2995; x_wconf 89' lang='lat' dir='ltr'>antwortet</span> <span class='ocrx_word' id='word_1_751' title='bbox 1086 2964 1259 3005; x_wconf 85' lang='lat' dir='ltr'>derwegen</span> <span class='ocrx_word' id='word_1_752' title='bbox 1283 2965 1344 2996; x_wconf 90' lang='lat' dir='ltr'>mir</span> <span class='ocrx_word' id='word_1_753' title='bbox 1367 2974 1430 2995; x_wconf 86' lang='lat' dir='ltr'>von</span> <span class='ocrx_word' id='word_1_754' title='bbox 1455 2964 1580 2996; x_wconf 89' lang='lat' dir='ltr'>diesem</span> <span class='ocrx_word' id='word_1_755' title='bbox 1603 2963 1672 2995; x_wconf 89' lang='lat' dir='ltr'>und</span> <span class='ocrx_word' id='word_1_756' title='bbox 1694 2963 1745 2994; x_wconf 85' lang='lat' dir='ltr'>nit</span> <span class='ocrx_word' id='word_1_757' title='bbox 1768 2972 1832 2994; x_wconf 81' lang='lat' dir='ltr'>von</span> <span class='ocrx_word' id='word_1_758' title='bbox 1854 2961 1935 2994; x_wconf 87' lang='lat' dir='ltr'>mei-</span> 
     </span>
     <span class='ocr_line' id='line_1_62' title="bbox 128 3003 1934 3054; baseline 0.005 -23"><span class='ocrx_word' id='word_1_759' title='bbox 128 3010 212 3054; x_wconf 81' lang='lat' dir='ltr'>nem.</span> <span class='ocrx_word' id='word_1_760' title='bbox 264 3003 307 3034; x_wconf 89' lang='lat' dir='ltr'>Er</span> <span class='ocrx_word' id='word_1_761' title='bbox 332 3004 477 3036; x_wconf 82' lang='lat' dir='ltr'>schickte</span> <span class='ocrx_word' id='word_1_762' title='bbox 502 3007 563 3037; x_wconf 89' lang='lat' dir='ltr'>mir</span> <span class='ocrx_word' id='word_1_763' title='bbox 589 3008 666 3039; x_wconf 90' lang='lat' dir='ltr'>aber</span> <span class='ocrx_word' id='word_1_764' title='bbox 689 3009 750 3040; x_wconf 88' lang='lat' dir='ltr'>mit</span> <span class='ocrx_word' id='word_1_765' title='bbox 775 3020 815 3040; x_wconf 89' lang='lat' dir='ltr'>zu</span> <span class='ocrx_word' id='word_1_766' title='bbox 841 3009 1004 3050; x_wconf 87' lang='lat' dir='ltr'>Tychonis</span> <span class='ocrx_word' id='word_1_767' title='bbox 1030 3011 1206 3052; x_wconf 86' lang='lat' dir='ltr'>gedruckts</span> <span class='ocrx_word' id='word_1_768' title='bbox 1233 3011 1411 3043; x_wconf 87' lang='lat' dir='ltr'>Schreiben</span> <span class='ocrx_word' id='word_1_769' title='bbox 1435 3021 1508 3043; x_wconf 83' lang='lat' dir='ltr'>vom</span> <span class='ocrx_word' id='word_1_770' title='bbox 1535 3010 1694 3042; x_wconf 87' lang='lat' dir='ltr'>Cometen</span> <span class='ocrx_word' id='word_1_771' title='bbox 1722 3007 1834 3047; x_wconf 85' lang='grc'>1577,</span> <span class='ocrx_word' id='word_1_772' title='bbox 1860 3009 1934 3041; x_wconf 84' lang='lat' dir='ltr'>dar·</span> 
     </span>
     <span class='ocr_line' id='line_1_63' title="bbox 127 3051 1937 3100; baseline 0.005 -19"><span class='ocrx_word' id='word_1_773' title='bbox 127 3058 227 3081; x_wconf 77' lang='lat' dir='ltr'>innen</span> <span class='ocrx_word' id='word_1_774' title='bbox 254 3058 287 3080; x_wconf 89' lang='lat' dir='ltr'>er</span> <span class='ocrx_word' id='word_1_775' title='bbox 313 3051 398 3082; x_wconf 88' lang='lat' dir='ltr'>auch</span> <span class='ocrx_word' id='word_1_776' title='bbox 422 3053 530 3084; x_wconf 91' lang='lat' dir='ltr'>seines</span> <span class='ocrx_word' id='word_1_777' title='bbox 556 3053 751 3095; x_wconf 85' lang='lat' dir='ltr'>Systematis</span> <span class='ocrx_word' id='word_1_778' title='bbox 777 3056 937 3099; x_wconf 84' lang='lat' dir='ltr'>Meldung</span> <span class='ocrx_word' id='word_1_779' title='bbox 962 3057 1052 3095; x_wconf 84' lang='lat' dir='ltr'>that,</span> <span class='ocrx_word' id='word_1_780' title='bbox 1090 3058 1133 3090; x_wconf 90' lang='lat' dir='ltr'>da</span> <span class='ocrx_word' id='word_1_781' title='bbox 1157 3058 1278 3091; x_wconf 88' lang='lat' dir='ltr'>befand</span> <span class='ocrx_word' id='word_1_782' title='bbox 1311 3058 1384 3096; x_wconf 85' lang='lat' dir='ltr'>ich,</span> <span class='ocrx_word' id='word_1_783' title='bbox 1420 3058 1479 3090; x_wconf 90' lang='lat' dir='ltr'>das</span> <span class='ocrx_word' id='word_1_784' title='bbox 1504 3058 1667 3099; x_wconf 86' lang='lat' dir='ltr'>Tychonis</span> <span class='ocrx_word' id='word_1_785' title='bbox 1692 3055 1847 3100; x_wconf 86' lang='lat' dir='ltr'>Systema</span> <span class='ocrx_word' id='word_1_786' title='bbox 1869 3054 1937 3090; x_wconf 79' lang='lat' dir='ltr'>und</span> 
     </span>
    </p>
   </div>
  </div>
 </body>
</html>
