2028 3242
26 1681 96 1958 s

929 87 1038 130 σφω
1061 87 1088 120 1.
1830 83 1911 125 117

106 193 226 236 orbes
243 193 467 247 confugiet,
500 193 644 245 quibus
666 193 929 242 demonstret,
962 193 1061 233 11388
1086 192 1145 233 ita
1169 192 1253 233 fieri
1277 204 1411 244 posse,
1445 203 1534 232 cum
1558 199 1693 230 tamen
1724 202 1777 230 88
1806 197 1916 231 01010

107 251 285 295 Telluris
311 252 429 295 unico
458 257 647 292 secutura
676 252 770 293 sint.
827 253 964 304 Atque
994 252 1071 292 hoc
1101 251 1261 304 quidem
1291 252 1420 292 multa
1450 256 1544 302 post
1574 249 1712 290 secula
1741 249 1815 289 vix
1841 250 1915 290 de-

105 323 215 353 m
230 310 313 352 fiet.
350 310 435 352 Sed
459 310 583 352 tertio
613 312 783 351 mutatio
802 309 1116 351 eccentricitatis
1135 310 1351 356 Terrenae,
1383 322 1463 361 qua
1492 314 1673 349 centmm
1703 308 1915 349 eccentrici

106 369 160 411 ad
183 368 323 411 Solem
347 370 506 411 accedit
535 375 579 410 et
606 369 660 410 ab
683 382 732 410 eo
758 369 924 416 recedit,
955 369 1047 409 inde
1072 382 1099 408 a
1125 369 1358 409 Ptolemaeo
1389 368 1443 407 ad
1467 381 1541 407 nos
1574 379 1696 419 usque
1729 379 1916 419 maguum

105 427 201 482 quid
229 428 272 470 in
301 426 436 470 Marte
465 434 508 469 et
533 429 695 470 Venere
724 428 872 477 intulit,
893 426 933 479 1’)
962 439 1128 480 quorum
1161 427 1485 468 eccentricitates
1516 438 1606 466 cum
1637 430 1818 466 mutatae
1848 425 1913 466 vi-

105 487 295 536 deantur,
332 487 426 541 quid
455 488 732 528 Ptolemaeum
769 486 965 528 dicturum
994 486 1147 538 putas?
1207 485 1409 538 Numquid
1442 497 1595 525 rursum
1626 496 1751 524 novos
1783 484 1916 526 circu-

105 546 169 587 108
198 546 240 588 111
270 550 491 587 ceterorum
522 545 719 586 1061111301
750 546 908 586 turbam
940 545 1170 594 ascisceret,
1203 545 1238 585 si
1268 544 1455 584 viveret?
1488 543 1630 597 quibus
1662 543 1844 584 omnibus
1874 543 1915 583 in

106 603 329 658 Copernico
359 617 458 658 opus
489 604 651 645 minime
682 611 758 646 est.
803 605 915 645 Haec
947 610 1011 645 tot
1041 610 1083 644 et
1112 610 1230 645 tauta
1249 603 1495 656 Copernicus
1528 615 1599 654 per
1630 602 1746 642 unius
1777 602 1912 643 circuli

67 709 84 715 N
105 662 180 705 AB
210 663 297 716 (63.
322 662 396 712 10)
426 663 665 716 positionem
697 669 740 704 et
764 670 916 704 motum
945 663 1172 716 praestitit:
1206 663 1308 704 unde
1343 662 1497 710 merito,
1532 661 1713 714 quamvis
1746 661 1914 713 exiguus

105 727 228 773 88881,
258 722 338 764 Ha
378 735 436 763 no
466 718 683 776 cognomen
706 723 830 764 dedit„
879 722 955 763 Hic
984 722 1136 775 primus
1168 728 1301 763 motus
1332 721 1444 762 coelo
1464 721 1602 761 Lunae
1634 733 1724 760 cum
1755 720 1914 760 Tellure

105 793 235 825 comm
289 794 326 823 18
400 787 447 823 11.

220 838 316 881 Jam
343 852 463 893 porro
494 840 840 890 1·ιί111>;·111118.1111111
871 839 1013 893 reliqui
1045 845 1176 880 motus
1195 839 1371 880 Telluris
1403 837 1697 891 81681301,ᾳηί
1728 837 1916 877 accidunt

104 898 211 940 intra
231 897 351 941 illum
380 899 518 940 Lunae
550 899 766 939 orbiculum
798 899 849 938 ad
882 898 936 939 A.
1227 916 1230 922 ·

223 956 432 999 Secundus
462 958 586 1011 igitur
614 962 747 998 motus
779 970 855 998 non
887 957 1034 1009 integri
1066 956 1188 1005 orbis,
1219 956 1293 996 sed
1324 955 1489 997 orbiculi
1522 954 1734 1001 coelestis,
1766 954 1912 994 Terrae

102 1015 266 1070 globum
294 1016 473 1070 proxime
504 1030 577 1058 ceu
606 1017 790 1058 nucleum
821 1016 1059 1057 includentis
1078 1019 1137 1064 ¹²),
1174 1015 1306 1056 tendit
1337 1015 1375 1055 in
1408 1014 1637 1067 oppositum
1667 1013 1718 1053 ab
1750 1018 1841 1053 ortu
1873 1013 1911 1053 in

103 1087 303 1125 occasun,
332 1075 499 1129 perinde
529 1081 574 1116 ut
602 1076 800 1129 epicyclia
830 1076 1091 1128 superiorum,
1123 1074 1267 1127 quibus
1299 1086 1434 1115 eorum
1460 1073 1742 1114 eccentricitas
1773 1073 1913 1112 salva-

104 1139 171 1176 tm·
199 1146 228 1175 a
253 1132 488 1187 Copernico.
538 1135 671 1187 Hujus
701 1147 834 1175 annua
863 1134 1150 1175 constitutione
1182 1134 1240 1179 fit,
1270 1139 1316 1173 ut
1346 1132 1654 1185 aequinoctialis
1685 1143 1845 1183 semper
1875 1131 1912 1170 in

104 1193 272 1235 eandem
301 1193 434 1234 mundi
466 1198 624 1246 partem
655 1193 844 1234 declinet.
904 1193 992 1234 Poli
1028 1194 1133 1233 enim
1170 1192 1476 1244 aequinoctialis
1514 1191 1600 1232 sive
1642 1190 1821 1242 corporis
1862 1190 1913 1230 ab

103 1252 220 1304 liujus
248 1253 355 1305 polis
383 1265 456 1305 per
486 1248 596 1306 23¹1,
623 1250 642 1272 ⁰
671 1252 838 1292 distant.
901 1250 981 1299 Qui
1012 1257 1145 1292 motus
1177 1264 1266 1291 81110
1302 1251 1480 1303 pauxillo
1511 1250 1687 1290 velocior
1717 1249 1772 1288 sit
1803 1254 1914 1288 motu

103 1323 233 1352 annuo
264 1311 374 1352 orbis
397 1311 542 1363 magni,
577 1311 676 1351 facit
701 1311 904 1351 sectiones
932 1311 1167 1351 circulorum
1198 1310 1284 1350 sive
1317 1309 1657 1362 aequinoctiorum
1689 1309 1780 1348 loca
1808 1320 1914 1359 pau-

105 1369 219 1411 latim
248 1369 288 1411 in
317 1370 605 1423 praecedentia
634 1370 798 1410 moveri.
819 1373 857 1416 ἱ)
919 1368 1054 1415 Quare
1095 1382 1167 1422 per
1203 1369 1307 1409 hunc
1346 1369 1532 1420 exiguum
1570 1367 1774 1420 globulum
1803 1366 1917 1406 cadit

101 1428 174 1470 illa
203 1434 445 1478 monstrosa,
475 1428 632 1481 ingens,
664 1427 836 1480 ἀναςρος
867 1442 971 1468 0003
1002 1428 1175 1481 sphaera
1205 1427 1568 1480 Alphonsinorum,
1601 1431 1646 1466 nt
1675 1426 1790 1477 cujus
1821 1425 1915 1465 offi-

102 1486 209 1528 cium
235 1487 278 1528 in
307 1486 420 1528 illum
451 1487 671 1528 orbiculum
702 1493 825 1527 antea
850 1487 1121 1528 necessarium
1154 1487 1393 1527 translatum
1426 1491 1501 1526 est.
1526 1483 1583 1532 ³¹)
1635 1484 1759 1526 Cadit
1791 1484 1915 1524 etiam
1956 1527 1960 1533 ,
1993 1519 1995 1522 ,

102 1551 236 1587 mouns
266 1545 529 1587 deferentium
559 1559 782 1600 apogaeum
815 1547 1010 1594 Veneris,
1051 1552 1095 1586 ut
1133 1546 1238 1599 quod
1269 1558 1347 1585 non
1380 1545 1500 1586 aliter
1530 1549 1730 1592 movetur,
1771 1543 1847 1583 nisi
1879 1543 1914 1582 si
1994 1550 2002 1586 ἰ

104 1605 207 1646 fixae
237 1605 387 1646 moveri
417 1610 662 1646 statuantur
1715 1624 1776 1656 ῃ,
1797 1624 1843 1651 12,

219 1663 382 1704 Tertius
411 1669 543 1704 motus
575 1669 639 1705 est
668 1665 847 1716 polorum
870 1663 979 1715 globi
998 1663 1172 1711 Terreni,
1192 1665 1227 1710 ¹)
1251 1668 1450 1702 constans
1471 1662 1624 1702 duabus

99 1721 396 1772 libmionibus,
429 1735 593 1776 quarum
616 1736 696 1763 una
726 1730 792 1763 est
822 1723 954 1763 altera
978 1723 1099 1775 duplo
1126 1721 1306 1766 celerior,
1339 1728 1381 1761 et
1411 1722 1462 1761 ad
1493 1726 1626 1761 rectos
1706 1767 1710 1779 Ι

104 1781 288 1834 angulos.
340 1781 383 1821 Is
414 1781 719 1822 administratur
748 1795 820 1834 per
850 1787 1021 1834 quatuor
1050 1781 1232 1830 circulos,
1267 1780 1326 1821 sic
1358 1785 1402 1820 ut
1434 1780 1513 1820 bini
1545 1781 1627 1820 cir·
1780 1798 1785 1831 g

104 1839 184 1881 culi
213 1839 396 1893 singulas
426 1840 663 1881 librationes
694 1841 864 1888 faciant,
907 1846 949 1880 et
985 1840 1220 1880 librationes
1251 1839 1364 1891 ipsae
1404 1839 1627 1890 permixtae
1692 1838 1700 1883 j

103 1898 280 1939 corollae
311 1899 485 1940 intortae
517 1899 691 1952 speciem
721 1899 962 1951 praebeant,
1003 1899 1042 1938 in
1080 1899 1181 1939 hunc
1213 1899 1372 1938 modum
1415 1898 1500 1949 (63.
1537 1896 1624 1945 12).
1691 1936 1693 1938 .

221 1957 314 1998 Una
343 1957 505 1998 libratio
535 1958 576 1998 in
607 1959 742 1999 coluro
768 1957 1031 1998 solstitiorum
1056 1958 1113 2005 fit,
1147 1963 1190 1997 et
1208 1958 1342 1997 salvat
1360 1956 1625 1996 variationem
1780 1953 1793 1984 Γ

103 2015 383 2057 declinationis
410 2017 564 2057 zodiaci
596 2030 685 2057 sero
709 2023 802 2069 post
826 2017 1049 2057 Ptolemaei
1081 2023 1263 2068 tempora
1282 2015 1623 2055 animadversam:
1696 2020 1700 2029 ‘

103 2074 188 2114 tale
219 2074 312 2127 quid
343 2080 387 2115 et
404 2075 638 2116 Ptolemaeo
670 2088 769 2128 opus
810 2076 953 2115 fuisset
984 2076 1220 2127 confingere,
1256 2082 1297 2114 et
1326 2074 1504 2114 nonnulli
1535 2087 1623 2114 mo-

25 2134 38 2158 “-
106 2133 231 2180 demi,
263 2133 471 2174 undecimo
500 2135 634 2174 mundi
666 2135 760 2174 orbe
786 2135 872 2186 jam
903 2135 1085 2182 conficto,
1119 2140 1325 2185 praestare
1354 2133 1487 2173 conati
1517 2138 1625 2173 81101,

220 2191 368 2232 Altera
385 2192 559 2241 libratio,
580 2206 681 2245 quae
701 2194 745 2233 61
764 2194 804 2232 10
823 2194 957 2233 801010
977 2193 1328 2244 aequinoctiorum,
1342 2193 1498 2232 *salvat
1515 2191 1770 2246 inaequalem
1788 2209 1910 2248 prae·
1972 2224 1976 2226 v
2024 2215 2028 2229 ι

58 2275 64 2279 -
103 2249 325 2290 cessionem
355 2251 704 2303 aequinoctiorum,
739 2257 783 2291 81
813 2251 993 2291 eliminat
1015 2258 1134 2291 octav
1137 2264 1185 2290 ae
1206 2251 1372 2290 68310111
1397 2252 1606 2302 sphaerae,
1641 2266 1741 2305 quae
1768 2254 1911 2295 ultima
1936 2250 1938 2252 ’
1995 2248 2006 2261 ”

103 2314 169 2349 881
198 2309 304 2361 apud
335 2307 621 2360 Copernicum,
659 2316 808 2349 motum
844 2309 1151 2367 trepidationis,
1191 2308 1326 2360 illique
1366 2309 1538 2361 quietem
1570 2323 1682 2351 suam
1715 2313 1908 2354 restituit.
2016 2335 2028 2362 Ἰ;

41 2386 45 2388 ἡ
104 2365 239 2420 Atque
269 2380 319 2407 ne
350 2374 392 2408 et
428 2367 492 2407 hie
531 2373 662 2408 motus
699 2368 848 2420 aliquid
884 2368 924 2408 in
962 2368 1108 2407 ceteris
1146 2367 1319 2407 motibus
1358 2368 1609 2418 foeneretur,
1654 2370 1763 2410 tollit
1806 2360 1927 2411 irre-J
2014 2362 2025 2390 ¹*

45 2446 48 2450 *
100 2425 356 2477 galai-itatem
401 2432 555 2471 11101118,
600 2439 719 2479 quam
757 2426 929 2466 omnium
971 2433 1127 2477 septem
1169 2426 1422 2477 planetarum
1464 2432 1508 2466 ut
1552 2434 1593 2471 et
1634 2422 1930 2480 31103380ωωὶ

43 2489 44 2492 ’
101 2488 233 2524 motus
261 2483 410 2525 habere
442 2485 674 2525 debuissent
718 2486 816 2532 (non
853 2484 939 2524 8108
971 2484 1190 2524 ministerio
1223 2484 1377 2536 aliquot
1414 2497 1489 2524 001
1493 2497 1606 2525 orum
1637 2487 1906 2537 circulorum),

60 2556 69 2560 ·
104 2541 199 2594 quia
226 2550 467 2595 compertum
501 2549 583 2592 est,
617 2556 754 2583 omnes
786 2548 917 2583 motus
950 2542 1173 2595 aequaliter
1203 2555 1275 2594 per
1304 2544 1405 2583 6838
1438 2544 1634 2585 incedere.

221 2600 400 2648 Quartus
431 2602 597 2655 denique
630 2607 760 2642 motus
792 2607 857 2641 est
886 2601 1012 2653 ipsius
1038 2601 1145 2652 globi
1165 2601 1328 2641 Terreni
1354 2607 1395 2641 et
1421 2602 1647 2643 circumfusi
1673 2604 1778 2643 aeris
1808 2615 1906 2655 pro·-

101 2660 227 2711 prius,
259 2659 378 2712 eujus*
399 2661 586 2712 periodus
612 2666 675 2700 est
702 2657 760 2701 24
780 2661 965 2700 horarum
997 2660 1035 2699 in
1069 2659 1236 2698 eandem
1269 2661 1402 2700 mundi
1433 2661 1595 2712 plagam
1626 2675 1716 2702 cum
1746 2664 1904 2711 ceteris,

103 2730 245 2770 nempe
275 2719 327 2759 ab
357 2731 504 2760 occasu
534 2721 573 2760 in
614 2726 768 2759 ortum:
813 2723 975 2770 propter
1012 2730 1128 2770 quem
1166 2724 1276 2757 totus
1314 2719 1483 2758 mundus
1520 2719 1695 2772 reliquus
1734 2721 1785 2761 ab
1816 2728 1906 2763 ortu

102 2775 143 2815 in
186 2788 370 2817 08838010
410 2778 710 2830 imperturbatis
748 2790 892 2829 magno
928 2777 1118 2816 miraculo
1157 2777 1329 2816 motibus
1367 2778 1553 2817 secundis
1591 2779 1686 2819 ferri
1724 2786 1903 2833 putatur.

104 2833 229 2875 Cadit
256 2835 378 2887 131101
408 2837 479 2876 1113
508 2837 795 2877 incredibiliter
825 2836 910 2875 alta
940 2841 983 2875 et
1011 2836 1151 2886 pernix
1182 2836 1337 2875 decima
1368 2837 1542 2887 sphaera
1568 2851 1763 2894 ωαςροξ,
1793 2841 1904 2892 cujus

103 2899 148 2933 81
175 2893 300 2934 totius
330 2895 464 2934 mundi
494 2901 612 2935 tanta
642 2901 753 2936 esset
785 2896 821 2934 in
843 2895 1081 2943 Ptolemaeo
1091 2894 1333 2950 pernicitas
1369 2900 1413 2934 ut
1443 2907 1519 2945 000
1550 2895 1660 2936 nictu
1690 2898 1794 2938 08011
1826 2898 1904 2938 ali-

105 2957 203 3004 quot
231 2952 358 2992 millia
374 2954 600 2994 milliarium
621 2955 852 3005 transirent
850 2941 970 2992 ⁴Ac
993 2964 1142 3004 quaeso
1174 2959 1227 2999 te,
1260 2953 1311 2992 311
1336 2939 1536 2993 tabellam
1568 2945 1901 3024 (l'll'J—Tsespicizjis³

8 2987 11 3003 ³
57 2998 70 3059 ’ᾗ
106 3000 806 3064 W
763 3026 783 3051 c
816 3016 988 3056 nostra,
1011 3011 1060 3048 de
1092 3011 1203 3062 cujus
1234 3017 1343 3051 motu
1375 3012 1619 3064 disputatur,
1659 3015 1789 3067 exigui
1821 3016 1902 3055 cir-

106 3069 199 3111 ceni
229 3069 397 3111 Lunaris
434 3071 485 3111 ad
518 3071 553 3110 A
587 3071 922 3125 septuagesimam
953 3069 1020 3109 vix
1051 3069 1206 3109 demum
1236 3077 1392 3123 partem
1424 3071 1606 3113 diametri
1637 3080 1810 3127 aequet:
1853 3075 1902 3114 ab

1977 1364 1988 1418 1
