2028 3242
900 98 1011 140 com
1032 97 1140 131 xvn.
1849 94 1930 137 163

125 200 379 241 nihilominus
410 214 485 254 ego
518 215 595 242 non
628 203 793 252 dubito,
839 203 931 257 quin
970 208 1130 252 creator
1160 202 1212 242 ad
1242 202 1395 253 figurae
1425 202 1539 253 hujus
1569 201 1859 254 praescriptum
1891 201 1930 240 in

126 258 300 300 motibus
330 259 530 301 Mercurio
561 262 784 302 tribuendis
814 262 1056 314 respexerat:
1113 259 1205 308 Quo
1236 260 1407 300 divinior
1436 259 1566 312 magis
1597 260 1804 313 magisque
1835 260 1932 300 mihi
1955 277 1986 311 με

124 322 167 357 et
197 319 446 359 astronomia
475 325 518 359 et
549 318 760 373 Coperuici
790 319 943 373 placita
974 326 1017 360 et
1045 319 1147 360 haec
1178 318 1268 375 ipsa
1298 317 1326 359 5
1358 331 1528 371 corpora
1558 318 1755 360 videntur.
1960 318 1989 334 “

242 374 452 423 Quaerant
483 378 564 427 alii,
597 378 663 431 qui
693 379 903 428 voluerint,
936 383 1160 419 ceterarum
1185 377 1307 417 etiam
1331 377 1680 417 eccentricitatum
1705 390 1851 418 causas
1882 390 1932 417 ex
2004 386 2009 389 “

125 435 210 476 suis
241 447 419 489 quasque
450 438 697 490 corporibus,
742 435 843 478 Cum
874 438 980 478 enim
1010 449 1138 489 neque
1167 435 1246 476 hae
1277 435 1594 476 exorbitationes
1619 450 1644 476 a
1662 436 1749 476 Deo
1781 443 1933 476 temere

123 500 167 535 et
198 493 283 537 sine
314 507 440 537 causa
473 501 615 537 tantae
650 496 819 549 singulis
855 496 1033 549 planetis
1074 495 1254 536 indultae
1297 495 1407 535 sint:
1451 507 1528 535 non
1574 494 1827 546 desperanda
1869 502 1934 534 est

123 565 251 607 noque
282 552 424 601 haram
451 566 664 597 causarum
692 555 967 607 investigatio.
987 557 1025 602 ⁶)

119 654 132 658 ,
238 610 378 661 Petne,
410 618 456 654 ιιι
476 614 655 655 varietas
673 614 862 655 Mercurii
888 614 940 655 ad
971 612 1189 655 oetaedron
1221 611 1559 658 accommodetur,
1591 611 1650 651 sic
1682 612 1747 664 agi
1779 619 1932 664 posset.

122 668 360 713 Sumeretnr
385 674 590 725 proportio
621 678 795 714 eccentr.
829 677 856 723 Q
889 673 940 714 ad
973 670 1209 713 distantiam
1240 669 1415 710 mediam
1453 683 1478 710 a
1509 667 1563 720 Θ
1605 682 1677 722 pro
1718 677 1849 718 certa,
1891 677 1935 710 ut

121 730 217 782 qnia
243 729 285 771 in
316 727 539 783 Copemieo
576 732 772 773 distantia
809 732 936 779 (sicut
965 731 1080 772 vides
1109 729 1150 770 in
1182 729 1391 770 schemate
1422 726 1480 769 23
1511 735 1554 768 et
1584 727 1662 776 24)
1700 729 1935 781 longissima

103 794 189 830 -mt
215 785 330 837 488.
372 789 613 831 brevissima
643 788 754 840 231,
796 791 931 831 media
965 790 1090 842 igitur
1118 788 1197 829 erit
1227 785 1342 834 360,
1385 793 1429 827 et
1465 787 1672 828 crassities
1713 794 1802 828 tota
1831 785 1932 829 257.

122 846 238 890 Hm
260 847 348 899 jam
375 849 588 890 crassities
618 849 887 902 corrigeretur
923 845 1302 901 proportionaliter,
1345 852 1391 886 ιιι
1427 846 1521 898 quia
1550 847 1723 887 circulus
1755 847 1934 887 octaedri

122 918 195 959 μ·
223 903 336 956 488,
363 919 528 948 numero
560 907 803 960 Copernici‚
842 908 1013 960 largitur
1042 919 1119 948 non
1151 906 1241 958 plus
1271 902 1377 953 474,
1419 917 1515 956 ergo
1545 906 1754 946 crassities
1786 906 1863 947 erit
1894 905 1932 944 in

100 964 199 1007 alno
232 965 492 1019 proportione
523 965 636 1016 250,
680 973 724 1007 et
763 967 895 1008 media
931 972 1113 1007 correcta
1149 964 1345 1006 distantia
1382 961 1483 1005 349.
1545 964 1640 1004 Jam
1676 964 1794 1013 vide,
1841 963 1934 1017 quid

120 1023 231 1066 orbis
260 1025 301 1065 in
331 1025 524 1067 oouedro
555 1026 759 1075 admittat,
790 1026 949 1067 scilicet
973 1023 1075 1067 387.
1125 1023 1365 1064 Differentia
1394 1023 1516 1074 igitur
1547 1023 1653 1063 iuter
1679 1020 1778 1072 387,
1812 1023 1932 1064 altis-

121 1082 264 1125 simam
294 1082 402 1124 orbis
419 1090 477 1125 et
506 1081 592 1126 349
628 1085 828 1132 mediam,
870 1090 936 1125 est
966 1081 1048 1130 38,
1093 1090 1134 1125 et
1175 1082 1338 1135 duplum
1369 1080 1452 1130 76,
1494 1081 1703 1122 crassities
1741 1082 1850 1122 orbis
1881 1082 1933 1122 ad

119 1141 280 1184 modun
309 1147 558 1193 ceterorum,
598 1144 727 1196 major
757 1144 917 1196 quidem
948 1142 1078 1183 adhuc
1108 1154 1228 1195 quam
1259 1141 1457 1189 Veneris,
1496 1140 1567 1180 sed
1598 1146 1733 1181 tamen
1766 1153 1844 1181 non
1875 1141 1935 1181 ita

121 1199 320 1243 ius-inis.
374 1201 549 1255 Reliqua
577 1203 804 1243 differentia
833 1202 942 1242 inter
971 1201 1211 1256 altissimam
1241 1199 1350 1240 orbis
1387 1198 1472 1241 387
1506 1204 1549 1239 et
1578 1199 1819 1246 altissimam
1850 1199 1932 1240 cir-

120 1259 202 1302 eali
227 1255 339 1308 4⁷4,
377 1272 480 1312 quae
511 1266 579 1301 est
606 1259 683 1310 87,
723 1261 894 1302 debetur
927 1260 1121 1312 peculiari
1152 1258 1436 1299 exorbitationi
1468 1258 1673 1298 Mercurii.
1733 1258 1822 1298 Hoc
1855 1257 1929 1299 ἑπι-

118 1332 284 1372 m
312 1330 365 1360 au
396 1318 675 1387 abjiciendum,
706 1333 757 1361 an
788 1319 1081 1361 conciliandum
1111 1330 1200 1362 cum
1230 1314 1417 1367 ὑποθετῳ
1450 1317 1578 1357 forma
1608 1322 1786 1358 motuum
1815 1317 1856 1357 in
1888 1319 1928 1367 ζὲ,

118 1389 171 1419 ιιι
208 1389 317 1419 nova
349 1383 528 1419 motuum
565 1378 668 1420 ratio
713 1378 1019 1426 constituenda,
1063 1376 1319 1418 considerent
1362 1375 1552 1416 artifices.
1614 1375 1700 1415 Nec
1733 1375 1837 1416 enim
1869 1375 1931 1418 ita

119 1436 438 1489 Ιιοιιοοηιοηιι
456 1444 551 1478 sunt
568 1450 722 1479 errores
741 1438 860 1490 hujus
885 1436 1042 1485 sideris,
1076 1442 1122 1476 ιιι
1150 1435 1238 1486 ejus
1269 1435 1377 1476 orbis
1408 1434 1759 1482 correctionenon
1793 1439 1925 1487 egeat.

579 1554 639 1595 IN
671 1553 858 1596 CAPUT
887 1553 1150 1595 DECIMUM
1180 1550 1468 1593 SEPTIMUM

820 1634 972 1667 Korn:
998 1632 1233 1667 Aucroms.

87 1743 92 1745 ,
226 1702 271 1751 a)
299 1706 419 1749 Quale
458 1706 508 1742 sit
535 1706 643 1747 illud,
685 1708 779 1753 quod
821 1706 979 1742 artifices
1018 1706 1257 1752 peculiariter
1297 1706 1508 1741 adscribunt
1542 1707 1742 1749 Mercurio,
1792 1707 1927 1743 rectius

109 1763 226 1810 'petes
272 1770 324 1794 ex
360 1758 574 1795 Ptolemaeo
614 1760 710 1805 ipso,
758 1770 878 1805 exque
905 1759 1114 1795 ‘Purbaehii
1152 1763 1191 1794 et
1229 1759 1417 1794 Maestlini
1457 1759 1660 1795 Theoricis:
1685 1756 1734 1805 ⁵⁸)
1774 1761 1928 1807 denique

58 1848 67 1856 ‚
120 1813 297 1864 quomodo
328 1811 549 1858 Copernicus
589 1813 678 1847 illud
719 1813 854 1858 duplici
890 1813 953 1847 via
993 1812 1095 1858 (quia
1132 1812 1201 1847 sibi
1240 1812 1320 1858 ipse
1360 1824 1431 1847 non
1460 1811 1659 1857 satisfecit)
1700 1813 1736 1848 in
1777 1814 1928 1848 formam

121 1874 267 1901 suarum
293 1865 554 1911 hypothesium
580 1866 833 1906 transtulerit,
876 1877 916 1900 se
944 1866 1062 1920 ipsum
1089 1869 1215 1900 tamen
1251 1865 1471 1906 confuderit,
1513 1865 1598 1911 plus
1639 1866 1776 1913 aliquid
1818 1877 1928 1912 prae-

121 1921 226 1954 stam
275 1916 358 1964 (per
396 1929 482 1953 suos
521 1923 641 1954 motus
686 1918 986 1965 triangulationis
1035 1918 1192 1964 alicujus
1238 1915 1421 1964 aemulos)
1448 1929 1571 1964 quam
1619 1931 1669 1954 ex
1712 1920 1927 1955 Ptolemaeo

120 1970 193 2006 sihi
225 1976 470 2018 proposuerat
506 1972 796 2018 exprimendum:
838 1972 874 2007 id
909 1977 1028 2007 totum
1062 1983 1130 2006 nec
1157 1973 1249 2006 adeo
1282 1971 1527 2006 necessarium
1560 1976 1619 2006 est
1646 1973 1715 2008 hoc
1750 1973 1832 2008 loco
1860 1985 1926 2007 ex·

41 2023 45 2031 '
119 2023 268 2070 ρΙιωι-ὶ,
307 2035 389 2060 mm
422 2024 471 2060 sit
503 2026 549 2061 de
585 2025 815 2070 opinionibus
842 2025 1042 2065 hominum,
1080 2036 1153 2059 non
1180 2025 1225 2058 de
1252 2024 1411 2060 veritate
1437 2035 1576 2065 rerum;
1617 2030 1657 2060 et
1682 2026 1715 2060 si
1742 2027 1827 2071 quid
1853 2026 1925 2060 uti·

120 2076 210 2122 hier
235 2077 306 2113 diei
331 2081 476 2123 potest,
517 2078 653 2112 rectius
681 2078 855 2114 aliorsum
882 2078 1060 2123 rejicitur.
1117 2078 1158 2112 In
1184 2080 1225 2112 re
1253 2078 1360 2119 enim,
1388 2077 1459 2112 hoc
1486 2083 1562 2119 est,
1601 2080 1694 2124 quod
1721 2079 1924 2114 Mercurius

123 2129 217 2165 facit
242 2141 424 2166 enormem
462 2130 772 2166 eccentricitatem
807 2131 934 2166 circuli
962 2130 1018 2165 sui
1057 2141 1080 2165 a
1107 2130 1210 2171 Sole,
1252 2142 1358 2176 quem
1386 2130 1560 2166 circulum
1585 2131 1820 2167 Ptolemaeus
1848 2133 1924 2178 epi-

122 2182 283 2228 cyclum,
312 2193 384 2229 ego
412 2182 651 2218 ecceutricum
679 2184 775 2224 dieo,
805 2185 972 2230 quodque
999 2183 1036 2218 in
1064 2183 1128 2217 illo
1157 2182 1269 2218 etiam
1296 2183 1498 2218 eccentrico
1526 2189 1693 2219 movetur
1719 2185 1924 2232 inaequali·

121 2239 191 2278 ter,
219 2236 267 2270 ad
293 2234 564 2280 proportionem
591 2236 887 2271 eccentricitatis.
942 2237 1003 2271 Ex
1029 2236 1087 2270 his
1116 2235 1302 2281 principiis
1331 2240 1370 2271 et
1397 2248 1446 2271 ex
1472 2236 1746 2273 eccentricitate
1766 2238 1924 2273 Telluris

122 2289 299 2334 quomodo
339 2287 498 2322 conflata
536 2287 586 2322 sit
622 2289 824 2333 phantasia
851 2289 918 2323 illa
944 2288 1098 2334 duplicis
1139 2289 1177 2323 in
1202 2288 1384 2323 Mercurio
1423 2288 1610 2335 perigaei,
1652 2294 1690 2325 et
1724 2291 1777 2325 sic
1804 2296 1923 2325 motus

9 2359 29 2389 *24*
47 2363 54 2371 »
122 2341 228 2386 quasi
254 2339 514 2387 triangularis:
555 2340 591 2375 id
618 2341 867 2386 explicabitur
893 2341 929 2375 in
957 2341 1267 2376 demonstratione
1296 2346 1458 2375 motuum
1484 2341 1676 2383 Mei-curm
1717 2355 1785 2377 nec
1810 2344 1923 2389 plane

10 2391 43 2437 Ἥ
118 2397 316 2439 praetereo
345 2393 520 2428 susurnam
546 2393 601 2427 rei
629 2393 666 2428 in
692 2394 794 2439 Epit.
821 2396 922 2428 Astr.
951 2394 1015 2428 lib.
1044 2395 1107 2428 VI.
1163 2394 1305 2428 Sufficit
1331 2394 1401 2428 hoc
1428 2394 1508 2428 loco
1535 2394 1625 2428 illud
1653 2406 1815 2436 monere,
1850 2407 1923 2430 nou

47 2440 59 2470 '³
121 2457 208 2482 esse
245 2445 357 2491 hujus
399 2445 673 2492 singularitatis
699 2446 928 2481 Mercurialis
958 2456 1107 2482 oausam
1135 2446 1296 2492 aliquam
1338 2446 1614 2492 archetypicam
1655 2459 1704 2482 ex
1733 2450 1919 2489 octaedrm

23 2503 70 2522 '³'
122 2509 240 2545 eoque
265 2499 400 2535 falsam
425 2499 535 2543 hujus
564 2499 695 2544 capitis
723 2499 967 2544 hypothesin:
1002 2499 1303 2542 jucundissimam
1342 2503 1465 2533 tamen
1493 2500 1783 2536 recordationem
1810 2501 1920 2545 hujus

47 2583 48 2587 ,
120 2551 409 2598 epichirematis,
447 2557 491 2587 ut
516 2556 716 2597 appareat,
753 2552 883 2597 quibus
910 2551 1144 2598 ignorantiae
1171 2552 1349 2598 gradibus
1381 2553 1425 2600 ad
1455 2553 1701 2588 astronomiae
1729 2554 1920 2588 scientiam

48 2640 49 2645 ,
121 2608 164 2640 et
188 2604 487 2640 constitutionem
513 2605 747 2640 ascenderim.

226 2655 267 2700 b)
295 2657 422 2703 Neque
449 2657 519 2692 hoc
545 2658 776 2703 undiquaque
805 2657 857 2691 sic
883 2657 1016 2691 habet:
1059 2656 1208 2691 Saturni
1235 2657 1376 2702 quidem
1405 2668 1494 2692 vera
1522 2658 1775 2693 eccentricitas
1805 2658 1923 2723 major

19 2691 23 2699 “
54 2701 55 2704 Ἴ
106 2701 181 2745 'est
205 2706 358 2752 Joviali,
386 2710 486 2745 Jovis
513 2722 600 2745 vero
628 2711 743 2746 multo
770 2710 886 2744 minor
910 2708 1077 2744 Martiali
1103 2709 1277 2744 inferiori.

227 2760 262 2805 e)
289 2763 404 2798 Nemo
444 2763 588 2805 extitit,
630 2763 691 2809 qui
719 2766 925 2809 quaereret.
982 2762 1157 2802 Quaerite
1197 2767 1236 2796 et
1275 2762 1480 2797 invenietis.
1538 2763 1728 2804 Quaesivi,
1770 2768 1809 2799 et
1835 2776 1920 2799 ecce

4 2831 8 2841 v*
35 2834 39 2858 3
55 2830 66 2857 ς
123 2813 256 2857 inveni,
284 2815 347 2851 lib.
376 2816 421 2851 V.
449 2816 764 2857 Harmonicorum,
796 2825 925 2850 causas
952 2815 1304 2860 praestantissimas.
1360 2816 1462 2849 Adeo
1490 2815 1625 2850 bonum
1652 2820 1692 2851 et
1717 2817 1824 2852 fidum
1852 2817 1922 2852 hoc

64 2866 68 2906 J
123 2877 229 2902 nmen
259 2868 352 2903 fuit:
388 2868 485 2904 Non
513 2869 778 2914 desperare:
817 2869 908 2903 adeo
935 2867 1080 2913 pollens
1109 2872 1148 2902 et
1174 2878 1387 2914 praegnans
1416 2868 1565 2902 axioma
1597 2868 1656 2903 hic
1683 2875 1919 2916 usurpatum:

14 2922 71 2952 ι’·
122 2919 258 2956 Nihil
284 2931 309 2956 a
333 2921 432 2956 Deo
458 2925 634 2957 temere
662 2921 979 2957 constitutum.

907 3071 1134 3079 ———

1561 3158 1639 3191 11*
