2028 3242
123 71 208 114 302
689 59 822 102 Literae
847 70 983 112 Kepleri
1008 71 1208 112 aliorumque
1231 75 1367 104 mutuae

122 176 336 214 commodam,
362 178 400 206 ut
422 175 515 207 initio
539 175 656 207 harum
680 175 848 207 literarum
873 175 1017 210 memini.
1045 175 1212 217 obtigisse.
1263 174 1386 217 Scripsi
1412 175 1455 208 ad
1478 175 1666 219 Principem
1688 187 1775 220 quae
1798 181 1837 210 tu
1859 187 1930 210 mo-

120 224 219 254 nuisti
244 226 277 254 et
301 231 385 263 quae
411 231 472 264 ego
498 223 628 254 omnino
653 222 827 254 scribenda
850 222 937 254 duxi.
990 221 1126 255 Summa
1160 225 1249 254 erat:
1291 222 1425 265 globum
1458 224 1566 256 minus
1595 226 1720 265 justum
1750 234 1814 257 nec
1847 225 1930 257 satis

122 270 308 305 artificiose,
334 269 387 310 qui
413 270 520 301 futuro
546 269 634 310 operi
659 270 857 310 respondere
874 270 988 310 possit,
1016 269 1202 301 confectum
1220 278 1303 301 esse.
1355 268 1531 303 Stellarum
1556 274 1590 303 et
1605 272 1787 315 imaginum
1803 271 1927 314 figuras

120 326 184 348 non
209 317 293 348 bene
315 325 354 347 se
379 315 520 353 habere;
545 317 632 348 uude
658 318 841 358 quicunque
865 317 1003 358 primum
1031 316 1235 357 adspexerit,
1262 317 1382 348 nullius
1407 319 1566 350 momenti
1589 322 1695 351 totum
1719 329 1800 360 opus
1825 319 1928 351 aesti-

121 364 235 400 mabit,
263 362 405 395 offensus
431 373 476 395 sc.
494 364 596 404 primo
621 364 755 400 intuitu,
781 373 822 395 ex
847 365 941 404 cujus
960 364 1165 404 apparitione
1191 363 1232 395 de
1250 365 1368 396 ceteris
1393 365 1454 406 ipsi
1478 364 1537 397 fiet
1557 365 1728 406 judicium.
1777 365 1814 398 Si
1837 376 1870 397 n.
1897 366 1932 402 ia

120 411 268 452 parergis
293 420 360 442 nou
383 410 479 442 modo
505 410 597 442 nulla
621 411 805 453 elegantia,
833 411 891 443 sed
915 412 1067 452 ingentes
1093 412 1190 442 naevi
1214 412 1298 448 sint,
1334 411 1411 452 quid
1437 411 1477 443 de
1501 413 1571 454 ipso
1597 407 1698 455 ἔργῳ
1720 413 1931 446 sentiendum

121 456 273 500 putabit?
300 456 360 489 dte.
409 458 531 489 Addidi
556 462 678 495 autem,
703 463 748 498 te,
775 459 802 489 si
827 459 886 490 tibi
904 459 999 499 copia
1022 457 1126 495 fieret,
1154 468 1219 489 non
1244 458 1339 490 modo
1365 460 1533 500 promissa,
1560 460 1620 492 sed
1644 460 1810 501 promissis
1833 460 1929 502 plura

121 509 291 546 praestare
317 504 399 536 velle
424 505 631 546 promisisse,
657 514 742 547 quae
768 509 881 537 tamen
915 506 1032 536 absens
1058 514 1125 536 non
1149 506 1252 546 possis
1278 504 1337 537 διο.
1387 505 1445 538 Me
1471 516 1548 548 ergo
1575 506 1660 539 Cels.
1687 507 1787 548 ipsius
1811 506 1928 540 bumil-

119 552 194 584 lime
220 553 443 589 committere,
482 557 591 584 utrum
625 552 668 584 ad
692 552 928 594 perficiendum
963 552 997 583 id
1022 561 1101 592 opus
1127 562 1193 584 non
1219 553 1397 584 consultius
1419 554 1563 594 judicet,
1601 557 1640 587 ut
1663 563 1760 586 omne
1790 553 1826 586 id
1849 557 1931 586 tuae

120 600 280 640 potestati
306 599 524 631 conci-edatur
549 598 608 631 &c-
637 617 680 623 —
707 599 838 631 Literas
863 603 938 631 tuas
962 599 1186 631 lubentissime
1218 601 1396 639 misissem,
1436 601 1496 633 sed
1526 606 1565 633 ut
1594 601 1748 642 superiori
1784 604 1931 643 tempore

120 647 253 687 scripsi,
284 647 471 687 personalia
494 647 552 678 illa
575 656 628 678 me
654 646 888 687 impedierunt,
929 656 991 678 nec
1016 646 1146 687 quidem
1170 646 1228 678 illa
1252 651 1322 679 tam
1346 647 1464 685 facile,
1495 652 1534 680 ut
1556 658 1645 680 nunc
1671 649 1738 686 ais,
1765 647 1931 680 obliterari

121 695 325 734 potuissent3
364 693 459 734 plura
483 704 516 725 n.
543 698 621 725 sunt
652 698 685 725 et
709 693 786 725 hinc
811 694 886 726 inde
912 693 1069 734 dispersa.
1119 693 1187 726 Sed
1219 703 1271 726 res
1302 694 1387 726 bene
1419 694 1532 728 habet.
1581 695 1655 728 Hoc
1680 705 1713 727 n.
1741 704 1931 737 responsum

119 745 193 781 post
217 741 325 782 plures
350 740 573 773 hebdomadas
599 741 724 782 accepi,
750 741 836 782 quod
861 741 904 772 ad
929 741 1062 772 verbum
1088 741 1272 773 describere
1297 741 1395 773 volui.

248 822 345 854 Von
387 823 554 855 Gottes
596 823 790 855 Gnaden
830 822 1102 854 Friederich
1142 821 1325 865 Herzog
1365 832 1418 854 zu
1456 823 1795 866 Wiirtemberg.

413 869 597 901 ·Vnsern
628 870 732 902 Grus
759 879 885 902 zuvor
910 869 1107 901 Ersamer
1133 869 1210 901 vnd
1235 869 1380 902 lieber
1405 869 1632 902 Getrewer.

210 928 280 960 Wir
311 929 422 960 haben
457 938 564 960 ewern
605 928 864 970 vnderthiinigen
901 928 1038 961 Bericht
1071 938 1186 970 wegen
1222 928 1280 960 des
1312 939 1375 961 von
1406 929 1453 961 Μ.
1489 930 1521 962 J,
1552 929 1718 972 Kepplero
1750 929 1930 972 professore

115 976 359 1008 Mathematum
397 986 438 1007 zu
473 976 594 1007 Graetz
632 977 871 1018 angegebnen,
914 976 994 1008 aber
1026 986 1098 1008 vom
1131 975 1363 1008 Goldschmied
1399 977 1449 1008 nit
1481 979 1552 1018 just
1582 977 1794 1020 verfertigteu
1825 978 1930 1019 operis

117 1024 352 1062 Astronomici,
392 1023 471 1055 alles
496 1023 618 1054 inhalts
643 1023 709 1054 vnd
733 1023 918 1055 sonderlich
943 1023 1064 1056 daraus
1089 1023 1214 1065 gnadig
1239 1033 1461 1060 vernommen,
1497 1034 1566 1056 was
1592 1024 1677 1056 euch
1700 1025 1856 1066 besagter
1880 1023 1927 1056 M.

118 1070 264 1112 Keppler
296 1071 379 1103 eben
405 1070 454 1102 dis
479 1070 603 1102 wercks
627 1070 749 1103 halben
774 1070 839 1102 vnd
863 1072 925 1102 wie
951 1071 995 1102 Er
1020 1071 1079 1103 das
1105 1070 1301 1112 verfertigen
1317 1071 1411 1103 welle
1437 1071 1704 1114 zugeschrieben.
1753 1070 1833 1103 Vnd
1855 1071 1930 1104 weil

118 1119 175 1149 wir
199 1127 257 1149 vus
291 1118 377 1150 noch
402 1119 452 1149 nit
477 1117 654 1160 allerdiugs
681 1127 740 1149 aus
767 1117 894 1150 solcher
918 1119 989 1149 sein
1013 1118 1172 1159 Keppleri
1197 1118 1355 1160 meinung
1380 1118 1603 1151 vnterrichten
1628 1119 1773 1154 klinnen
1799 1119 1844 1150 ist
1867 1129 1926 1151 vn—

117 1175 169 1197 ser
193 1165 355 1207 gnadiger
378 1164 616 1202 Bevelch,1r
640 1165 751 1197 wellet
775 1165 843 1197 Ime
876 1165 1013 1197 darumb
1051 1165 1265 1198 zuschreiben
1302 1166 1367 1197 vnd
1398 1166 1495 1198 einen
1528 1166 1769 1207 specificierteu
1793 1165 1929 1199 Bericht

116 1212 275 1266 begeren,
314 1222 381 1244 was
407 1212 472 1244 vnd
495 1213 556 1244 wie
582 1212 626 1244 Er
657 1213 707 1244 dis
732 1211 833 1243 Werk
865 1213 957 1244 recht
992 1212 1207 1244 anzurichten
1232 1212 1432 1250 vorhaben8‚
1471 1213 1558 1246 auch
1581 1213 1706 1246 welche
1730 1217 1839 1245 motus
1863 1212 1928 1245 vnd

115 1260 175 1291 wie
202 1269 237 1292 er
261 1259 402 1291 dieselbe
428 1259 542 1291 darein
566 1260 705 1301 bringeri
729 1259 1034 1292 wollo.A1sdann
1059 1259 1235 1302 gedeuken
1259 1260 1317 1291 wir
1340 1270 1399 1292 vns
1425 1253 1533 1293 ferner
1557 1270 1599 1292 zu
1620 1260 1825 1293 resolviereu.

258 1306 384 1338 Datum
411 1306 562 1349 Stutgart
586 1306 618 1338 d.
646 1304 701 1338 18.
729 1307 860 1348 Aprilis.
1337 1307 1480 1340 Balth.
1516 1307 1784 1350 Eisengrein.

210 1377 259 1408 Ex
284 1376 346 1408 hoc
370 1377 529 1408 mandato
555 1374 666 1417 (cujus
691 1377 792 1409 verba
816 1386 890 1408 cum
915 1371 1111 1417 scripserim,
1138 1386 1271 1409 sensum
1295 1381 1366 1409 tute
1391 1378 1560 1419 percipere
1583 1377 1693 1420 potes)
1721 1378 1834 1415 vides,
1859 1387 1929 1410 rem

119 1424 224 1455 denuo
250 1424 283 1455 in
309 1424 473 1465 integrum
498 1428 604 1456 totam
634 1425 822 1456 restitutam
855 1433 938 1455 esse.
990 1423 1209 1456 Occasionem
1241 1434 1318 1466 ergo
1350 1424 1453 1456 habes
1483 1425 1588 1458 telam
1618 1425 1662 1457 ab
1693 1426 1788 1457 initio
1821 1425 1928 1458 denuo

117 1471 224 1502 ordiri.
274 1470 377 1503 Vides
401 1476 525 1503 metum
551 1471 591 1503 de
617 1472 778 1503 sumtibus
803 1481 862 1503 nos
888 1470 1084 1508 declinasse,
1112 1475 1146 1504 et
1170 1481 1240 1503 rem
1265 1481 1396 1503 omnem
1421 1472 1505 1504 bene
1522 1472 1657 1505 habere.
1709 1472 1815 1504 Tuum
1839 1481 1928 1504 nune

117 1523 178 1554 est,
203 1521 241 1550 ut
265 1517 314 1549 his
340 1519 482 1550 monitus
506 1523 599 1550 tuam
625 1528 755 1550 omnem
779 1518 991 1555 senteutiam,
1017 1523 1163 1551 mentem
1189 1522 1223 1550 et
1247 1519 1391 1550 animum
1418 1519 1460 1551 de
1484 1520 1630 1556 invento,
1657 1519 1699 1551 de
1716 1519 1928 1561 dispositione

117 1566 250 1604 orbium,
278 1565 319 1598 de
344 1566 485 1597 motibus
511 1571 544 1598 et
568 1566 715 1607 inprimis
742 1566 782 1597 de
799 1565 895 1596 modo
912 1565 1113 1606 perficiendi,
1139 1565 1264 1597 indices
1291 1570 1324 1597 et
1342 1565 1501 1598 declares.
1551 1566 1625 1598 Hoc
1648 1576 1751 1598 unum
1775 1576 1866 1609 rogo,
1891 1570 1938 1598 ut-

115 1613 286 1654 perspicue
310 1613 343 1644 id
367 1622 541 1654 proponas,
567 1622 646 1644 nam
676 1623 750 1654 ego,
776 1617 815 1645 ut
838 1613 983 1654 ingenue
1013 1613 1133 1648 fatear,
1158 1623 1199 1644 ex
1225 1613 1370 1654 epistolis
1394 1614 1459 1644 tuis
1483 1617 1576 1645 tuam
1593 1617 1739 1646 mentem
1763 1614 1926 1646 sufficien-

117 1665 169 1691 ter
195 1661 325 1701 assequi
351 1670 415 1691 non
441 1670 584 1701 possum,
610 1661 726 1702 quibus
751 1661 903 1691 nimirum
927 1660 1031 1691 modis
1057 1660 1187 1692 efficere
1213 1661 1273 1691 tibi
1290 1661 1490 1701 propositum
1514 1662 1565 1692 sit
1618 1660 1742 1694 Verum
1765 1661 1824 1693 illa
1847 1664 1927 1692 tuae

117 1707 310 1748 prudentiae
336 1708 514 1744 committo,
541 1717 608 1738 non
626 1707 791 1744 dubitans,
818 1708 894 1748 quin
921 1708 1031 1738 omnia
1057 1708 1178 1748 optime
1204 1707 1447 1748 praemeditata
1469 1708 1530 1739 tibi
1556 1709 1632 1740 sint.

213 1753 290 1785 Jam
314 1754 512 1786 Maestlinus
538 1754 581 1786 ad
607 1755 867 1786 observationem
895 1756 1238 1796 computationemque
1257 1754 1416 1795 eclipseos
1436 1752 1478 1794 Θ
1505 1752 1642 1794 (Martio
1661 1752 1770 1795 1598)
1796 1754 1928 1791 transit,

119 1802 161 1833 ad
177 1799 330 1842 Opticam
347 1801 564 1833 referendam.
581 1816 626 1822 —-
643 1801 718 1833 Hae
735 1800 904 1832 Maestlini
921 1801 1037 1833 literae
1063 1801 1182 1833 desunt
1199 1802 1233 1833 in
1251 1801 1411 1834 Hanschii
1430 1802 1622 1834 collectione
1640 1800 1762 1844 (comp.
1779 1811 1812 1843 p.
1828 1799 1927 1840 ²13),

118 1858 239 1889 easque
265 1848 453 1880 Hanschius
479 1849 550 1880 sine
576 1849 672 1880 dubio
699 1848 903 1890 negligentia
926 1849 1128 1889 praeterivit,
1155 1859 1229 1880 cum
1257 1850 1299 1880 ab
1325 1849 1401 1880 aliis
1427 1849 1473 1880 M.
1501 1849 1603 1881 literis
1627 1853 1805 1891 separatae
1827 1849 1930 1880 insint

116 1895 216 1927 Mssc.
244 1895 374 1937 Petrop.
406 1895 479 1927 Vol.
506 1895 590 1932 XV,
629 1895 714 1937 quod
749 1895 849 1926 refert
886 1896 1054 1936 eclipsium
1089 1896 1342 1927 observationes.
1391 1895 1608 1928 Posteriorem
1638 1905 1753 1929 earum
1787 1899 1927 1938 partem,

118 1951 201 1984 quae
227 1943 359 1983 respicit
383 1943 572 1974 machinam
596 1943 733 1984 Kepleri
766 1942 958 1977 coelestem.
995 1951 1193 1984 quamquam
1226 1943 1347 1975 rectius
1381 1943 1424 1975 ad
1448 1952 1525 1986 pag.
1553 1941 1599 1974 88
1628 1942 1724 1983 hujus
1757 1943 1929 1975 voluminis

118 1989 301 2030 pertineat,
337 1990 554 2031 supplementi
585 1990 656 2022 loco
687 1990 740 2022 hic
771 1990 980 2021 inserendam
1007 1990 1211 2028 censuimus,
1248 1989 1332 2021 haec
1357 1990 1492 2031 insuper
1523 1994 1714 2029 monentes,
1754 1999 1816 2028 ea,
1843 1999 1928 2031 quae

116 2035 314 2067 Maestlinus
341 2037 472 2069 exhibet
506 2037 546 2068 de
571 2038 691 2078 scripto
717 2047 775 2069 suo
801 2037 844 2068 ad
869 2036 998 2068 Ducem
1024 2036 1246 2069 Friedericum
1279 2037 1357 2069 dato
1391 2037 1555 2078 pertinere
1581 2037 1625 2069 ad
1647 2046 1726 2080 pag.
1754 2035 1799 2067 77
1830 2045 1926 2078 prae·

115 2092 260 2115 missam.

212 2130 336 2162 Eodem
362 2130 440 2162 Mss.
468 2130 542 2161 Vol.
568 2130 640 2162 XV.
674 2130 767 2162 simul
802 2139 875 2161 cum
900 2130 1082 2170 praemissa
1108 2129 1207 2161 aliam
1241 2130 1513 2171 deprehendimus
1538 2129 1707 2162 Maestlini
1743 2129 1924 2171 epistolam,

119 2178 150 2209 d.
178 2178 208 2209 d.
236 2175 268 2208 9.
297 2176 352 2208 19.
372 2176 445 2209 Oct.
476 2176 583 2215 1600,
617 2179 697 2209 item
731 2178 772 2209 ab
801 2177 971 2208 Hanschio
1005 2177 1176 2212 omissam,
1213 2186 1311 2218 quam
1338 2178 1473 2209 diximus
1499 2186 1598 2219 supra
1629 2175 1677 2218 (p.
1707 2175 1768 2217 55)
1801 2177 1927 2210 deesse.

119 2224 239 2264 Quam,
265 2234 364 2266 quum
387 2225 532 2256 maxima
557 2235 595 2256 ex
620 2230 714 2266 parte
739 2225 850 2266 optica
873 2228 1012 2260 tractet,
1039 2224 1082 2255 ad
1108 2223 1182 2255 Vol.
1208 2224 1254 2255 11.
1279 2224 1513 2257 reservandam
1536 2225 1734 2257 censuimus.

213 2271 265 2303 Ad
290 2272 427 2312 Kepleri
452 2272 562 2304 literas
595 2273 626 2303 d.
655 2273 685 2303 d.
715 2271 767 2303 11.
795 2271 873 2303 Jun.
898 2271 1096 2303 Maestlinus
1132 2271 1300 2312 respondit
1334 2272 1364 2304 d.
1393 2270 1425 2303 4.
1455 2269 1508 2304 14.
1527 2271 1605 2303 Julii
1633 2269 1735 2303 1598.
1785 2271 1836 2303 Ex
1863 2270 1929 2304 hac

120 2319 330 2360 responsione
355 2319 440 2350 haec
465 2322 594 2351 tantum
619 2319 683 2351 huc
707 2321 895 2360 pertinent:
935 2318 1169 2350 Calamitatem
1195 2319 1411 2351 domesticam
1441 2322 1475 2351 te
1507 2319 1647 2351 eandem
1671 2328 1770 2360 quam
1793 2327 1846 2350 me
1871 2328 1928 2350 ex-

122 2371 250 2407 pertum
277 2376 316 2398 ex
342 2367 451 2398 animo
478 2367 646 2399 condoleo.
696 2363 769 2398 Ah!
813 2366 920 2405 Quam
945 2366 1099 2398 miseram
1124 2365 1244 2398 ducere
1271 2370 1399 2407 oportet
1422 2365 1542 2397 vitam!
1593 2365 1720 2405 Quibus
1743 2375 1806 2398 uos
1829 2366 1928 2398 beare

121 2414 247 2445 videtur
272 2419 412 2450 natura,
451 2423 492 2445 ea
517 2414 622 2445 denuo
649 2414 759 2455 eripit!
811 2413 902 2452 Quas
929 2413 1111 2455 singulares
1139 2422 1160 2444 a
1184 2413 1257 2445 Deo
1283 2413 1528 2446 benedictiones
1552 2422 1612 2445 nos
1638 2413 1806 2454 accepisse
1829 2417 1927 2454 puta-

120 2470 210 2497 mus,
250 2470 307 2492 eas
332 2461 402 2502 ipse
426 2471 582 2503 perquam
613 2471 713 2502 saepe
738 2462 790 2492 vix
814 2464 1015 2492 monstratas
1039 2470 1149 2492 rursus
1176 2460 1307 2492 adimit!
1359 2460 1425 2493 Sed
1449 2469 1603 2492 revocare
1627 2469 1682 2492 me
1705 2469 1844 2492 neeesse
1866 2459 1928 2492 haa-

118 2508 178 2538 beo
205 2512 238 2539 et
263 2509 387 2540 dicere·
430 2508 591 2540 Dominus
617 2509 724 2545 dedit,
763 2508 924 2540 Dominus
958 2507 1110 2545 abstulit,
1146 2508 1189 2539 sit
1219 2517 1338 2540 nomen
1364 2507 1498 2539 Domini
1531 2506 1751 2539 benedictum.
1802 2506 1836 2539 12
1861 2506 1927 2539 cle·

119 2559 246 2586 menter
270 2555 312 2586 ab
337 2556 410 2586 aliis
436 2556 680 2587 calamitatibus
706 2566 765 2587 nos
790 2559 953 2597 protegat.
1004 2556 1122 2586 Amen.

212 2602 287 2634 Hac
322 2603 452 2643 quidem
487 2603 626 2644 epistola
661 2603 858 2644 astrologica
891 2612 958 2633 non
995 2603 1122 2644 tangit,
1158 2605 1275 2643 postea
1307 2611 1382 2633 vero
1407 2600 1621 2638 Maestlinus,
1656 2601 1804 2657 quamvis
1838 2600 1929 2632 haud

123 2649 272 2681 addictus
299 2649 517 2692 astrologiae,
551 2655 667 2682 natam
691 2650 835 2691 Keplero
867 2650 1042 2681 renunciat
1072 2649 1206 2681 filiolam
1239 2647 1353 2688 (Junio
1377 2657 1491 2679 mense
1521 2645 1625 2687 1599)
1666 2649 1782 2688 „cnjus
1805 2649 1928 2689 primus

119 2696 153 2727 in
178 2696 265 2728 hunc
292 2696 448 2728 mundum
481 2702 634 2738 aspectus
668 2698 755 2729 hunc
781 2697 883 2734 coeli,
915 2697 1044 2728 utinam
1075 2696 1205 2728 felicem
1230 2700 1264 2727 et
1289 2705 1310 2727 a
1336 2694 1409 2727 Deo
1434 2695 1664 2732 benedictum,
1700 2696 1842 2736 positum
1866 2693 1927 2727 ha·-

118 2743 222 2774 buit.“
275 2744 412 2780 Them‘a,
438 2745 523 2785 quod
547 2745 598 2776 his
622 2746 741 2781 innuit,
768 2744 872 2779 deest.
897 2744 956 2775 sed
981 2743 1112 2785 qualem
1137 2753 1156 2775 e
1180 2743 1303 2775 nuntiis
1321 2741 1491 2774 Maestlini
1508 2743 1719 2774 nativitatem
1737 2746 1926 2774 construxe—

120 2790 161 2820 rit
187 2791 382 2832 astrologus,
405 2793 476 2831 jam
501 2792 569 2823 alia
594 2793 695 2824 etiam
720 2792 951 2832 superstitione
977 2794 1111 2831 captus,
1139 2800 1212 2822 cum
1236 2791 1342 2831 ipsum
1366 2793 1436 2820 tum
1461 2789 1615 2830 temporis
1639 2789 1812 2822 turbarent
1836 2788 1926 2821 caia·

120 2837 253 2870 mitates
277 2839 426 2879 privatae
450 2839 676 2881 publicaeque,
706 2849 746 2871 ex
769 2838 820 2870 his
844 2838 981 2880 Kepleri
1007 2842 1147 2879 apparet
1169 2838 1283 2874 literis,
1310 2836 1341 2868 d.
1368 2836 1399 2868 d.
1427 2833 1483 2868 29.
1509 2837 1595 2879 Aug.
1628 2834 1736 2868 ¹599:

945 2931 989 2972 S.
1053 2932 1098 2972 P.

238 3000 338 3039 Mihi
383 3014 559 3053 quoque,
592 3003 839 3054 Praeceptor
880 3002 1132 3052 charissime,
1182 3006 1398 3054 postquam
1441 3000 1580 3040 eadem
1625 3005 1756 3042 tecum
1793 2998 1928 3040 studia

121 3058 329 3110 proposuit
359 3060 527 3109 Uranie,
575 3061 715 3101 eadem
746 3067 928 3113 tempora
959 3061 1256 3115 puerperiorum
1289 3059 1554 3100 determinat:
1599 3065 1731 3115 atque·
1752 3072 1806 3100 ne·
1833 3058 1927 3099 olim
