2028 3242
136 97 222 145 668
681 119 694 126 ·
835 108 874 140 Ιιι
901 108 1012 150 Opera
1035 107 1243 150 Astrologica

256 209 316 251 48)
341 221 372 252 Ρ.
401 209 482 244 597.
533 213 750 246 Feselius:
779 237 786 245 .
814 238 822 246 .
851 236 858 245 .
885 214 1031 247 wiewohl
1056 214 1199 246 Basilius
1223 213 1367 257 Magnus
1392 213 1520 248 solches
1545 209 1658 256 (Arist
1676 216 1772 258 Phys.
1785 214 1880 254 VIII,
1908 213 1943 256 1)

136 258 228 290 nicht
254 259 431 302 allerdings
459 261 582 302 zugibt‚
609 260 652 293 da
678 271 712 293 er
737 262 769 293 in
788 261 974 294 Hexamero
992 262 1112 294 Homil.
1139 260 1170 293 3.
1198 261 1266 294 also
1292 262 1474 295 schreibet:
1507 262 1581 302 Quo
1606 263 1695 296 circa
1715 266 1827 296 terrae
1852 273 1943 296 exor-

136 306 226 337 natio
253 306 416 347 antiquior
441 311 492 339 est
511 307 598 344 Sole,
625 311 662 339 nt
687 309 739 349 qui
765 310 798 340 in
823 318 929 341 errore
955 313 1135 345 versantur,
1154 309 1263 341 Solem
1290 310 1428 342 adorare
1453 309 1616 347 desinant,
1641 311 1734 353 qnasi
1762 311 1791 342 is
1809 319 1944 343 cansam

135 354 223 384 vitae
249 353 409 393 praebeat
433 355 655 386 nascentibus.
704 356 746 387 Es
772 355 840 389 kan
866 357 944 388 aber
951 350 1066 388 sowol
1092 360 1254 400 angeregt
1279 357 1473 396 Aristotelis,
1501 357 1550 389 als
1576 357 1663 390 anch
1686 357 1746 390 (las
1771 357 1945 399 Zengnuss

136 400 275 432 Fernelii
301 411 340 433 ex
357 401 412 433 lib.
431 401 458 433 Ι.
486 402 526 433 de
552 402 671 434 abditis
696 412 803 435 rerum
829 405 936 436 causis
963 413 1035 445 cap.
1054 402 1076 434 8
1107 404 1257 436 ettlicher
1280 413 1412 437 massen
1438 404 1641 442 statthaben‚
1667 403 1852 437 sonderlich
1875 413 1946 436 was

135 457 169 478 er
193 458 256 479 von
282 448 339 480 der
363 448 475 480 Kraffl:
500 449 558 481 des
583 449 741 482 Himmels
767 450 929 483 schreibet
954 450 1013 483 dte.

252 493 311 535 49)
336 506 367 536 Ρ.
396 494 475 527 598.
526 495 719 539 Maginus
754 498 787 529 in
819 498 962 530 editione
986 498 1204 530 Ptolemai
1229 498 1459 540 Geographiae
1484 496 1585 538 (Ven.
1614 495 1723 538 1596)
1759 498 1821 530 sic:
1858 497 1947 531 Sunt

135 542 233 574 etiam
261 543 346 575 aliae
371 544 533 585 regiones,
560 553 644 585 qnae
668 554 789 587 magno
815 544 890 578 duci
917 543 1136 585 (Moscoviae)
1161 546 1303 588 vectigal
1330 546 1468 581 solvunt,
1500 546 1543 578 ad
1568 545 1823 587 septentrionem
1839 546 1944 582 sitae,

136 595 173 621 ut
199 590 343 626 obdura,
371 590 533 628 Condora,
563 590 587 623 C
602 592 821 624 ulomoria
846 596 880 624 et
905 592 1041 634 Loppia.
1069 607 1114 613 —-
1142 591 1251 631 Quam
1276 593 1356 625 dicit
1378 593 1526 625 fabulam
1549 592 1714 634 Keplerus
1738 593 1863 634 passim
1888 601 1945 625 oe-

136 639 236 669 currit
261 638 349 679 apud
373 638 546 679 scriptores
571 638 698 670 illorum
722 643 917 680 temporum.
944 640 1016 671 aliis
1041 639 1172 680 insuper
1195 640 1315 672 additis
1333 639 1452 672 fabulis
1470 639 1511 672 de
1527 640 1722 680 hominibus,
1751 638 1827 681 „qni
1844 649 1946 672 unum

133 689 262 717 tantum
288 685 416 717 oculum
439 685 566 717 babent
589 686 623 717 in
648 686 754 718 fronte
769 708 777 722 ‚
817 687 888 718 aliis
924 687 1044 719 aversis
1069 690 1143 728 post
1168 696 1264 719 crura.
1286 687 1430 729 plantis.
1467 687 1540 720 aliis
1574 688 1645 720 sine
1682 687 1810 720 cervice
1836 687 1946 720 oculos

132 733 166 763 in
191 732 334 764 humeris
359 732 590 764 habentibus.“
644 731 696 772 (P.
724 734 846 775 Apiani
873 731 1057 776 Cosmogr.)

252 783 312 825 50)
338 796 369 827 p.
398 783 477 817 602.
527 786 565 817 Ιιι
590 786 669 818 libro
688 786 746 818 IV.
769 786 1082 824 „Harmonicorum“
1108 786 1270 828 Keplerus
1297 787 1340 819 ad
1364 788 1606 830 quaestionem:
1632 782 1716 830 quid
1743 781 1860 829 igum-
1886 786 1947 817 est

133 835 239 874 illud,
282 835 375 879 quod
404 838 540 870 metam
567 835 673 880 ponit
714 846 862 869 numero
903 839 1147 880 aspectuum?
1185 847 1249 870 cur
1289 838 1510 882 sesquadrus
1547 836 1687 875 musica
1724 835 1946 882 cognatione

133 887 349 922 nobilitatus
378 889 438 922 vel
467 887 648 923 omittitur
677 889 735 922 vel
762 888 845 922 vilis
874 889 1044 929 habetur,
1075 889 1296 924 semisextus
1325 890 1362 925 in
1390 890 1528 925 musica
1551 889 1771 937 peregrinus
1798 900 1870 924 non
1889 887 1943 924 in-

134 940 267 975 seritur
307 945 472 982 tantum,
516 942 578 975 sed
620 941 717 976 inter
756 941 890 987 primos
932 945 1163 977 ostentatur?
1207 947 1392 988 respondit:
1427 943 1514 990 quia
1541 954 1614 978 non
1641 941 1782 978 musica
1809 942 1946 977 format

134 999 304 1039 aspectus
335 996 397 1029 sed
427 994 633 1042 geometria
659 999 852 1041 utrumqne
882 1006 1010 1041 genus,
1042 994 1124 1030 aliis
1153 999 1277 1031 tamen
1306 997 1453 1043 legibus
1489 996 1612 1038 illam,
1643 995 1726 1031 aliis
1754 995 1834 1030 hos.
1867 991 1948 1030 ‘Est

133 1047 226 1082 enim
255 1053 293 1082 et
321 1048 569 1083 harmonicum
598 1048 635 1083 in
662 1048 801 1083 musica
829 1053 867 1083 et
895 1049 1027 1083 efficax
1057 1049 1092 1083 in
1121 1049 1303 1090 memoris,
1334 1049 1504 1096 quidquid
1530 1053 1589 1084 est
1618 1059 1642 1084 a
1668 1049 1791 1096 figura
1817 1047 1947 1088 nobili,

134 1111 225 1147 quae
261 1101 466 1147 singularia
493 1101 609 1136 habet
636 1102 671 1136 in
701 1101 905 1147 geometria
943 1101 1152 1148 privilegia.
1209 1103 1280 1137 Sed
1318 1108 1405 1138 sunt
1440 1102 1607 1138 diversae
1643 1101 1760 1138 veluti
1798 1105 1945 1149 gentes,

133 1155 400 1200 meteorologia
428 1159 466 1189 et
495 1154 642 1195 musica,
673 1167 722 1189 ex
750 1155 877 1190 eadem
904 1155 1030 1201 patria
1057 1155 1264 1202 geometria
1291 1157 1478 1198 oriundae,
1509 1167 1662 1203 quarum
1690 1155 1826 1196 altera,
1855 1154 1892 1190 h.
1913 1165 1947 1189 e.

137 1208 391 1252 proportiones
421 1207 656 1243 harmonicae
688 1209 848 1253 patriam
877 1208 1018 1254 quidem
1048 1208 1220 1244 circulum
1250 1210 1466 1245 fatebantur
1493 1210 1599 1256 eique
1637 1219 1740 1244 suam
1768 1206 1947 1254 originem

138 1261 307 1296 ferebant
336 1266 537 1306 acceptam,
567 1273 639 1296 non
668 1261 783 1297 minus
814 1273 922 1308 quam
950 1262 1009 1297 hic
1038 1267 1233 1308 aspectus3
1274 1265 1336 1298 sed
1366 1268 1491 1299 tamen
1518 1263 1607 1298 illae
1635 1272 1814 1309 egressae
1841 1260 1948 1296 velut

139 1326 186 1348 ex
216 1314 361 1355 circulo,
393 1315 571 1349 coloniam
601 1315 784 1360 propriam
825 1317 1056 1350 deduxerunt
1088 1315 1235 1361 suisque
1264 1317 1411 1364 legibus
1440 1318 1619 1364 degentes
1649 1326 1730 1351 sese
1757 1323 1948 1361 propaga-

135 1371 238 1401 runt:
280 1372 452 1413 aspectus
482 1368 580 1403 intra
608 1368 781 1403 circulum
810 1368 968 1414 patriam
998 1380 1100 1403 suam
1129 1373 1343 1411 manentes,
1385 1369 1532 1417 legibus
1571 1380 1642 1404 non
1671 1368 1753 1404 aliis
1781 1370 1946 1407 utuntur,

138 1431 244 1465 quam
274 1432 364 1466 quas
394 1421 518 1455 circuli
546 1421 754 1456 rotunditas
784 1421 873 1467 ipsis
902 1422 1143 1467 praescribit,
1187 1423 1373 1458 desumtas
1408 1435 1457 1458 ex
1483 1421 1611 1470 figuris
1649 1419 1770 1467 planis
1797 1420 1948 1466 regula-

134 1473 234 1508 ribus
264 1474 435 1522 congruis
467 1478 505 1509 et
534 1474 669 1510 circulo
698 1474 893 1520 inscriptis:
924 1475 1018 1510 Hinc
1046 1476 1178 1520 supple
1207 1475 1243 1510 in
1271 1487 1350 1511 meo
1371 1475 1494 1511 Tertio
1513 1474 1783 1511 Interveniente
1802 1485 1838 1510 n.
1860 1472 1922 1508 59.

256 1536 316 1577 51)
341 1549 372 1580 p.
401 1536 479 1570 607.
532 1538 641 1571 Sixtus
667 1539 708 1571 ab
726 1539 937 1581 Hemminga.
964 1539 1096 1575 Frisius,
1115 1539 1277 1572 Patricius
1293 1539 1566 1572 Bellocomensis:
1591 1530 1800 1580 Astrologia'e
1815 1537 1949 1576 ,ratione

136 1590 169 1618 et
205 1586 408 1627 experientia.
443 1586 609 1618 refutatae
646 1586 735 1618 liber.
800 1586 980 1618 Continens
1013 1587 1143 1618 brevem
1174 1587 1340 1628 quandam
1373 1586 1541 1627 apodixin,
1574 1585 1616 1618 de
1649 1582 1881 1616 incertitudine
1917 1586 1952 1615 et

135 1634 283 1665 vanitate
310 1633 519 1675 astrologica,
547 1638 580 1665 et
606 1634 852 1674 particularium
877 1633 1139 1674 praedictionum
1166 1634 1315 1674 exempla
1338 1629 1493 1675 triginta:
1517 1642 1606 1665 nunc
1621 1631 1760 1674 primum
1783 1631 1819 1663 in
1842 1630 1950 1663 lucem

135 1681 240 1712 editus
268 1684 384 1712 contra
409 1680 589 1722 astrologos
617 1680 652 1712 C.
681 1681 874 1715 ῐῃοονιῐιιιιιι
902 1681 944 1712 H.
973 1680 1161 1712 Cardanum
1187 1684 1222 1712 et
1246 1680 1284 1713 L.
1313 1681 1499 1712 Gauricum
1551 1675 1789 1712 ΑΒΝ-1583.

254 1727 415 1768 Keplerus
440 1728 502 1759 hoc
529 1728 569 1759 de
595 1727 793 1770 Hemmingo
818 1727 983 1768 Tychonis
1004 1727 1162 1768 Judicinm
1188 1731 1319 1760 secutus
1346 1737 1418 1759 esse
1463 1726 1605 1759 videtur:
1645 1735 1734 1761 „non
1766 1729 1837 1758 tam
1869 1724 1950 1757 ratis

136 1785 235 1816 quam
272 1774 495 1816 plausibilibus
533 1775 713 1807 rationibus
751 1779 785 1807 et
822 1775 1186 1816 experimentationibus
1224 1775 1320 1807 facile
1353 1774 1571 1807 convellendis
1607 1773 1797 1814 scripsisse.
1824 1780 1894 1804 neo
1931 1780 1951 1802 a

135 1823 306 1854 calumniis
332 1822 391 1853 sibi
434 1822 670 1863 temperasse&
722 1821 911 1864 (Progymn.
939 1820 981 1861 1).
1031 1821 1155 1853 Natum
1186 1822 1284 1854 refert
1309 1822 1492 1854 Weidlerus
1515 1821 1751 1862 Hemmingum
1781 1811 1949 1854 a..1533‚

136 1874 298 1901 mortuum
328 1866 427 1900 1586.
478 1869 706 1901 Refutandum
732 1870 914 1910 suscepisse
940 1879 974 1900 se
993 1869 1236 1911 Hemmingum.
1265 1878 1368 1911 neque
1394 1878 1469 1901 vero
1496 1868 1539 1901 ad
1563 1867 1663 1900 finem
1685 1865 1876 1908 perduxisse
1900 1866 1949 1898 in·

138 1921 268 1958 ceptum
294 1917 395 1948 refert
419 1916 563 1957 Keplero
589 1916 711 1948 Paulus
738 1916 924 1958 Virdungus
951 1915 1046 1957 (prof.
1074 1914 1215 1956 Altorfi).

254 1962 315 2002 52)
341 1974 372 2004 Ρ.
401 1962 479 1995 613.
530 1964 743 1995 Feselius:
783 1963 847 1995 Die
874 1962 982 2001 Sonn‚
1017 1963 1064 1994 als
1100 1964 1151 1994 ein
1189 1973 1291 1997 causa
1326 1963 1504 2003 aequivoca
1528 1966 1563 1994 et
1585 1965 1713 1993 remota
1743 1959 1819 1992 thut
1843 1959 1950 1992 nichts

138 2011 267 2048 anders,
297 2011 345 2042 als
372 2011 462 2042 einer
487 2011 544 2042 der
570 2011 729 2043 draussen
755 2021 810 2042 vor
835 2011 909 2042 dem
935 2010 1021 2041 offen
1046 2010 1155 2041 stehet
1190 2010 1257 2041 und
1283 2010 1342 2041 das
1367 2010 1459 2042 Fewr
1484 2009 1637 2044 schiiret‚
1673 2007 1820 2040 dadnrch
1842 2005 1948 2040 nach·

138 2058 278 2099 folgents
304 2059 337 2089 in
364 2058 420 2089 der
445 2058 562 2089 stuben
590 2058 641 2089 die
668 2058 805 2089 Fenster
829 2057 1017 2089 schwitzen.
1068 2057 1219 2089 Welcher
1250 2057 1310 2088 das
1334 2057 1428 2087 Fewr
1459 2056 1554 2088 einen
1592 2054 1678 2087 offen
1704 2065 1746 2086 ιιι
1771 2057 1949 2086 erwarmen

136 2105 283 2146 einlegt,
322 2105 379 2136 der
404 2105 474 2146 gibt
499 2105 572 2136 dem
598 2105 690 2136 Fewr
715 2105 897 2145 keinswegs
924 2104 976 2135 die
1001 2107 1121 2135 warme
1159 2104 1236 2135 oder
1269 2102 1369 2134 krafft
1400 2113 1440 2134 zu
1465 2103 1633 2138 brennen.
1672 2101 1790 2134 sonder
1825 2096 1950 2134 reich'et

138 2151 353 2184 schlechtlich
379 2151 437 2183 das
462 2152 573 2190 Fewr,
608 2162 642 2182 so
669 2152 719 2182 fiir
745 2151 814 2183 sich
840 2151 981 2182 selbsten
1007 2152 1065 2182 mit
1091 2150 1148 2182 der
1171 2155 1291 2182 warme
1316 2150 1450 2192 begabt,
1477 2160 1519 2181 zu
1544 2151 1633 2182 einer
1657 2148 1849 2191 tauglichen
1874 2147 1948 2180 Ma-

138 2199 208 2230 teri.
259 2199 462 2240 Derowegen
502 2199 571 2240 gibt
610 2209 644 2230 er
682 2198 903 2240 demselbigen
939 2198 1047 2230 weder
1072 2198 1163 2229 seine
1189 2198 1341 2239 zufellige
1366 2196 1450 2228 noch
1475 2195 1686 2230 wesentliche
1710 2197 1794 2233 Art.
1832 2195 1950 2228 sonder

138 2245 237 2278 allein
265 2246 359 2278 einen
386 2245 574 2277 schlechten
602 2246 719 2277 antrib.

256 2293 347 2324 Eben
374 2293 463 2324 diese
489 2293 759 2325 Beschafl'enheit
783 2293 842 2324 hat
867 2302 901 2323 es
928 2291 1013 2324 auch
1038 2293 1097 2323 mit
1123 2292 1185 2323 den
1220 2291 1454 2323 Himmlischen
1479 2292 1749 2333 Bewegungem-
1767 2288 1892 2322 welche
1916 2289 1949 2320 in

141 2335 397 2381 Fortpflanzung
423 2340 480 2372 der
505 2340 712 2372 natiirlichen
740 2340 903 2381 Ciirperen
929 2339 1142 2382 denselbigen
1167 2338 1275 2371 nichts
1299 2339 1494 2375 mittheihm,
1520 2337 1638 2370 sonder
1662 2337 1762 2370 allein
1785 2336 1855 2369 ihre
1881 2337 1948 2369 ein-

138 2388 324 2429 gepflanzte
351 2387 622 2428 eygenschaffien
649 2388 869 2419 eusserlichen
897 2387 1076 2418 erwecken.
1114 2386 1214 2418 Dann
1237 2395 1337 2417 wann
1362 2386 1494 2427 gefragt
1517 2385 1639 2420 wiirde,
1665 2384 1810 2416 warumb
1834 2384 1867 2416 in
1894 2383 1952 2416 der

137 2434 270 2466 wochen
298 2444 353 2466 vor
378 2434 523 2466 Matthia
548 2435 614 2467 und
641 2436 715 2466 umb
742 2435 850 2466 Maria
875 2435 1000 2466 Geburt
1023 2435 1056 2465 in
1083 2433 1204 2465 diesem
1234 2430 1336 2463 1609.
1354 2432 1436 2465 Jahr
1461 2432 1513 2464 die
1532 2431 1732 2464 Geistlichen
1756 2430 1824 2463 und
1846 2430 1949 2463 Edlen

137 2482 205 2512 sich
231 2481 428 2513 kranckheit
452 2481 571 2513 halben
599 2483 774 2514 besonders
800 2492 841 2513 zu
865 2479 1047 2512 befahren?
1081 2480 1147 2511 und
1182 2480 1235 2511 ich
1261 2489 1318 2511 zur
1343 2484 1484 2511 antwort
1508 2479 1614 2521 gebo,
1653 2477 1778 2510 dieweil
1804 2477 1868 2510 den
1894 2475 1949 2509 18.

139 2529 230 2560 F.ebr
259 2530 309 2560 ein
338 2529 637 2561 zusammenkunfft
661 2529 750 2561 Jovis
776 2528 843 2560 und
868 2528 986 2560 Martis
1021 2529 1065 2559 im
1092 2526 1309 2559 Sextilschein
1345 2526 1401 2558 der
1426 2525 1559 2558 Sonnen
1591 2525 1658 2557 und
1682 2523 1857 2557 Mercurii·
1884 2522 1954 2557 anfi

139 2576 245 2607 Maria·
273 2577 389 2618 geburt
416 2576 495 2607 aber
520 2577 573 2608 ein
599 2577 777 2618 quadratus
794 2575 884 2608 Jovis
903 2579 936 2606 et
953 2575 1070 2606 Martis
1095 2575 1128 2606 in
1155 2571 1218 2605 20⁰
1235 2574 1266 2605 ΙΙ
1285 2573 1352 2605 und
1371 2573 1413 2622 ‘Hp
1442 2573 1511 2606 sich
1535 2572 1696 2615 begeben,
1721 2571 1801 2604 wird
1825 2571 1952 2604 solches

140 2624 192 2655 ein
219 2623 294 2655 sehr
318 2624 394 2655 weit
419 2623 577 2664 gesuchte
604 2623 720 2655 vrsach
745 2623 812 2654 und
837 2621 1078 2653 zweiffelhaffte
1105 2624 1243 2652 antwort
1268 2621 1348 2652 sein.
1982 2650 1994 2655 x

193 2692 205 2699 .
259 2668 320 2710 53)
346 2681 377 2711 Ρ.
407 2668 484 2701 614.
537 2671 745 2702 Feselius:
775 2670 843 2701 Das
863 2669 980 2701 etliche
994 2669 1134 2700 Blumen
1151 2668 1217 2700 und
1235 2668 1367 2699 kreuter
1381 2667 1545 2699 entweder
1557 2666 1617 2698 mit
1632 2666 1707 2698 dem
1721 2665 1880 2708 anffgang
1897 2665 1954 2698 der

139 2716 272 2749 Sonnen
310 2717 577 2749 herfiirkommen
616 2718 682 2749 und
719 2718 778 2748 mit
813 2716 1018 2757 derselbigen
1053 2715 1238 2757 nidergang
1275 2715 1345 2746 sich
1371 2714 1439 2746 also
1465 2713 1535 2746 balt
1570 2713 1746 2745 widernmb
1782 2712 1952 2748 verheren,

139 2765 216 2796 oder
234 2764 285 2796 die
304 2764 373 2796 sich
391 2764 479 2795 uach
497 2764 554 2795 der
572 2763 704 2796 Sonnen
719 2764 802 2796 lauff
819 2764 938 2805 statigs
958 2763 1090 2800 kehren‚
1119 2763 1197 2794 item
1215 2762 1274 2793 das
1293 2761 1362 2793 sich
1381 2761 1432 2793 die
1457 2760 1581 2792 kernen
1606 2761 1640 2792 in
1666 2759 1809 2792 etlichen
1834 2759 1953 2800 opffeln

139 2822 173 2841 so
199 2810 411 2852 meysterlich
436 2811 537 2843 sollen
564 2811 774 2847 vmbkehren,
801 2811 861 2842 wie
880 2810 1042 2842 Mizaldus
1069 2808 1116 2848 (in
1145 2809 1342 2840 carminibus
1366 2808 1592 2840 astronomicis
1611 2811 1644 2839 et
1662 2804 1953 2849 cosmographicis)

139 2858 261 2889 darvon
287 2858 460 2893 schreibet,
486 2858 546 2889 das
571 2859 597 2889 is
585 2863 614 2889 st
639 2859 695 2889 der
715 2857 850 2889 Sonnen
877 2866 919 2888 an
937 2857 1005 2888 und
1031 2857 1081 2888 ffir
1106 2856 1174 2887 sich
1200 2855 1343 2887 selbsten
1367 2855 1550 2895 keinswegs
1568 2863 1794 2892 zuzumessen,
1820 2857 1954 2885 sonsten

138 2907 268 2936 iniisten
295 2905 357 2936 alle
383 2904 522 2936 Blumen
548 2905 614 2936 und
641 2905 772 2936 kreuter
798 2915 837 2935 zu
864 2905 954 2935 einer
979 2904 1053 2934 Zeit
1076 2902 1341 2935 herfiirwachsen
1366 2902 1435 2933 und
1460 2901 1564 2932 wider
1587 2900 1764 2943 vergeben,
1797 2899 1865 2931 und
1890 2898 1954 2932 alle
2021 2879 2028 2947 ἶ

140 2951 223 2991 apsel
249 2951 372 2983 kernen
398 2952 471 2982 vmb
498 2952 555 2984 das
583 2951 764 2983 solstitium
788 2950 923 2983 herumb
949 2950 1109 2992 ganklen:
1147 2949 1266 2981 sonder
1290 2950 1352 2989 bey
1377 2948 1527 2980 welchen
1553 2947 1659 2979 solchs
1684 2946 1893 2989 geschiehet‚
1918 2956 1954 2977 so
2019 2973 2028 2989 Ξ

140 2998 251 3038 kompt
278 3007 311 3030 es
339 3007 415 3029 auss
441 2998 527 3030 ihrer
553 3008 701 3040 eygenen
728 2997 999 3030 anerschaflenen
1026 2996 1204 3038 particular
1229 2996 1367 3037 qualitet
1391 2995 1458 3027 und
1485 2995 1739 3035 Temperament
1761 2993 1821 3025 her
1845 2992 1905 3026 dte.

260 3054 318 3094 54)
345 3067 375 3096 p.
406 3054 484 3087 614.
536 3057 746 3088 Feselius:
772 3056 850 3087 Wer
874 3055 983 3087 solche
1009 3055 1224 3095 proprietates
1250 3054 1342 3086 recht
1367 3053 1570 3094 erkundigen
1595 3051 1671 3086 will,
1695 3051 1756 3083 hat
1778 3055 1953 3088 vonnliten,

145 3102 205 3133 das
232 3111 265 3133 er
290 3103 359 3134 sein
387 3103 564 3145 erfahrung
587 3103 680 3135 mehr
705 3103 777 3135 auff
797 3103 846 3134 ihr
870 3103 971 3134 selbst
996 3111 1122 3143 eygene
1148 3101 1330 3142 wiirckung
1353 3100 1468 3138 richte,
1495 3095 1583 3130 daun
1610 3098 1683 3130 auff
1703 3098 1756 3130 die
1777 3097 1956 3139 wiirckung
2016 3091 2018 3094 ¹
