2028 3242
147 107 235 151 498
947 109 1160 140 Prooemium.

148 213 294 246 hernach
318 214 353 244 in
379 213 432 255 die
457 213 654 246 Reichstadt
679 213 854 256 Hagenaw
879 214 1022 256 gethan,
1050 214 1129 246 aber
1156 214 1181 246 1.
1210 215 1247 246 F.
1276 215 1316 247 G.
1343 214 1494 248 Medicus
1518 215 1708 258 gehliebem
1734 215 1783 247 bis
1807 223 1851 247 ιιι
1873 213 1964 246 Dero

148 261 330 293 todtlichen
356 252 499 303 Abgang
535 270 621 292 anno
652 258 753 292 1592.
803 261 1027 293 Vnterweilen
1053 262 1132 293 aber
1171 272 1228 292 vor
1255 261 1297 293 25
1323 262 1426 294 Jaren
1460 264 1515 295 bin
1541 263 1595 295 ich
1620 264 1653 295 in
1679 261 1738 294 der
1763 260 1898 294 Graffen
1923 270 1964 292 zu

148 308 281 340 Hanaw
305 307 469 339 Diensten
502 308 666 340 kommen.
717 299 793 340 Hab
819 308 905 340 auch
943 309 975 340 in
1001 309 1098 340 rebus
1123 309 1267 350 physicis
1299 309 1419 341 etliche
1443 310 1555 342 theses
1591 310 1632 342 de
1659 319 1755 351 opere
1780 307 1846 341 Dei
1870 316 1963 340 crea-

146 356 243 387 tionis
269 355 484 396 geschrieben
511 353 648 395 (1597).
700 355 764 387 Mit
795 365 863 387 was
889 355 999 387 Ruhm
1031 356 1097 387 vnd
1122 355 1188 387 Ehr
1213 355 1332 397 Raym.
1359 355 1460 388 Ursus
1486 366 1542 389 vor
1566 357 1683 390 Zeiten
1709 355 1865 399 Kayserl.
1884 355 1962 388 Mtt.

146 401 405 434 Mathematicus
431 402 500 434 sich
525 403 639 434 diesen
663 403 795 434 meinen
819 403 965 435 thesibus
989 403 1055 435 vnd
1079 404 1184 435 rebus·
1202 403 1266 445 phy
1269 404 1345 436 sicis
1370 404 1569 442 widersetzt,
1600 404 1660 437 das
1684 404 1765 436 wird
1791 403 1862 436 sich
1885 402 1960 435 her-

146 449 269 482 nacher
293 450 337 480 im
363 449 502 482 Tractat
526 450 632 482 selber
657 450 779 483 finden.

269 496 421 528 Letzlich
445 498 554 529 haben
580 497 667 529 mich
693 498 778 530 auch
804 508 845 529 zu
874 498 1014 529 Gnaden
1041 498 1074 529 in
1100 497 1262 529 Diensten
1291 508 1532 540 angenommen
1558 499 1616 532 der
1627 497 1763 531 Durchl.
1781 498 1880 531 Fiirst
1898 497 1962 530 vnd

147 544 232 576 Herr
257 544 332 576 Joh.
365 545 535 586 Augustus
560 544 760 587 Psaltzgraff
780 545 843 586 bey
868 544 954 576 Rein
981 544 1040 576 &c.
1068 545 1132 576 vnd
1157 545 1241 577 Herr
1264 544 1338 577 Joh.
1364 545 1534 578 Reinhard
1560 546 1645 578 Grai*
1665 556 1706 578 zu
1730 545 1871 583 Hatram,
1897 545 1962 578 ‘vnd

144 592 255 624 haben
279 591 366 623 mich
392 592 574 629 ermahnet‚
615 592 678 624 den
716 592 832 624 studiis
865 592 1111 624 nachzusetzen
1145 593 1208 624 vnd
1245 602 1287 637 an
1314 593 1373 625 das
1399 593 1517 626 Liecht
1548 604 1588 626 zu
1622 594 1778 636 bringen,
1815 602 1884 625 was
1908 592 1962 624 ich

145 639 270 671 bissher
295 643 390 680 gutes
417 639 586 671 erfunden.

264 686 323 718 Als
355 696 390 718 es
426 687 487 718 mir
525 687 604 718 aber
639 695 682 718 an
716 686 775 718 der
799 685 1028 718 Hebraischen
1055 684 1182 727 Sprach
1217 686 1374 728 mangeln
1399 686 1493 727 wolt,
1529 687 1574 719 da
1606 686 1671 719 hab
1707 687 1761 720 ich
1794 687 1868 719 vmb
1900 686 1960 719 das

146 732 203 764 58.
229 733 311 765 Jahr
342 734 376 764 in
410 735 552 766 meinem
584 733 678 765 Alter
713 733 800 766 mich
834 732 920 765 auch
951 732 1127 765 darhinder
1157 733 1314 776 gemacht
1348 734 1412 767 vnd
1444 735 1496 767 die
1527 734 1687 767 Cabalam
1717 735 1779 766 mit
1810 733 1960 777 zugleich

152 780 388 823 angegrieffen.

263 827 399 859 Diesem
425 828 521 859 allem
558 827 805 859 nachzusetzen
842 827 908 859 vnd
943 827 1048 859 damit
1071 827 1125 859 ich
1160 827 1246 859 auch
1283 828 1413 860 meinen
1440 827 1560 860 Dienst
1590 838 1699 871 gegen
1733 828 1956 871 vorgemelten
2024 869 2028 872 .

145 876 286 907 Fiirsten
318 875 383 906 vud
409 874 543 907 Graffen
577 874 669 906 desto
694 875 807 906 besser
832 878 1035 907 ausswarten
1059 874 1201 913 hinnite,
1239 875 1283 906 da
1313 875 1378 907 hab
1403 875 1457 907 ich
1493 875 1581 907 mich
1611 885 1674 907 von
1698 875 1876 918 Hagenaw
1899 875 1958 912 der

146 922 245 955 Stadt
269 920 385 961 (deren
410 923 464 954 ich
488 923 521 953 in
547 919 591 952 26
617 921 700 953 Jahr
724 920 875 963 gedient)
901 932 966 964 gen
990 921 1214 954 Buchsweiler
1238 922 1374 965 gethan,
1401 922 1587 955 trostlicher
1607 921 1789 965 Hoffnung,
1815 923 1842 955 1.
1860 923 1898 955 F.
1917 922 1956 955 G.

144 970 233 1002 mich
262 970 297 1001 in
329 971 471 1001 meinem
495 969 660 1001 loblichen
685 970 871 1001 Fiirnemen
897 969 988 1001 nicht
1012 969 1168 1006 hindem,
1205 970 1346 1002 sondern
1370 971 1431 1000 mir
1462 970 1526 1002 alle
1551 969 1772 1013 befiirderung
1800 970 1866 1003 vnd
1889 970 1956 1002 fiir·

144 1016 246 1051 schub
270 1017 352 1053 thun
376 1016 519 1049 werden.

270 1076 345 1115 His
384 1075 566 1116 Roeslini
603 1075 737 1116 verbis
778 1076 877 1116 haec
917 1075 1102 1115 addenda
1141 1088 1359 1116 censemus.
1428 1073 1570 1121 Quoad
1609 1075 1752 1124 vitam,
1795 1081 1958 1129 praeter

148 1150 208 1185 ea,
243 1148 344 1187 quae
377 1135 463 1187 ipse
495 1135 558 1175 hic
590 1135 821 1186 perscribit,
868 1134 964 1174 nihil
998 1135 1106 1174 aliud
1139 1134 1252 1174 nobis
1285 1135 1478 1189 innotuit,
1522 1134 1596 1174 nisi
1636 1139 1834 1175 mortuum
1865 1147 1956 1176 esse

145 1201 334 1235 autumno
368 1194 462 1234 anni
498 1191 628 1242 1616,
663 1199 769 1234 teste
802 1193 1040 1238 Maestlino,
1075 1194 1139 1246 qui
1172 1194 1210 1234 d.
1244 1191 1449 1246 21.Sept.
1488 1190 1613 1235 1616.
1647 1193 1747 1233 haec
1778 1193 1955 1249 Keplero

143 1253 326 1294 nunciat:
363 1253 440 1302 „D.
462 1253 680 1293 Roeslinus
714 1266 838 1305 nuper
870 1253 980 1292 obiit.
1045 1252 1209 1293 Utinam
1241 1253 1280 1292 in
1308 1265 1407 1293 vera
1425 1251 1616 1304 religione
1636 1252 1810 1293 animam
1842 1265 1956 1293 suam

143 1312 306 1353 Christo
351 1313 706 1352 commendaverit.
778 1311 1004 1362 Singularis
1043 1312 1081 1351 in
1115 1312 1306 1363 religione
1349 1324 1505 1363 semper
1544 1310 1631 1359 fuit,
1673 1311 1769 1351 nulli
1806 1323 1957 1364 prope-
2018 1328 2021 1333 ·

143 1372 302 1412 modum
323 1377 457 1411 certae
482 1371 679 1411 addictus.
733 1370 840 1417 Quid
859 1371 898 1410 iu
921 1371 1111 1411 extremis
1131 1371 1272 1423 egerit,
1295 1370 1440 1411 nescio.
1490 1369 1549 1411 Ut
1569 1384 1593 1410 a
1611 1369 1838 1426 Deofuerit
1859 1371 1953 1411 illu·
2017 1405 2023 1412 .

141 1431 328 1478 minatus,
364 1436 470 1482 opto.
481 1431 499 1448 “
565 1429 710 1476 Quoad
730 1443 954 1483 personam,
990 1430 1096 1470 idem
1117 1430 1369 1479 Maestlinus‚
1402 1442 1474 1482 per
1498 1429 1645 1469 multos
1666 1441 1792 1469 annos
1817 1428 1954 1484 Roes-
2013 1426 2028 1487 Ἰ

143 1490 222 1530 lino
254 1490 383 1529 multa
420 1490 707 1530 consuetudine
740 1489 990 1542 conjunctus,
1030 1489 1103 1528 hoc
1143 1490 1220 1528 fert
1259 1489 1307 1528 de
1340 1489 1408 1528 illo
1436 1487 1653 1540 judicium:
1694 1486 1860 1541 Optima
1891 1493 1955 1528 est

143 1549 218 1589 viri
250 1549 457 1596 voluntas,
505 1549 577 1589 sed
610 1563 711 1588 anne
744 1548 878 1589 onmia
909 1548 1010 1587 satis
1043 1548 1285 1599 prudenter?
1348 1546 1620 1596 Sententiam,
1667 1559 1785 1599 quam
1830 1548 1953 1587 semel
2013 1539 2028 1606 f}

143 1609 275 1648 animo
308 1606 520 1660 concepit,
567 1608 765 1648 mordicus
805 1607 970 1655 retinet,
1017 1620 1089 1646 nec
1123 1607 1366 1647 sufficienter
1411 1606 1589 1647 rationes
1594 1605 1759 1655 audit,
1793 1618 1953 1659 easque,
2014 1604 2020 1653 J

142 1672 261 1719 prout
292 1667 376 1706 fieri
409 1667 600 1720 debebat,
643 1668 747 1706 inte1
781 1679 822 1706 se
856 1678 933 1705 non
967 1671 1187 1717 comparat
1251 1666 1510 1716 Horologium
1549 1665 1634 1718 ejus
1666 1677 1824 1718 semper
1854 1665 1953 1706 bene

145 1739 188 1766 se
220 1726 344 1766 habet
346 1756 537 1766 .....
583 1726 660 1766 Vir
691 1732 753 1765 est
793 1725 999 1772 cordatus,
1048 1725 1120 1764 sed
1157 1724 1309 1776 primae
1348 1729 1565 1776 conceptae
1599 1723 1796 1775 opinionis
1833 1720 1953 1764 nimis
2009 1728 2017 1751 ἴ·

144 1791 284 1825 tenax.
320 1786 431 1831 ideo,
465 1790 509 1825 ut
541 1798 583 1824 se
617 1785 793 1831 evolvat,
827 1784 997 1835 undique
1031 1796 1285 1836 quascunque
1318 1783 1495 1823 rationes
1528 1781 1694 1835 colligit.
1755 1783 1952 1825 Praesta·
2007 1794 2011 1836 j

143 1850 216 1893 ret,
252 1844 380 1895 ipsum
412 1843 578 1884 meliora
611 1844 856 1884 admittere.
890 1847 932 1887 (E
958 1849 1060 1881 literis
1086 1849 1118 1880 d.
1144 1847 1201 1880 20.
1227 1849 1293 1881 Jul.
1323 1845 1443 1887 1613.)
2004 1879 2009 1886 .

263 1902 434 1948 Qualem
468 1916 510 1942 se
544 1908 815 1942 astronomum
848 1907 891 1941 et
923 1903 1167 1954 astrologum
1199 1902 1452 1953 praebuerit,
1499 1913 1587 1941 cum
1620 1913 1669 1940 ex
1700 1899 1825 1956 ipsius
1857 1913 1952 1941 ver·

144 1962 206 2002 bis
239 1967 426 2014 appa1·‚et
462 1975 561 2013 quae
595 1962 780 2013 leguntur
804 1975 843 2013 p.
866 1959 969 2009 228,
1001 1967 1083 2001 tum
1117 1974 1167 2000 ex
1198 1966 1390 2013 sequente
1410 1958 1574 2012 Kepleri
1600 1958 1854 2000 refutatione.
1905 1957 1952 2001 In

144 2019 442 2060 mathematicis
465 2026 505 2059 et
524 2021 702 2074 physicis
725 2021 853 2072 qualis
875 2020 1006 2068 fuerit,
1030 2020 1186 2059 abunde
1207 2019 1455 2070 intelligetur
1478 2031 1499 2058 e
1521 2018 1668 2066 libello,
1692 2030 1807 2070 quem
1826 2008 1953 2060 edidit

145 2092 248 2118 anno
287 2077 410 2119 1612.
445 2079 655 2131 inscripto:
691 2079 975 2118 praematurae
998 2078 1103 2118 Solis
1132 2078 1395 2130 apparitionis
1426 2078 1466 2117 in
1489 2077 1608 2119 Nova
1629 2076 1797 2116 Zembla
1827 2090 1953 2136 causa

144 2150 241 2177 vera
273 2138 343 2177 &Q
377 2138 415 2177 in
444 2150 519 2189 quo
551 2138 650 2177 haec
683 2137 873 2190 leg'imus:
915 2143 1023 2182 Quam
1048 2143 1107 2175 sub
1132 2143 1231 2175 finem
1258 2141 1289 2173 9.
1309 2142 1434 2184 Capitis
1458 2142 1558 2174 libelli
1573 2142 1639 2174 mei
1664 2141 1704 2174 de
1729 2141 1952 2184 Navigatione
1997 2133 2003 2154 ⁴²

149 2195 405 2237 Septentrionali
431 2196 545 2238 reliqui
571 2196 613 2227 D.
641 2197 784 2237 Keplero
811 2196 1001 2228 solvendam
1026 2197 1267 2237 quaestionem:
1294 2205 1379 2237 quae
1405 2205 1450 2228 sc.
1470 2205 1573 2228 causa
1595 2195 1695 2227 fuerit
1719 2198 1949 2237 praematurae
1999 2224 2002 2227 .

145 2243 230 2274 illius
259 2243 341 2275 Solis
368 2243 603 2284 apparitionis?
641 2244 683 2275 ad
707 2244 794 2275 hanc
819 2244 985 2285 respondit
1010 2244 1056 2274 vir
1082 2244 1285 2275 acutissimus
1318 2244 1351 2274 in
1376 2243 1484 2275 libello
1510 2253 1568 2274 suo
1594 2241 1779 2284 Dioptrices
1802 2241 1854 2274 his
1877 2250 1948 2274 ver·
1997 2255 2002 2262 =>

145 2291 208 2321 bis:
245 2291 340 2322 audio
366 2290 408 2322 D.
436 2290 628 2322 Roeslinum
658 2291 825 2332 problema
856 2290 934 2322 mihi
969 2292 1172 2332 proposuisse
1199 2290 1388 2322 solvendum
1423 2290 1463 2322 de
1500 2289 1576 2322 Sole
1610 2288 1654 2321 14
1679 2290 1805 2322 dierum
1841 2290 1948 2331 spatio
1998 2330 2003 2335 Ξ

146 2339 240 2369 citius
263 2340 351 2378 Justo
378 2347 399 2369 a
424 2338 560 2370 Batavis
586 2339 662 2369 viso.
714 2339 883 2370 Admoneo
909 2342 1033 2375 tamen,
1061 2339 1287 2379 quaestionem
1311 2338 1398 2370 hanc
1424 2346 1445 2369 a
1469 2347 1522 2370 me
1546 2347 1606 2379 per
1627 2337 1843 2369 refractiones
1861 2337 1949 2369 aeris
1996 2363 1998 2366 ,
2026 2349 2028 2372 ⁴,

146 2385 331 2426 expeditam
356 2386 389 2416 in
415 2386 645 2417 Astronomiae
670 2390 763 2426 parte
791 2385 910 2426 Optica
937 2385 1015 2426 Cap.
1038 2385 1096 2416 VI.
1148 2386 1243 2416 Haec
1267 2385 1333 2416 ille.
1384 2384 1466 2416 Cum
1490 2394 1564 2416 vero
1590 2385 1714 2426 optices
1730 2385 1864 2426 ignarus
1889 2393 1950 2427 ego

144 2442 272 2473 prorsus
299 2436 332 2463 et
356 2438 469 2464 tamen
495 2434 634 2464 scribere
661 2433 782 2475 aliquid
808 2433 872 2465 hac
898 2433 937 2464 de
963 2442 997 2463 re
1022 2433 1155 2469 vellem,
1194 2432 1326 2472 adjunxi
1353 2431 1432 2473 Cap.
1459 2431 1521 2468 X.
1561 2435 1595 2463 et
1620 2440 1756 2463 causam
1779 2430 1876 2471 hujus
1901 2431 1948 2463 rei

144 2481 243 2519 reJeci
280 2481 313 2510 in
338 2481 437 2512 maris
476 2480 769 2512 detumescentiam
797 2485 829 2512 et
854 2479 1100 2515 subsidentiam,
1128 2480 1220 2521 quasi
1257 2489 1315 2520 per
1338 2479 1424 2510 hanc
1458 2478 1626 2510 horizonte
1661 2477 1833 2510 decliviora
1857 2477 1947 2510 facto
1990 2482 2002 2520 j

145 2525 199 2558 Sol
225 2527 319 2558 citius
346 2528 419 2558 oriri
450 2529 602 2568 potuerit.
653 2528 847 2559 Admonitus
881 2531 992 2559 autem
1031 2527 1070 2558 de
1105 2527 1234 2558 sinistro
1260 2526 1322 2558 hoc
1338 2536 1411 2563 meo
1444 2525 1566 2565 judicio
1604 2535 1626 2557 a
1658 2525 1724 2556 viro
1758 2525 1947 2557 doctissimo

144 2573 187 2605 D.
214 2573 261 2605 M.
290 2574 510 2616 Perneggero,
536 2575 631 2606 acad.
654 2575 901 2617 Argentinensis
927 2574 1107 2615 professore
1133 2574 1281 2610 classico,
1308 2583 1374 2605 non
1398 2573 1514 2604 rescidi
1541 2575 1642 2613 caput
1664 2571 1740 2609 hoc,
1766 2572 1825 2604 sed
1840 2572 1945 2613 publi·
1986 2570 1993 2595 »ἶ

144 2621 210 2652 cari
248 2623 379 2662 permisi
411 2623 530 2662 partim
567 2623 605 2653 ob
631 2622 718 2654 hanc
745 2631 896 2658 causam,
924 2621 1009 2662 quod
1042 2622 1111 2660 jam
1147 2622 1206 2652 sub
1232 2620 1342 2661 praelo
1375 2623 1462 2652 esset
1492 2619 1637 2656 libellus,
1676 2629 1738 2651 nec
1763 2619 1806 2651 ad
1829 2629 1947 2652 manus
1967 2634 1995 2688 s,

144 2668 300 2709 amplius,
336 2670 455 2709 partim
482 2669 567 2711 quod
591 2679 649 2710 per
673 2669 733 2700 hoc
760 2661 880 2711 dogma
904 2668 1023 2699 nihils
1009 2677 1107 2709 scopo
1139 2668 1308 2709 principali
1331 2667 1432 2699 libelli
1455 2667 1537 2703 mei,
1573 2676 1700 2698 cursum
1725 2660 1974 2709 navigationis

141 2724 199 2755 per
223 2717 478 2757 septentrionem
512 2717 546 2747 in
580 2717 737 2748 orientem
763 2716 899 2747 Batavis
931 2719 1112 2747 monstrare
1144 2715 1362 2753 intendentis,
1399 2713 1608 2750 detrahatur,
1646 2713 1714 2745 sive
1743 2723 1854 2746 verum
1878 2714 1945 2746 sive
1979 2719 1995 2763 Ξ·

141 2762 259 2794 falsum
283 2763 346 2794 hoc
372 2763 492 2805 dogma
517 2764 568 2795 sit.
1985 2767 1989 2770 ’

262 2810 553 2863 Chronologica
586 2811 753 2862 denique
773 2809 954 2849 Roeslini
986 2810 1120 2849 studia
1134 2810 1332 2860 Keplerus
1364 2813 1482 2848 taxat
1512 2808 1549 2847 in
1577 2807 1712 2848 libello
1745 2820 1815 2847 suo
1848 2819 1943 2860 ger-
1978 2842 1984 2858 ,

143 2869 297 2909 manico
331 2870 378 2909 de
411 2870 624 2909 nativitate
660 2868 824 2917 Christi,
859 2881 972 2920 quem
1008 2868 1213 2908 exhibebit
1246 2868 1338 2907 Vol.
1372 2867 1447 2907 IV.
1482 2865 1667 2907 editionis
1699 2871 1876 2906 nostrae.
1979 2866 1982 2867 ⁷

261 2927 334 2967 His
366 2927 615 2980 interpositis
647 2928 820 2968 redimus
853 2927 904 2966 ad
935 2927 1162 2974 Roeslini,
1163 2926 1457 2974 Discur“‚sum
1492 2926 1529 2965 in
1563 2937 1639 2977 quo
1672 2925 1942 2992 deprehendi—

142 2998 226 3025 mus
261 2986 567 3037 descriptionem
600 2992 779 3026 cometae
797 2986 888 3025 anni
913 2983 1042 3034 1607,
1071 2985 1293 3038 judicium
1283 2984 1408 3037 ipsius
1430 2985 1477 3024 de
1498 2989 1608 3023 ortus
1629 2984 1761 3023 causis
1782 2983 1943 3036 ejusque
1975 2992 1995 3115 ἐ

141 3044 226 3083 loco
257 3044 295 3083 in
335 3046 491 3086 mundo.
557 3045 776 3112 Comparat
807 3045 908 3085 hunc
942 3050 1140 3084 cometam
1172 3057 1260 3084 cum
1294 3043 1382 3082 aliis
1405 3042 1572 3083 cometis
1605 3046 1647 3082 et
1665 3042 1779 3082 novis
1812 3042 1944 3082 stellis

140 3101 180 3143 in
215 3101 463 3156 Cassiopeia,
500 3103 653 3159 Cygn0,
687 3105 727 3144 in
762 3102 863 3145 Ceto
895 3103 1142 3152 (variabili),
1177 3103 1213 3143 in
1247 3101 1531 3156 Serpentari03
1567 3100 1709 3143 deinde
1741 3101 1865 3144 refert
1895 3113 1946 3143 ea
1975 3119 1991 3168 {—

1979 3169 1990 3186 ,ι

1974 3198 1989 3225 ²1.
