2028 3242
1295 11 1353 30 x·
1381 10 1391 18 ν
1435 0 1603 27 osv-xv*
1643 6 1649 9 ·
1699 3 1701 6 ¹
1743 0 1756 8 “
1815 6 1819 14 ·
1875 0 2025 25 “w-w·-

880 38 997 68 contra
1020 34 1140 68 Unum
1827 4 1915 75 2l47
1954 32 1966 63 ι’

109 136 327 180 astronomi
358 137 506 187 officia,
539 132 711 178 alterutri
740 151 834 179 vere
866 140 1187 188 astronomicum,
1221 140 1465 194 hypotheses
1484 141 1775 181 astronomicas
1807 140 1914 180 tales

107 196 372 246 constituere,
417 210 469 237 ex
505 197 647 250 quibus
687 204 929 250 apparentes
972 205 1103 239 motus
1134 205 1370 251 sequantur,
1415 200 1585 240 alterum
1616 199 1913 252 geometricum,

109 255 353 311 hypotheses
389 256 657 308 geometricas
694 257 967 310 cujuscunque
1003 258 1154 298 foi-‘mae
1185 259 1342 314 (vajjag
1383 271 1552 311 namque
1586 271 1708 312 saepe
1738 259 1780 299 in
1814 270 1913 311 geo-

106 314 251 366 metria
279 327 371 356 esse
403 319 593 374 possunt>
631 316 737 356 tales
775 316 1036 365 constituere,
1082 330 1132 357 ex
1170 316 1312 370 quibus
1349 317 1594 372 hypotheses
1627 318 1720 359 illae
1758 317 1914 370 priores

107 379 422 422 amomicae,
489 403 499 412 .
533 387 568 414 e.
594 374 680 416 veri
710 374 962 427 planetarum
991 380 1144 423 motus,
1190 389 1266 416 non
1299 375 1515 417 adulterati
1547 377 1656 418 visus
1688 382 1912 417 commuta-

107 433 228 482 tinae,
258 439 303 474 et
330 438 548 486 sequantur
577 437 621 473 et
650 433 908 474 calculentur.

225 491 302 532 Hic
332 505 396 534 me
427 498 542 532 tenor
571 490 658 547 ipse
689 492 884 533 sermonis
915 492 992 533 mei
1024 492 1183 540 invitat,
1216 498 1262 533 ut
1292 491 1494 534 Osiandro
1525 494 1802 535 Patricium
1835 494 1913 534 ad-

101 551 270 604 jungam
306 550 420 604 eique
458 555 627 591 conatus
657 556 974 592 astronomorum
1011 565 1148 592 omnes
1185 551 1401 601 deridenti,
1447 553 1690 606 hypotheses
1725 559 1912 593 astrono-

108 610 234 651 micas
261 621 401 653 onnes
430 609 626 662 rejicienti
657 610 833 651 nonnihil
864 611 1141 662 respondeam.

224 668 446 710 succenset
483 668 519 708 is
556 669 819 715 astronomia,
865 670 968 722 quod
1011 676 1205 711 conentur
1244 683 1293 710 ex
1332 669 1452 710 variis
1490 670 1651 712 circulis
1691 676 1735 710 et
1771 670 1912 710 solidis
1956 715 1960 721 ,

105 727 268 769 orbibus
295 727 547 780 planetarum
576 734 708 768 motus
741 734 981 781 apparentes
1011 729 1182 776 efficere,
1216 741 1362 783 eosque
1389 729 1573 779 circulos,
1605 742 1676 769 eas
1709 729 1911 783 hypothe-

105 799 193 836 ses,
229 785 385 828 cerebri
421 786 483 827 sui
521 787 727 839 figmenta,
765 800 896 828 rerum
934 793 1099 828 naturae
1138 787 1347 840 imputare.
1409 788 1471 829 De
1508 788 1685 842 planetis
1719 788 1805 841 ipse
1838 789 1912 828 hoc

60 888 61 891 ,
105 846 298 895 affirmat,
342 845 445 887 inter
475 845 576 886 fixas
609 846 698 886 illos
731 846 767 886 iu
800 846 948 899 liquido
980 847 1141 888 aethere
1172 847 1377 895 incedere,
1414 847 1744 900 quemadmodum
1775 853 1817 888 et
1847 847 1911 887 vi-

59 950 62 953 ,
106 905 295 954 deantur,
332 904 481 945 liberos
513 906 564 945 ab
597 905 750 946 oibium
781 905 996 946 solidorum
1034 906 1311 958 compedibus,
1356 906 1421 959 qui
1459 907 1556 947 nulli
1594 907 1695 955 sint,
1741 912 1938 959 vereque'.

52 971 61 993 5
106 963 330 1016 hujusmodi
371 964 549 1031 spitales
574 970 615 1004 et
645 964 754 1004 varie
796 978 949 1005 rursum
979 977 1236 1018 prorsumque
1274 971 1479 1006 contortas
1522 966 1668 1014 lineas,
1711 978 1912 1018 nunquam
1943 983 1957 1041 Ι

66 1026 73 1075 1'
106 1023 183 1064 sibi
214 1022 314 1076 ipsis
342 1035 416 1075 per
446 1022 580 1064 omnia
609 1023 779 1072 similes,
813 1036 938 1076 eaque
970 1029 1100 1065 motus
1133 1024 1444 1077 inaequalitate,
1471 1026 1591 1078 plane
1625 1030 1668 1065 ut
1698 1025 1738 1065 in
1771 1024 1907 1065 oculos

108 1086 278 1123 nostros
298 1081 513 1132 incurrunt,
547 1082 787 1123 describere.
848 1083 936 1123 Nec
966 1083 1103 1124 mirari
1134 1096 1207 1123 nos
1239 1083 1383 1124 debere
1403 1084 1644 1125 varietatem
1674 1084 1790 1132 hanc,
1824 1096 1911 1123 cnm

108 1140 295 1193 planetae
331 1152 473 1181 revera
505 1140 586 1182 sint
624 1141 814 1182 animalia
853 1142 1021 1183 rationis
1052 1141 1236 1195 capacia,
1276 1143 1563 1195 comprobante
1596 1143 1636 1183 id
1667 1143 1910 1183 auctoritate
1990 1115 2028 1185 3

105 1199 383 1252 philosophiae
404 1199 651 1249 barbaricae,
685 1205 726 1240 et
746 1200 1057 1253 omnipotentiae
1078 1201 1236 1241 divinae
1256 1214 1332 1241 non
1366 1202 1487 1242 fuerit
1504 1202 1764 1255 impossibile,
1797 1207 1914 1242 tanta

105 1258 307 1311 sapientia
337 1266 543 1300 creaturas
575 1259 765 1308 condere,
798 1266 844 1300 ut
874 1260 1092 1314 imperatos
1122 1261 1196 1300 hos
1228 1267 1358 1300 motus
1391 1262 1441 1300 ad
1474 1262 1590 1301 finem
1622 1274 1745 1321 usque
1777 1261 1912 1301 mundi

127 1323 387 1370 xsequantur.

222 1376 398 1417 Primum
434 1375 509 1416 hoc
546 1375 605 1416 illi
645 1375 762 1417 facile
789 1389 1043 1427 concessero,
1090 1377 1240 1418 solidos
1272 1377 1388 1419 orbes
1420 1378 1550 1418 nullos
1591 1391 1694 1418 esse.
1758 1379 1912 1430 Inque
1959 1415 2028 1438 z:

241 1435 381 1476 ebonis
411 1434 516 1476 ratio
546 1435 584 1475 ‘b
708 1436 784 1476 cile
816 1436 1023 1478 subscribo
1061 1442 1102 1477 et
1160 1437 1313 1478 rivatas
1345 1443 1399 1478 eti
1505 1427 1647 1478 habeo.
1713 1438 1910 1478 Patricius
1974 1448 2028 1456 “··“

104 1506 200 1535 vero
217 1494 302 1548 Tyc
356 1493 397 1534 ni
425 1493 590 1534 ridicule
625 1493 722 1534 facit
754 1495 950 1548 iujuriam,
983 1509 1097 1549 quem
1129 1496 1188 1536 ait
1219 1496 1459 1537 fascinatum
1491 1496 1673 1548 opinione
1693 1497 1910 1537 solidorum

106 1553 261 1595 orbium
303 1566 448 1594 novam
480 1553 717 1593 confinxisse
750 1555 883 1594 mundi
918 1555 1108 1603 formam3
1151 1568 1266 1608 quam
1305 1555 1530 1607 opinionem
1561 1556 1697 1609 Tycho
1729 1555 1910 1596 omnibus

105 1611 267 1664 scriptis
302 1619 345 1652 et
382 1612 473 1665 ipsa
504 1612 771 1665 hypotheseos
803 1626 900 1654 suae
932 1614 1161 1654 conditione
1200 1614 1421 1667 impugnat.
1482 1614 1622 1667 Neque
1653 1627 1779 1666 nego,
1817 1615 1910 1667 pla-

105 1676 286 1713 netarum
322 1671 509 1712 circuitus
545 1672 700 1711 ratione
741 1685 895 1712 summa
934 1673 1217 1714 administrari.
1281 1673 1364 1714 Sed
1402 1680 1443 1713 et
1483 1674 1556 1713 hoc
1588 1673 1712 1723 dabo,
1757 1673 1792 1714 si
1822 1674 1911 1714 Deo

100 1729 299 1770 conditori
330 1730 568 1783 placuisset,
608 1736 652 1770 ut
681 1731 870 1783 planetae
902 1732 1073 1784 spitales
1105 1732 1327 1784 hujusmodi
1359 1739 1398 1772 et
1431 1732 1672 1784 irregulares
1704 1732 1909 1781 circuitus,

104 1789 244 1841 quales
275 1789 563 1842 aspicientibus
595 1790 709 1829 nobis
742 1797 952 1844 apparent,
978 1791 1228 1840 conficerent,
1263 1792 1305 1832 id
1330 1791 1389 1832 illi
1410 1793 1554 1832 effectu
1586 1792 1703 1832 facile
1737 1792 1910 1832 futurum

104 1847 245 1888 fuisse.
307 1849 457 1888 Verum
489 1848 527 1888 in
560 1848 633 1888 hoc
661 1849 748 1901 jam
780 1849 914 1890 differt
932 1848 1132 1891 Patricius
1165 1851 1215 1890 ab
1236 1851 1479 1891 astronomis
1500 1863 1593 1906 νέξ-,ς
1617 1850 1908 1904 philosophan-

103 1906 254 1955 tibus,·
275 1919 364 1948 cum
394 1907 617 1960 quaeritur:
645 1908 853 1960 ‘quidnam
883 1909 1014 1960 potius
1047 1910 1135 1950 Deo
1166 1910 1379 1962 placuerit,
1421 1923 1470 1949 an
1503 1915 1547 1949 ut
1577 1910 1764 1962 planetae
1796 1922 1909 1950 com-

104 1965 259 2018 positos
290 1966 515 2018 hujusmodi
551 1974 821 2020 perpetuoque
854 1982 878 2007 a
911 1982 952 2008 se
996 1969 1091 2021 ipsis
1124 1970 1304 2009 diversos
1343 1975 1383 2008 et
1421 1969 1666 2020 irregulares
1701 1969 1909 2009 anfractus

102 2024 366 2076 pervolitent,
410 2038 513 2065 anne
554 2031 597 2064 ut
634 2026 866 2066 uniformem
899 2034 940 2067 et
972 2041 1090 2079 quam
1122 2028 1205 2068 fieri
1237 2033 1373 2080 potest
1404 2028 1740 2079 regularissimum
1777 2028 1907 2068 circu-

104 2083 183 2123 lum
212 2083 454 2131 describant,
486 2085 604 2136 plane
637 2085 837 2126 diversum
870 2086 919 2126 ab
952 2101 1001 2126 ea
1032 2093 1163 2127 motus
1195 2087 1350 2127 confusi
1384 2087 1531 2136 forma,
1565 2100 1666 2140 quae
1698 2088 1738 2127 in
1771 2087 1908 2127 oculos

104 2146 265 2183 nostros
295 2142 479 2190 incurrit3
519 2155 664 2184 causae
698 2157 790 2184 vero
829 2145 985 2196 possint
1015 2146 1201 2194 inveniri,
1247 2146 1388 2198 quibus
1425 2146 1535 2186 visus
1575 2151 1713 2186 noster
1745 2146 1907 2186 delusus

104 2200 231 2240 aliter
266 2200 355 2240 illos
398 2201 602 2252 regulares
641 2209 772 2242 motus
809 2203 1032 2252 intueatur,
1079 2217 1196 2256 quam
1233 2217 1373 2244 revera
1409 2205 1633 2256 comparati
1671 2205 1766 2244 sint.
1829 2205 1906 2244 Hic

104 2271 220 2299 nemo
251 2263 316 2298 est
345 2272 367 2297 e
398 2259 528 2298 sobrie
559 2259 947 2312 philosophantibus,
982 2263 1046 2315 qui
1080 2275 1155 2302 non
1188 2263 1261 2302 hoc
1293 2263 1485 2311 affirmet,
1517 2263 1615 2303 illud
1647 2263 1807 2303 omniuo
1840 2275 1908 2302 re-

98 2318 219 2370 jiciat
247 2317 402 2370 sibique
433 2317 549 2357 simul
580 2319 820 2359 astronomis
852 2320 1120 2373 maximopere
1150 2322 1387 2372 gratuletur,
1421 2322 1457 2361 si
1482 2334 1628 2361 causas
1660 2322 1909 2373 deceptionis

104 2377 337 2423 invenerint,
371 2390 396 2416 a
427 2376 532 2416 veris
563 2377 814 2428 planetarum
846 2378 1017 2418 motibus
1051 2379 1342 2419 accidentarios
1381 2385 1423 2419 et
1453 2393 1503 2419 ex
1532 2379 1751 2432 phantasia
1780 2379 1908 2419 visio-

105 2435 168 2476 nis
197 2441 308 2476 ortos
340 2435 573 2486 sejunxerit,
606 2442 647 2476 et
678 2436 907 2476 circuitibus
940 2438 1240 2489 simplicitatem
1265 2444 1384 2490 atque
1405 2438 1630 2478 ordinatam
1662 2438 1907 2489 regularita-

106 2502 188 2534 tem
217 2493 448 2534 asseruerit.
514 2494 709 2534 Patricius
742 2507 834 2534 vero
867 2496 926 2535 ita
956 2496 1278 2548 philosophatur,
1319 2502 1379 2544 ut,
1415 2497 1479 2549 qui
1513 2498 1620 2536 illum
1652 2497 1782 2546 audit,
1828 2509 1907 2536 non

102 2554 246 2605 pedem
275 2565 433 2593 movere
458 2553 606 2604 possit,
649 2554 740 2606 quin
771 2554 1002 2595 miraculum
1032 2555 1262 2607 contingere
1294 2556 1483 2595 fateatur.
1547 2555 1758 2607 Spatiatus
1798 2555 1903 2596 enim
1951 2578 1987 2595 κ

105 2624 176 2664 per
206 2624 380 2664 campos,
415 2611 482 2651 ubi
512 2625 630 2664 sepes
663 2618 704 2652 et
733 2612 953 2665 propinqua
983 2614 1072 2654 viae
1104 2614 1181 2653 sibi
1213 2626 1431 2661 occurrere,
1465 2621 1641 2654 remotos
1661 2627 1757 2654 vero
1787 2626 1904 2655 mon—

106 2677 168 2711 tes
198 2684 243 2711 se
285 2671 467 2711 comitari
508 2671 596 2710 visu
634 2671 768 2722 judice
805 2672 1026 2722 putaverit:
1070 2685 1146 2711 non
1179 2678 1315 2712 utetur
1330 2673 1490 2740 judicio
1521 2672 1710 2720 rationis,
1751 2673 1824 2714 sed
1856 2686 1906 2712 ne
1943 2675 1963 2733 ζ

107 2742 267 2770 sensum
298 2729 454 2783 quidem
485 2743 733 2770 communem
765 2731 967 2770 consulet:
1008 2732 1099 2783 quin
1137 2731 1269 2783 potius
1300 2731 1403 2771 visui
1447 2732 1603 2777 credet,
1640 2736 1797 2773 montes
1828 2745 1907 2772 non
1956 2769 1960 2774 .

107 2788 236 2829 minus
273 2802 320 2828 ac
351 2801 395 2828 se
432 2789 560 2841 ipsum
600 2790 785 2841 progredi
822 2789 955 2829 dicet:
995 2790 1174 2842 adeoque
1214 2790 1247 2829 si
1279 2803 1394 2830 curru
1436 2802 1602 2830 aversus
1632 2790 1908 2842 Argentorato
1943 2791 1983 2872 )‘

107 2853 178 2887 aut
207 2847 369 2887 Vienna
400 2849 645 2899 egrediatur,
690 2847 832 2888 Jovem
864 2848 1036 2900 lapidem
1068 2848 1240 2899 jurabit,
1287 2848 1471 2894 turrium,
1508 2862 1616 2901 quae
1652 2849 1908 2890 his‘urbibus

107 2906 312 2957 praealtae
345 2912 451 2952 sunt,
484 2907 618 2947 ruinas
652 2907 689 2947 in
723 2920 764 2945 se
798 2919 974 2958 vergere.
1038 2905 1146 2947 Olim
1172 2907 1331 2958 quidam
1362 2920 1537 2947 meorum
1568 2907 1908 2948 contubernalium

106 2976 178 3016 per
209 2964 408 3004 fenestrae
435 2964 579 3006 vitrum
610 2971 821 3017 pascentes
853 2965 892 3004 in
925 2960 1155 3005 suburbano‘
1179 2971 1296 3017 prato
1329 2966 1451 3006 boves
1470 2966 1760 3019 prospiciebat;
1792 2980 1904 3007 cum-

110 3035 185 3075 que
221 3035 293 3075 pro
325 3023 503 3063 fenestra
539 3025 733 3077 penderet
764 3037 958 3073 araneus,
1004 3037 1092 3064 eum
1124 3024 1189 3064 ille
1221 3037 1307 3065 cum
1345 3025 1470 3065 bobus
1508 3031 1675 3079 aspectu
1710 3026 1906 3066 directore
