2028 3242
216 86 304 131 426
974 89 1030 122 no
1052 88 1291 122 mamona.

216 208 237 234 e
269 194 432 247 regione
463 194 633 247 parietis
672 207 697 234 a
727 192 824 235 Sole
861 193 1055 235 illustrati
1091 193 1276 235 habitare
1319 194 1524 236 insalubre
1561 195 1755 244 dicerem;
1799 192 1894 248 quia
1921 199 2028 234 ‹cae-

215 259 392 295 mentum
424 253 535 294 calce
568 258 741 303 constat,
777 266 878 306 quae
910 266 1000 294 cum
1030 253 1182 293 habeat
1213 253 1408 294 exedendi
1423 259 1482 295 ⁴et
1512 253 1770 308 consumendi
1787 251 2024 307 potentiam,

215 313 358 353 eadem
391 311 588 365 qualitate
618 312 760 353 imbuit
793 317 834 352 et
863 313 1018 354 radium
1051 325 1168 365 quem
1193 313 1385 354 reflectit.
1442 313 1799 366 Imprimis-autem
1826 311 1880 352 ad
1892 311 2026 351 lucem

213 371 417 425 propriam
447 371 648 424 pertinere
686 371 846 412 videtur
882 372 1017 424 aliqua
1047 371 1318 424 pelluciditas.
1380 372 1486 412 Nam
1527 371 1563 412 si
1594 385 1686 424 qna*
1707 372 1763 412 inv
1785 383 1829 412 re
1866 368 2028 422 propria

214 432 283 471 lux
314 430 432 480 inest,
465 429 538 470 illa
567 442 646 470 non
678 430 718 470 in
751 430 958 483 superficie
989 430 1131 470 haeret
1161 430 1311 483 utique,
1344 431 1416 471 sed
1445 431 1555 472 intus
1585 430 1626 471 in
1644 430 1842 483 profundo
1869 428 2028 470 radices

216 489 312 542 egit,
346 494 393 530 ut
423 489 462 529 in
495 489 664 541 gemmis
697 490 905 531 cernimus.
967 490 1111 542 Itaque
1148 494 1194 529 ut
1222 495 1480 542 transparere
1509 489 1658 543 possit,
1697 488 1896 542 pellucido
1926 499 2028 540 opus

215 552 291 589 est.
356 547 552 595 Quamvis
583 549 711 589 multa
741 561 839 589 sane
871 549 959 601 ipso
991 553 1108 589 aestu
1137 548 1340 602 pellucida
1369 549 1486 599 fiant,
1533 561 1661 602 eaque
1691 548 1731 589 in
1762 545 2026 600 dispositione

216 608 479 648 retineantur.

945 665 1011 705 Th
1026 677 1046 705 e
1056 665 1097 705 si
1107 679 1127 706 s
1158 664 1297 706 XXX.

331 725 551 777 Ignoscaut
580 723 675 764 mihi
695 724 924 777 philosophi
955 725 1255 776 argumentanti
1282 739 1307 765 a
1326 722 1571 777 corporibus,
1605 735 1706 778 quae
1725 735 1846 764 manu
1864 727 2023 764 tracta-

216 797 319 832 mus,
354 784 406 823 ad
439 795 608 836 corpora
639 783 847 824 coelestia.
909 783 1046 823 Nam'
1036 784 1112 835 ipsi
1144 796 1242 824 sane
1273 783 1405 824 nullas
1431 782 1592 823 omnino
1614 781 1863 824 differentias
1879 787 2023 823 osten-

216 844 315 883 dunt
354 854 561 894 corporum
607 841 776 882 illorum.
840 840 975 888 Quare
1016 842 1108 891 has,
1154 843 1212 883 uti
1242 842 1460 895 putabunt,
1504 842 1702 894 ignobiles
1740 845 2026 883 etssterrestres

215 901 462 942 differentias
495 913 622 953 aequo
654 901 785 941 animo
822 901 929 942 inter
960 902 1155 942 coelestia
1197 902 1341 942 ferant.
1403 901 1598 942 Praestat
1634 900 1740 941 enim
1771 899 1929 953 aliquid
1954 899 2024 941 di-

214 973 315 1009 cere,
350 960 454 1013 quod
485 960 526 999 in
557 959 707 1000 nullam
738 960 984 1012 palpabilem
1004 960 1298 1001 absurditatem
1317 960 1514 1010 incurrat,
1547 970 1666 1012 quam
1685 958 2023 1000 omninotaoere.

214 1020 276 1060 Ac
307 1019 442 1059 nescio
475 1031 609 1068 sane„
637 1032 687 1058 an
725 1031 802 1059 non
836 1019 972 1060 divina
1004 1023 1046 1059 et
1077 1019 1265 1060 coelestis
1301 1019 1437 1072 potius
1469 1019 1645 1072 qualitas
1686 1017 1857 1059 dicenda
1893 1017 1951 1059 sit
1978 1017 2020 1058 in

215 1078 454 1118 carbunculo
493 1089 667 1130 gemma,
713 1090 814 1130 quae
846 1078 1020 1119 luculam
1058 1078 1170 1119 illam
1214 1079 1251 1119 ei
1283 1078 1492 1128 conciliat,
1538 1081 1656 1131 quam
1693 1076 1950 1118 elementaris
1979 1076 2023 1118 in

215 1136 309 1178 Sole
343 1137 395 1177 ad
426 1137 731 1177 calfaciendum.
795 1138 936 1190 Itaque
969 1136 1187 1178 Saturnum
1219 1138 1307 1179 dico
1339 1137 1380 1178 in
1411 1136 1575 1178 humido
1604 1136 1818 1186 excedere,
1852 1135 2022 1176 deficere

213 1196 252 1236 in
286 1196 436 1244 calido,
481 1195 734 1249 aequiparari
773 1195 1037 1248 dispositione
1069 1197 1246 1249 corporis
1279 1196 1340 1237 sui
1378 1196 1523 1249 glaciei
1555 1198 1677 1250 (quae
1715 1195 1860 1236 eadem
1889 1193 2023 1237 humi-

214 1255 382 1295 dissima
414 1260 495 1304 est,
528 1259 668 1306 utpote
702 1267 826 1307 aqua,
862 1260 904 1295 et
935 1255 1041 1295 omni
1072 1256 1207 1296 calore
1237 1255 1418 1308 privata)
1450 1255 1680 1296 unde‘alba
1709 1254 1747 1295 ei
1778 1253 2025 1307 superficies,

214 1314 384 1366 ideoque
417 1314 593 1354 crassior
623 1313 783 1354 interna
815 1314 992 1367 corporis
1024 1314 1236 1368 dispositio
1266 1327 1340 1355 nec
1361 1315 1572 1355 admodum
1595 1313 1809 1367 pellucida.
1869 1312 2024 1355 Astro-

216 1373 298 1426 logi
331 1372 516 1425 frigidum
549 1378 592 1412 et
623 1372 773 1413 siccum
805 1374 960 1422 dicunt,
987 1374 1105 1427 ,quod
1136 1386 1238 1427 pene
1269 1373 1410 1415 eodem
1439 1373 1596 1414 recidit.
1651 1372 1857 1414 ‘Aestates
1882 1376 2025 1413 tamen

213 1432 369 1485 pluvias
401 1437 443 1472 et
473 1432 636 1486 hyemes
667 1431 865 1484 ningidas‚
901 1445 989 1473 cum
1020 1438 1220 1485 operatur,
1258 1433 1424 1482 faciens,
1455 1433 1586 1486 magis
1612 1431 1795 1473 humidus
1825 1430 2023 1472 dici-me-

213 1496 336 1532 retur.
399 1491 492 1531 Jovi
531 1502 674 1544 corpus
713 1492 853 1532 rubino
892 1491 1020 1532 simile
1051 1492 1295 1539 tribuemus,
1339 1497 1385 1532 ut
1422 1491 1478 1532 sit
1513 1491 1736 1544 pellucidus
1774 1490 1827 1533 ob
1855 1489 2024 1531 multam

218 1550 347 1590 lucem
378 1549 594 1602 propriam,
629 1554 671 1590 et
703 1550 924 1603 aequabilis
956 1555 1077 1604 atque
1108 1551 1254 1592 rubens
1287 1551 1337 1591 ob
1369 1551 1566 1603 fulgorem
1594 1554 1638 1590 et
1661 1550 1854 1591 colorem.
1891 1549 2024 1590 Mars

220 1608 383 1649 carboni
415 1609 604 1649 candenti
637 1609 983 1662 aequiparabitur,
1027 1623 1077 1650 ex
1110 1622 1185 1663 quo
1216 1610 1321 1663 ignis
1353 1610 1461 1650 intus
1492 1610 1627 1650 latens
1651 1609 1874 1662 pelluceat:
1907 1607 2025 1660 ajunt

217 1667 321 1708 enim
353 1667 562 1720 astrologi,
596 1672 638 1708 et
669 1669 917 1720 experientia
948 1673 1136 1718 testatur,
1171 1669 1363 1710 torridam
1394 1674 1436 1709 et
1467 1672 1583 1709 aestu
1614 1667 1810 1709 fervidam
1835 1664 1918 1708 vim
1945 1666 2024 1707 ob-

216 1726 357 1767 tinere.
420 1726 572 1766 Veneri
604 1727 795 1767 electrum
827 1727 1009 1768 dabimus
1042 1727 1242 1780 aequabili
1272 1733 1316 1768 et
1346 1729 1454 1768 flava
1485 1727 1712 1780 superficie,
1744 1726 2023 1779 obfulgorem

214 1785 399 1825 eximium
432 1790 474 1826 et
503 1797 685 1826 croceum
695 1798 707 1834 ;
740 1792 785 1827 ut
814 1786 874 1826 ita
905 1787 995 1839 plus
1027 1787 1233 1827 humectet
1263 1800 1382 1839 quam
1413 1786 1625 1834 calfaciat,
1664 1797 1767 1838 quae
1796 1784 2023 1838 proprietas

213 1844 505 1884 molliusculum
539 1857 682 1896 corpus
714 1845 915 1897 requirere
946 1845 1116 1886 videtur.
1180 1846 1403 1887 Mercurius
1442 1845 1612 1898 denique
1644 1844 1819 1898 saphyro
1849 1846 1920 1884 ant
1948 1842 2024 1883 tali

214 1903 332 1943 alicui
378 1903 686 1952 assimilabitur,
740 1905 842 1956 quod
886 1904 1165 1955 pelluciditate
1207 1904 1377 1945 acumini
1421 1904 1621 1944 radiorum
1662 1903 1790 1955 ipsius
1831 1901 2021 1950 sufficiat,

211 1962 381 2014 plusque
414 1962 598 2014 propriae
633 1974 750 2013 quam
782 1963 937 2002 alienae
970 1962 1070 2003 lucis
1103 1963 1314 2003 admittat:
1349 1963 1442 2015 quia
1471 1975 1561 2003 eam
1592 1961 1926 2002 combinationem
1942 1961 2022 2001 ›ha-

213 2021 293 2069 bet,
328 2020 394 2060 ubi
428 2020 538 2060 calor
567 2020 771 2061 humorem
803 2025 978 2073 superat.

937 2079 1111 2119 Thesis
1141 2078 1300 2119 XXXI.

328 2136 503 2176 Ratione
535 2136 671 2189 itaque
703 2136 803 2176 lucis
834 2138 1088 2178 mutuatitiae
1119 2138 1185 2177 vel
1215 2137 1390 2178 humoris
1422 2135 1670 2178 considerari
1688 2139 1856 2188 possunt
1882 2148 2021 2178 eorum

212 2195 455 2235 emersiones
487 2196 552 2235 vel
585 2195 874 2236 occultationes
906 2202 948 2237 et
978 2196 1266 2249 oppositiones.
1330 2195 1530 2236 Saturnus
1565 2195 1633 2236 11.
1666 2195 1767 2235 Maii
1807 2195 2020 2248 oppositus

210 2252 296 2294 Soli
329 2259 371 2293 et
407 2252 473 2295 18.
509 2254 677 2294 Novem.
713 2255 843 2294 eidem
875 2255 1127 2308 conjunctus,
1174 2255 1524 2304 humectationem,
1559 2253 1853 2311 quarn-habet,
1886 2253 2019 2295 utrin-

211 2325 286 2365 que
314 2312 518 2353 exercebit
548 2313 744 2362 maxime,
779 2314 872 2365 quia
901 2315 1061 2366 plenam
1094 2314 1238 2354 faciem
1270 2329 1294 2355 a
1326 2313 1422 2354 Sole
1452 2314 1696 2355 illustratam
1728 2313 1782 2353 ad
1811 2325 1885 2353 nos
1916 2324 2017 2353 oon-

208 2376 354 2412 vertet.
417 2371 529 2412 Haec
566 2371 631 2413 11.
663 2372 871 2412 Februarii
903 2378 944 2412 et
976 2371 1015 2414 9.
1049 2374 1156 2425 Aug.
1190 2373 1356 2413 minima
1400 2372 1478 2425 erit
1522 2373 1562 2413 in
1605 2377 1773 2424 utroque
1804 2371 2017 2424 quadrato.

209 2430 370 2481 Jupiter
400 2430 506 2470 idem
539 2429 580 2472 8.
613 2430 767 2483 Aprilis
799 2432 838 2471 in
871 2432 1055 2483 opposito
1089 2437 1130 2472 et
1162 2429 1231 2472 26.
1267 2431 1413 2472 Octob.
1445 2431 1488 2471 in
1519 2430 1820 2483 conjunctione:
1851 2433 2016 2471 contra-

210 2488 310 2528 rium
342 2487 382 2529 8.
417 2489 508 2529 Jan.
543 2495 584 2530 et
615 2486 653 2530 6.
684 2489 781 2530 Julii
813 2491 852 2530 in
886 2491 1094 2543 quadrato.
1156 2491 1269 2531 Mars
1313 2491 1417 2530 idem
1450 2490 1706 2542 (quantulum
1733 2487 1891 2541 quidem
1924 2488 2014 2540 ejus

210 2547 353 2595 habet)
387 2546 426 2589 5.
460 2548 602 2589 Martii
633 2548 671 2588 in
705 2549 889 2601 opposito
922 2548 1050 2599 Solis,
1084 2550 1328 2590 contrarium
1360 2547 1400 2590 9.
1431 2548 1524 2588 Jun.
1556 2548 1597 2588 in
1629 2547 1849 2600 quadratO,
1886 2546 2016 2587 inter-

205 2606 328 2657 jectis
361 2611 404 2646 et
435 2607 694 2660 sequentibus
725 2609 972 2660 temporibus
1005 2608 1247 2650 successive.
1311 2607 1484 2648 Veneris
1516 2607 1598 2647 alia
1627 2606 1733 2646 ratio
1765 2610 1851 2653 est,
1895 2609 1943 2646 ut
1973 2609 2016 2645 et

209 2665 411 2706 Mercurii.
476 2665 584 2707 Nam
621 2664 685 2707 15.
717 2666 815 2706 Maii
847 2667 1060 2719 conjuncta
1092 2667 1178 2708 Soli
1211 2678 1350 2719 supra,
1381 2665 1590 2718 plurimum
1617 2663 1881 2714 humectabit,
1920 2667 2015 2704 ante

210 2729 251 2762 et
282 2729 376 2775 post
408 2725 637 2765 successive
671 2724 822 2765 minus:
862 2730 904 2765 et
935 2739 1039 2766 anno
1085 2726 1229 2766 abhinc
1269 2726 1422 2774 altero,
1461 2724 1567 2764 infra
1597 2722 1684 2764 Soli
1709 2722 1854 2775 juncta
1893 2721 2015 2763 mini-

209 2794 327 2823 mum.
390 2783 456 2822 Ita
493 2784 718 2824 Mercurius
763 2784 930 2836 exiguus
968 2784 1007 2824 in
1046 2785 1122 2825 hoc
1160 2789 1225 2825 est
1262 2781 1301 2825 4.
1343 2783 1436 2824 Jan.
1478 2779 1546 2823 30.
1582 2781 1748 2834 Aprilis.
1797 2779 1868 2823 29.
1901 2779 2028 2842 Aug.¹

213 2838 280 2881 19.
313 2841 503 2882 Decemb.
565 2843 671 2883 Nam
702 2843 808 2882 infra
832 2842 919 2883 Soli
945 2843 1109 2895 junctus
1141 2855 1295 2883 omnem
1311 2841 1453 2882 faciem
1485 2854 1509 2881 a
1528 2839 1623 2881 Sole
1655 2840 1900 2881 illustratam
1918 2843 2028 2880 sur-⁴

210 2911 296 2939 sum
338 2900 482 2940 vertit·
527 2901 735 2952 plurimum
772 2913 867 2942 vero
912 2899 952 2943 9.
985 2901 1147 2951 Martii,
1193 2900 1264 2942 27.
1295 2900 1423 2948 Junii,
1470 2897 1538 2941 19.
1572 2897 1663 2940 Oct.
1696 2898 1854 2951 quando
1891 2909 2017 2978 supra

211 2956 296 2997 Soli
322 2958 516 3010 jungitur,
550 2965 591 2999 et
621 2960 864 3001 illustratam
895 2960 1040 3000 faciem
1072 2961 1257 3000 deorsum
1287 2958 1424 2999 vertit
1985 2981 1989 2988 ·

887 3019 1094 3059 Thesis
1124 3018 1302 3060 XXXII.

331 3073 508 3115 Ratione
539 3075 639 3116 lucis
669 3081 711 3116 et
741 3076 903 3117 virtutis
934 3078 1119 3130 propriae
1138 3074 1399 3118 calfactoriae
1431 3072 1648 3121 dubitatur,
1682 3072 1807 3114 altine
1825 3071 2013 3116 fortioro·
