1982 3268
38 1296 67 1369 ’Ἀ

138 105 195 151 92
932 104 1147 138 Prooemium.

136 217 175 256 in
208 214 475 267 descriptione
509 213 638 253 latina
669 212 895 261 monuisse,
942 225 1030 252 esse
1074 212 1169 252 mihi
1213 212 1252 252 in
1291 218 1452 265 promtu
1490 225 1674 254 numeros
1705 211 1951 261 minutiores,

138 275 208 315 sed
241 274 383 327 quibus
403 273 524 313 intra
555 270 643 313 200
675 284 800 311 annos
833 272 992 312 circiter
1023 268 1076 312 8⁰
1107 284 1216 311 error
1248 272 1520 312 committatur
1549 272 1590 312 in
1610 273 1742 318 reditu
1769 271 1817 320 9.
1868 270 1950 313 Ge-

136 340 263 374 terum
299 332 453 372 facilius
487 337 551 371 est
582 331 711 383 perito
745 330 888 371 artifici
919 336 1004 371 tam
1035 330 1160 370 exiles
1201 331 1410 383 effingere,
1449 343 1568 383 quam
1606 331 1703 382 mihi
1738 331 1880 384 partiri
1913 331 1950 371 in

137 397 247 432 rotas
278 392 428 444 plures.
490 390 655 431 Numeri
687 389 791 429 enim
823 390 927 430 inter
959 403 1002 430 se
1032 389 1147 442 primi
1181 396 1299 429 sunt:
1334 396 1423 430 tota
1454 403 1548 430 vero
1581 390 1710 437 forma
1741 395 1782 431 et
1812 390 1952 443 dispo-

137 452 230 491 sitio
263 464 351 491 eum
386 451 423 490 in
456 450 612 490 modum
645 454 851 501 suscepta,
897 449 961 501 qui
1001 462 1076 488 non
1112 449 1244 501 possit
1275 462 1346 501 pro
1379 463 1457 489 una
1490 449 1590 489 duas
1622 455 1735 490 rotas
1767 447 1949 503 adipisci,

137 511 191 550 uti
227 516 266 550 te
293 510 379 563 jam
411 509 637 560 intelligere
671 509 802 548 credo.

255 571 298 609 In
334 569 475 608 eadem
508 568 633 608 latina
666 567 932 619 descriptione
966 580 1104 607 secure
1135 567 1391 618 scrupulosus
1431 567 1512 607 fui:
1559 579 1604 607 eo
1639 567 1743 620 quod
1783 566 1857 608 tibi
1887 565 1951 608 me

136 629 210 669 soli
231 629 405 668 scribere
427 640 644 667 censerem.
688 627 910 678 Propterea
940 626 1060 666 etiam
1094 626 1217 666 latine
1251 626 1405 678 scripsi,
1441 632 1482 666 et
1514 626 1551 666 in
1584 626 1815 679 germanico
1847 626 1952 674 cavi,

137 701 184 727 ne
216 688 343 728 latina
375 687 590 738 descriptio
624 686 660 725 in
694 685 846 726 alienas
880 699 1021 726 manus
1054 685 1254 726 deveniat.
1308 684 1376 726 Sic
1409 685 1512 726 enim
1546 685 1788 735 existimavi,
1821 685 1951 726 nemi-

136 760 223 787 nem
256 760 306 787 ex
338 745 578 786 consiliariis
611 746 718 791 fore,
761 745 826 796 qui
858 758 934 784 non
969 751 1081 785 tuum
1114 745 1238 784 solius
1271 744 1476 784 consilium
1509 745 1670 797 expeti,
1716 747 1834 798 quam
1865 744 1951 797 ipse

136 806 443 859 prolixissimum
465 804 657 857 scriptum
683 805 845 856 ignotae
867 804 1075 853 materiae,
1110 817 1250 844 manus
1282 804 1620 853 intricatissimae,
1654 805 1788 856 legere
1821 804 1949 845 malit.

136 867 275 917 Itaque
309 865 436 905 adhuc
469 876 543 916 ego
577 865 624 903 de
658 863 842 903 sollicitis
869 863 958 903 istis
986 863 1236 903 cautionibus
1265 876 1427 903 securus
1453 876 1553 903 sum.
1606 862 1724 910 Quod
1757 863 1793 903 si
1825 863 1949 904 etiam

136 925 283 976 legant,
319 924 509 963 videbunt
541 936 603 963 me
636 928 817 974 apertum
851 936 939 975 esse
973 929 1013 963 et
1045 923 1298 974 diligentem,
1332 920 1398 974 qui
1431 922 1562 962 omnia
1594 922 1836 975 expendam,
1873 919 1947 963 nec

135 989 333 1031 metuent,
365 988 410 1023 ut
442 996 502 1022 me
535 982 629 1035 quid
662 982 785 1021 latere
819 983 964 1033 possit,
1001 982 1105 1035 quod
1138 982 1190 1021 ad
1222 981 1278 1021 rei
1312 994 1505 1022 summam
1537 987 1710 1034 spectet.

254 1041 370 1088 Quod
404 1042 456 1081 ad
487 1054 549 1081 me
583 1042 646 1081 hic
679 1041 962 1093 increpandum
994 1046 1063 1081 tuo
1095 1041 1276 1093 exemplo
1310 1040 1454 1089 uteris,
1494 1041 1620 1089 scito,
1653 1041 1758 1081 idem
1790 1041 1843 1081 ad
1875 1052 1952 1080 un·-

135 1114 249 1154 guem
283 1101 376 1142 mihi
411 1101 472 1140 hic
506 1101 712 1140 accidisse.
758 1100 909 1140 Rector
930 1107 1066 1140 noster
1086 1100 1189 1140 male
1210 1099 1304 1140 mihi
1331 1099 1530 1152 cupiebat,
1567 1099 1656 1152 ejus
1688 1112 1764 1153 ego
1796 1099 1951 1140 calum-

136 1161 222 1201 nias
256 1162 304 1200 de
338 1160 515 1200 novitate
549 1160 688 1199 odiosa
720 1160 956 1199 metuebam.
1017 1159 1146 1211 Igitur
1177 1159 1386 1199 consilium
1417 1159 1506 1211 cepi
1544 1159 1787 1200 extenuandi
1818 1171 1952 1202 coram

137 1221 202 1260 illo
236 1220 312 1260 mei
344 1219 509 1267 inventi,
543 1225 585 1259 ut
606 1219 710 1271 quod
742 1231 818 1258 non
853 1232 1000 1259 novum
1032 1219 1102 1258 sed
1124 1219 1344 1270 antiquitus
1377 1223 1515 1258 notum
1548 1218 1680 1263 fuerit.
1736 1217 1883 1270 Incidit
1912 1217 1951 1257 in

135 1279 312 1333 Scyllam
351 1280 514 1330 cupiens
560 1278 689 1318 vitare
724 1276 968 1331 Charybdin.
1031 1278 1138 1319 Nam
1180 1277 1349 1330 arripuit
1378 1276 1478 1317 illud
1511 1277 1559 1317 de
1593 1277 1833 1331 antiquitate
1865 1290 1953 1317 ma-

128 1339 336 1391 joremque
370 1351 420 1377 ex
452 1351 499 1377 ea
532 1337 768 1377 calumniam
808 1337 846 1377 in
886 1350 947 1387 me
992 1337 1214 1384 derivavit,
1260 1349 1379 1390 quam
1424 1349 1474 1377 ex
1511 1337 1670 1377 curiosa
1709 1341 1751 1377 et
1781 1335 1953 1390 superba

135 1398 315 1438 novitate
348 1397 546 1449 potuisset
579 1409 778 1449 unquam:
813 1401 856 1436 et
886 1401 1021 1437 tamen
1054 1409 1144 1436 mea
1173 1396 1302 1436 vitula
1334 1395 1488 1436 arabat.
1821 1399 1827 1405 ’

229 1515 424 1547 Maestlinus
443 1515 474 1546 d.
495 1513 549 1546 22.
569 1515 645 1547 Jan.
669 1512 756 1546 1599
782 1514 867 1547 haec
892 1515 1076 1556 respondit:
1106 1513 1293 1546 Mirabilem
1315 1513 1409 1546 video
1434 1514 1575 1555 priorum
1597 1513 1768 1546 literarum
1805 1522 1953 1561 mearum

134 1563 300 1595 fortunam
314 1563 353 1594 in‘
363 1563 489 1595 itinere.
505 1562 777 1603 quemadmodum
788 1562 979 1594 tabellarius
986 1562 1006 1594 J
1009 1562 1131 1594 acobus
1149 1562 1365 1602 superioribus
1377 1561 1544 1593 mensibus
1556 1561 1636 1593 mihi
1651 1570 1778 1603 quoque
1793 1561 1951 1602 exposuit.

133 1610 257 1642 Verum
282 1620 333 1641 res
359 1610 441 1641 bene
472 1610 595 1646 habet,
630 1609 789 1650 siquidem
814 1609 865 1640 vel
890 1610 1026 1642 tandem
1051 1609 1194 1641 traditae
1224 1610 1366 1641 fuerunt.
1417 1608 1534 1640 Mense
1561 1607 1693 1640 Octobri
1718 1608 1826 1640 nullas
1851 1608 1895 1640 ad
1919 1612 1953 1640 te

136 1658 250 1699 scripsi
274 1657 397 1689 literas.
419 1681 427 1688 .
447 1680 455 1688 .
477 1681 484 1688 .
511 1657 640 1688 Literas
666 1662 741 1688 tuas
767 1657 960 1697 superiores,
987 1666 1068 1698 quas
1094 1657 1134 1688 de
1159 1657 1324 1699 horologio
1351 1656 1395 1688 ad
1419 1665 1499 1697 opus
1522 1656 1776 1688 astronomicum
1800 1655 1952 1688 addendo

134 1714 202 1737 una
227 1714 300 1736 cum
327 1704 438 1736 rotulis
456 1704 581 1735 dedisti
609 1704 651 1736 ad
675 1714 727 1735 me
754 1704 929 1735 admodum
953 1704 1115 1745 prolixas,
1143 1704 1250 1735 adhuc
1274 1713 1404 1735 mecum
1429 1703 1567 1735 retineo.
1617 1702 1718 1735 Ratio
1744 1707 1806 1739 est,
1830 1702 1951 1735 Κωπ-

136 1762 289 1792 mayerus
314 1753 491 1793 praeterito
516 1761 629 1783 mense
656 1750 744 1793 apud
775 1761 834 1782 nos
866 1751 946 1788 fuit,
985 1753 1036 1783 cui
1074 1751 1186 1784 literas
1212 1751 1410 1788 monstravi,
1447 1759 1624 1792 earumque
1658 1754 1818 1784 contenta
1842 1759 1953 1783 coram

135 1800 175 1831 D.
208 1800 248 1830 D.
278 1799 506 1831 Hafenreffero
533 1800 675 1840 exposui.
727 1797 793 1830 Sed
818 1798 931 1835 video,
970 1799 1133 1830 hominem
1170 1799 1211 1830 ab
1245 1798 1307 1830 hoc
1338 1799 1472 1840 negotio
1505 1798 1603 1839 plane
1629 1797 1813 1830 abhorrete.
1865 1796 1951 1830 Con-

134 1847 304 1878 suluerunt
330 1856 406 1888 ergo
433 1856 556 1892 omnes,
582 1847 799 1878 mutationem
821 1845 945 1877 nullam
964 1856 1035 1878 esse
1054 1846 1305 1890 suscipiendam.
1347 1845 1492 1887 Cumque
1513 1855 1578 1881 me,
1604 1855 1647 1877 ne
1671 1846 1824 1887 princeps
1848 1844 1951 1877 offen-

135 1894 275 1929 deretur,
302 1899 447 1925 metuere
474 1894 624 1932 dicerem,
651 1893 706 1925 ille
731 1893 909 1934 respondit,
935 1894 1015 1925 nihil
1032 1894 1076 1925 ibi
1094 1893 1401 1934 subesse-periculi3
1427 1893 1489 1924 sibi
1514 1894 1601 1925 enim
1625 1893 1779 1934 principis
1804 1893 1950 1937 animum

134 1941 180 1972 sic
207 1942 373 1982 cognitum
400 1951 491 1977 esse,
527 1941 589 1972 nisi
615 1950 725 1973 coram
750 1940 851 1972 oculis
875 1940 1007 1977 videat.
1045 1945 1103 1973 aut
1130 1941 1220 1972 hisce
1252 1941 1380 1982 scriptis
1412 1943 1608 1978 moneatur,
1644 1940 1747 1981 ipsius
1773 1939 1858 1972 Cels.
1883 1948 1952 1972 non

133 1988 268 2019 ulterius
294 1988 333 2020 de
360 1998 397 2020 eo
424 1989 597 2029 quicquam
629 1998 700 2020 esse
729 1991 900 2020 motui-am.
952 1988 1102 2029 Inprimis
1132 1998 1226 2024 vero,
1263 1988 1347 2029 quod
1378 1987 1455 2019 mihi
1486 1996 1614 2028 quoque
1645 1987 1832 2023 videbatur,
1867 1987 1954 2019 sieut

136 2035 352 2076 superioribus
378 2035 479 2067 literis
505 2037 629 2076 scripsi,
654 2036 832 2067 immanem
861 2036 1098 2068 denticulorum
1127 2042 1297 2067 numerum
1323 2035 1454 2067 dicebat
1478 2043 1687 2077 nequaquam
1711 2034 1951 2076 repraesentari

134 2093 239 2123 pesse.
290 2082 477 2115 Parendum
503 2093 579 2124 ergo
609 2083 670 2114 fuit
695 2093 806 2114 eorum
832 2082 978 2119 consilio,
1006 2087 1038 2114 et
1063 2083 1101 2119 si,
1129 2082 1214 2123 quod
1239 2092 1290 2114 res
1316 2087 1377 2119 est,
1404 2082 1510 2114 denuo
1537 2083 1646 2113 dicere
1671 2081 1779 2119 velim,
1804 2082 1895 2114 suasi
1917 2080 1952 2112 id

135 2130 229 2161 initio
264 2130 366 2166 ultro,
401 2129 551 2171 idemque
577 2129 684 2162 adhuc
710 2125 863 2162 facerem.
915 2129 981 2163 Sed
1005 2130 1101 2161 nimis
1125 2130 1304 2170 pretiosum
1330 2139 1409 2171 opus
1443 2132 1651 2167 estse-ntea
1685 2133 1798 2162 autem
1821 2124 1950 2161 dissua-

137 2177 214 2208 dere
239 2177 318 2208 illud
343 2176 433 2208 haud
457 2178 558 2217 potui,
586 2178 663 2218 quia
686 2178 861 2218 putabant,
889 2186 930 2209 ea.
953 2178 1106 2208 universa
1131 2187 1153 2208 a
1177 2181 1211 2208 te
1233 2178 1302 2221 jam
1321 2181 1399 2209 ante
1417 2178 1538 2219 optime
1555 2177 1666 2216 fuisse,
1693 2176 1853 2218 quomodo
1876 2184 1949 2218 per·

135 2223 187 2256 fici
213 2228 357 2265 possent,
382 2224 635 2265 praemeditata.
1773 2226 1776 2228 ’

231 2271 410 2313 Ercusatio
437 2275 495 2302 tua
521 2272 561 2303 de
585 2272 682 2313 priori
708 2272 827 2313 scripto
852 2276 909 2304 tuo
935 2272 978 2304 ad
1003 2281 1055 2303 me
1082 2271 1159 2304 dato
1185 2276 1219 2303 et
1242 2272 1288 2303 sic
1313 2271 1472 2304 adornato
1500 2270 1586 2312 apud
1602 2280 1656 2303 me
1672 2270 1826 2304 facillime
1843 2271 1952 2305 locum

134 2319 252 2355 habet,
287 2329 398 2350 verum
425 2319 636 2350 metuendum
663 2323 764 2356 esset.
801 2325 838 2351 ut
863 2319 951 2361 apud
977 2319 1074 2357 alios,
1108 2319 1223 2361 quibus
1247 2319 1311 2351 hae
1336 2323 1415 2351 tuae
1440 2319 1585 2350 rationes
1610 2319 1746 2360 ignotae
1770 2321 1848 2350 suut
1872 2315 1951 2358 (nec

136 2367 222 2398 enim
248 2366 395 2397 omnibus
424 2375 481 2397 eas
508 2376 668 2407 exponere
694 2365 855 2408 possem),
882 2377 933 2399 res
960 2367 1055 2398 aliter
1081 2367 1294 2408 acciperetur.
1347 2365 1414 2398 Sed
1436 2375 1488 2397 res
1513 2365 1598 2398 bene
1621 2363 1744 2403 habet,
1770 2365 1848 2408 quia
1869 2360 1952 2399 illud
1979 2366 1982 2420 Ι

135 2414 290 2454 scriptum
323 2417 453 2454 propter
487 2423 621 2445 causam
655 2414 777 2446 dictam
808 2415 842 2446 in
875 2414 1010 2446 aliorum
1044 2423 1161 2445 manus
1193 2424 1259 2445 non
1291 2414 1391 2445 venit.
1442 2412 1567 2452 Quodsi
1590 2412 1642 2445 vel
1666 2413 1816 2454 princeps
1841 2411 1982 2455 rursus,⁴

134 2461 311 2497 monuerit,
338 2461 387 2492 vel
412 2461 470 2491 tibi
495 2470 545 2492 res
573 2461 667 2493 aliter
691 2461 857 2502 videatur,
882 2466 936 2494 sat
966 2462 1123 2503 temporis
1149 2462 1211 2493 erit
1236 2461 1276 2493 de
1301 2461 1434 2504 negotio
1458 2460 1547 2493 ultra
1571 2459 1750 2503 cogitandi.
1775 2476 1823 2484 —

230 2566 282 2598 Ad
305 2566 387 2598 haec
414 2566 648 2607 Keplerus:

255 2637 315 2677 De
338 2636 635 2689 Stuggardiano
669 2640 830 2692 negotio
862 2639 942 2679 tuis
969 2640 1180 2692 acquiesco
1203 2637 1398 2684 consiliis.
1451 2637 1586 2677 Velim
1617 2642 1766 2685 tamen,
1800 2642 1958 2688 agen-s

136 2702 230 2743 tum,
267 2697 370 2748 quod
397 2697 480 2749 jam
513 2697 732 2749 impensum
765 2703 840 2748 est,
875 2699 1098 2747 asservari,
1134 2711 1210 2738 non
1242 2699 1350 2738 inter
1380 2696 1562 2749 privatos
1595 2695 1784 2744 distrahi,
1819 2700 1882 2743 ut,
1914 2691 1971 2741 ἀς

139 2756 294 2806 quando
315 2768 426 2807 opus,
462 2757 576 2808 quale
609 2757 683 2797 tibi
717 2758 923 2809 descripsi,
960 2758 1059 2798 meis
1091 2759 1155 2798 vel
1187 2757 1356 2809 alicujus
1383 2754 1535 2808 opificis
1562 2754 1758 2794 sumtibus
1787 2753 1973 2812 perfec-52?

138 2818 219 2852 tum
253 2819 294 2853 et
326 2816 552 2855 absolutum
584 2817 752 2868 principi
783 2829 854 2869 pro
886 2830 999 2856 meae
1033 2817 1164 2856 famae
1198 2815 1430 2856 defensione
1459 2813 1654 2862 obtulero,
1689 2813 1867 2853 rationes
1907 2831 1970 2869 ιη’

140 2877 304 2921 argento
337 2873 393 2912 illi
427 2874 506 2913 sint
538 2876 764 2927 expeditae.
828 2874 982 2922 Quodsi
1021 2875 1276 2916 metuendum
1313 2873 1387 2914 tibi
1425 2885 1500 2912 uon
1540 2877 1627 2919 est,
1672 2877 1717 2912 ut
1753 2872 1862 2912 ultra
1907 2868 1969 2906 »ἕ

140 2930 231 2968 aula
263 2930 550 2983 interpelleris,
584 2935 741 2975 remitte
775 2935 870 2975 mihi
903 2934 1212 2986 descriptionem
1245 2933 1412 2973 latinam
1443 2931 1611 2979 saltem,
1656 2935 1865 2971 reservata

140 3000 294 3027 omnem
326 2996 509 3030 eventum
542 2994 790 3043 germanica,
826 2994 918 3046 quia
949 2994 1154 3046 exemplar
1185 3005 1263 3032 non
1295 2991 1436 3032 habeo.
1486 3001 1491 3005 ’

1169 3050 1213 3091 (Ε
1238 3050 1341 3083 literis
1365 3049 1396 3080 d.
1423 3049 1454 3081 d.
1482 3046 1537 3079 26.
1563 3047 1656 3080 Febr.
1687 3045 1806 3087 1599.)
