2028 3242
165 0 168 2 ’
203 0 231 17 ’“’
335 31 341 38 ,
538 7 540 11 “
588 12 591 19 ’
666 24 668 27 -
799 0 815 35 ,ἶ
864 0 868 3 ’
1012 29 1030 39 ,,
1178 5 1190 24 ‚¹
1212 0 1215 5 ¹
1342 29 1373 55 Α
1453 6 1462 26 «’
1503 8 1506 10 ’
1607 5 1633 37 'i
1727 11 1730 14 ’
1926 17 1969 37 s.

332 40 338 49 4
1268 40 1274 43 χ
1443 45 1447 48 ·
1628 44 1632 47 ¹
1922 38 1926 43 ⁴
1968 37 2014 51 *‘<

180 62 221 89 ·,'
321 51 361 80 f.
568 51 580 74 κ’
626 56 683 74 -’“’
740 71 746 82 »
1147 57 1153 69 ³
1236 70 1349 100 τη
1403 51 1520 91 ‘fif—›-
1612 51 1676 76 '⁵⁸
1725 16 1914 100 ἶϊ-ΗΛ

512 94 515 97 ,
1234 93 1251 104 ψ
1308 95 1321 101 ψ
2018 92 2023 105 φ

742 88 748 95 x
782 73 791 90 ἵ
825 86 828 93 ι
885 82 889 83 ’
897 83 900 87 ·
1045 81 1047 84 ⁴
1123 70 1125 73 Δ
1808 89 1810 95 ι
1823 84 1828 87 *
1836 86 1853 97 ω

177 86 258 156 1όο
521 111 527 122 ‘
602 122 618 155 ,¹⁶
673 136 676 138 Α
774 110 1033 151 In‘Mysterium
1059 107 1370 160 Cosmdgraphicum
1410 122 1414 128 ’
1430 109 1437 135 ‘¹
1495 122 1505 137 ί
1762 125 1798 195 se
1812 94 1930 201 ‘fis-{L
1957 92 1966 100 .
1987 96 1992 106 λ

392 175 393 178 ,
813 174 816 178 -
926 184 929 185 .
991 177 994 184 2
1233 181 1237 185 .
1750 193 1760 214 ,ί
1792 175 1810 208 p
1843 191 1861 214 „v
1932 182 1938 186 r
1952 164 1962 193 s
1976 171 1982 194 ⁷.
2006 173 2018 195 ἶ.

1555 76 1561 86 1
1614 72 1663 90 ’ἐπι
1699 91 1701 93 ,

1530 125 1539 142 Ι

491 158 505 186 ⁴
534 173 552 197 y
595 162 601 170 ”
622 151 630 167 ⁵
659 181 664 205 ᾗ
946 192 948 194 ,
1144 172 1165 206 ,)
1247 197 1250 199 ,
1345 170 1349 179 “
1395 121 1690 215 Ἱβῆμίί),
1710 177 1717 190 ».

243 217 274 263 l)
313 220 394 254 Non
426 206 498 265 est*
516 219 723 259 absurdum,
741 210 876 259 stDeum
904 217 939 252 in
969 204 1115 252 conditu
1142 194 1272 257 talitae
1304 199 1408 252 m31is
1441 218 1711 255 demonstrasse
1720 219 1845 271 phuam
1877 220 1988 256 omni-

1235 186 1246 204 ,
1280 196 1284 203 ,
1299 189 1302 191 .
1343 192 1345 194 .

313 271 528 317 potentiam.
597 271 675 320 1:190
704 272 798 321 Deo
815 271 1014 322 mmundus
1047 282 1233 325 magnus
1273 272 1484 322 3⁸⁶.2.„„{,‘}.S¹
1522 283 1601 306 nos
1640 274 1802 308 mundo
1869 274 1986 309 arvi.
2000 263 2028 302 ’Λ

312 326 391 360 Hoc
419 336 529 359 unum
558 316 814 371 habe{j“'11ii‹3'‹i
837 316 940 358 fneae
962 285 2006 372 'p'ir'o‘Uffefffi65'”‘ar}umentatffimfflss÷ffleff

312 378 562 423 imperfectam
583 389 664 412 esse
676 405 684 419 ,
718 378 812 423 quod
833 377 1118 422 comprehendat
1137 382 1282 412 tantum
1301 378 1462 412 secunda
1481 377 1651 420 mobilia,
1673 379 1809 415 omissa
1827 381 1990 426 sphaera

313 433 481 471 fixarum,
502 436 656 476 propter
675 431 756 475 ejus
777 431 813 464 iu
834 430 1034 474 Copernico
1055 430 1284 466 infinitatem.
1322 430 1448 476 Atqui,
1479 443 1499 465 o
1520 431 1658 477 Tycha,
1689 433 1895 468 mundanae
1915 433 1987 468 for·
2008 432 2012 435 ’

311 495 391 519 mae
424 485 590 525 interest,
622 485 810 530 quiescens
839 494 862 517 a
893 483 1087 518 mobilibus
1120 488 1226 519 tanto
1246 484 1443 519 intervallo
1463 485 1607 520 abesse.
1646 485 1743 520 Nam
1761 486 1792 520 si
1809 497 1885 521 una
1903 498 1987 532 pro-

313 538 480 583 portione
507 537 783 582 comprehendit
802 537 902 571 Deus
932 537 1082 571 mobilia
1109 549 1190 572 cum
1221 537 1450 583 quiescente,
1485 548 1549 572 cur
1580 537 1647 573 illa
1678 543 1888 581 moventur,
1920 539 1989 574 hoc

312 591 491 636 quiescit?
525 591 652 625 Nonne
674 593 719 625 ad
740 601 901 624 normam
920 595 1080 625 motuum
1101 591 1280 631 convenit,
1302 589 1536 626 distributam
1555 602 1637 625 esse
1657 595 1697 626 et
1717 591 1987 637 quantitatem?

162 645 176 674 κ’
222 642 275 687 m)
315 644 479 684 Quilibet
498 655 537 678 se
559 649 679 684 amat;
710 645 773 678 sed
794 643 878 678 hinc
897 643 996 684 vide,
1024 643 1154 689 quanti
1170 643 1425 685 faciatmeam
1445 644 1817 693 afflmentationem.

234 695 276 742 n)
292 692 295 694 ’
314 698 394 732 Non
415 697 556 743 quidem
576 702 635 731 est
653 698 936 742 praetereunda,
961 698 1023 731 sed
1043 702 1168 732 tamen
1187 709 1259 732 non
1279 702 1340 732 est
1358 688 1828 741 immiscendi-mom,
1858 698 1895 733 in
1917 698 1988 734 hac

310 750 382 785 illis
401 750 553 796 propria
573 750 840 796 speculatione.
1662 747 1665 750 ’

269 853 324 894 14)
350 866 381 896 p.
409 854 463 886 45.
518 854 770 893 „Domesticus“
798 855 852 886 ille
879 855 941 886 fuit
966 854 1127 887 Gellius
1154 853 1403 887 Sascerides
1429 855 1633 894 Hafniensis,
1659 853 1750 887 Med.
1779 854 1873 888 Stud-
1900 853 1986 896 (mo-

169 904 247 934 ritur
271 903 416 934 Hafniae
443 912 528 934 anno
558 900 669 939 1612,
702 902 887 934 medicinae
913 902 1103 943 professoris
1129 908 1263 934 munere
1287 902 1439 944 fungens.
1490 902 1542 934 De
1569 903 1721 940 actione,
1747 911 1846 944 quam
1871 906 1988 935 contra

166 950 252 981 hunc
283 950 424 982 Gellium
458 950 600 981 instituit
634 949 745 990 Tycho
784 959 870 981 anno
910 947 997 980 1596
1031 950 1070 981 ob
1105 959 1156 981 res
1193 949 1379 991 nuptiales,
1417 950 1490 982 vide
1527 950 1629 982 vitam
1658 949 1824 991 'tychonis
1861 950 1986 982 editam

168 1007 198 1028 a.
230 995 319 1028 1756
354 1007 375 1029 a
399 997 482 1029 Phil.
519 997 559 1028 de
585 997 762 1029 Weistritz.
803 1007 834 1038 p.
863 994 930 1027 236
957 994 1040 1038 sq.),
1077 997 1132 1038 qui
1165 995 1236 1028 Cal.
1271 998 1356 1040 Aug.
1386 994 1477 1029 1588
1508 996 1687 1029 Maestlino
1719 1006 1799 1039 opus
1823 997 1988 1038 Tychonis

166 1045 320 1083 miserat,
348 1044 397 1075 his
424 1045 544 1076 additis
569 1045 692 1076 verbis:
733 1044 845 1084 Tyeho
871 1054 924 1076 me
950 1045 1098 1086 rogavit,
1125 1048 1163 1075 ut
1187 1054 1245 1075 suo
1270 1045 1403 1076 nomine
1429 1054 1450 1076 a
1474 1048 1509 1076 te
1533 1048 1701 1086 peterem,
1733 1053 1776 1076 ne
1801 1053 1987 1087 gravarere,

167 1091 253 1123 bunc
278 1093 384 1133 ipsum
411 1094 480 1132 ejus
506 1092 621 1124 librum
647 1091 815 1134 perlegere
848 1096 882 1123 et
914 1092 954 1123 de
980 1101 1018 1123 eo
1051 1095 1144 1122 tuum
1174 1091 1334 1132 judicium
1360 1088 1604 1134 Uraniburgum
1635 1091 1678 1124 ad
1714 1101 1752 1123 se
1775 1092 1985 1133 perscribere.

166 1139 199 1170 Is
225 1149 299 1171 vero
326 1140 406 1170 liber
430 1139 592 1180 peculiari
617 1139 758 1181 quodam
784 1139 919 1171 consilio
943 1139 1082 1180 primum
1108 1143 1158 1170 est
1184 1139 1301 1178 editus,
1328 1139 1475 1181 quamvis
1501 1138 1643 1171 necdum
1667 1139 1840 1182 vulgatum
1865 1139 1987 1181 primus

168 1191 201 1218 et
226 1187 341 1218 tertius
367 1187 464 1225 brevi,
493 1191 530 1218 ut
555 1197 660 1228 spero,
688 1190 877 1228 sequentur.

261 1232 385 1272 Quibus
411 1233 606 1266 Maestlinus
633 1234 719 1265 brevi
743 1237 818 1275 post
850 1233 1056 1275 respondisse
1087 1233 1235 1270 videtur,
1271 1241 1369 1275 quum
1402 1237 1510 1266 exstet
1544 1233 1691 1274 ejusdem
1717 1232 1814 1266 Gellii
1848 1233 1988 1274 epistola

165 1280 211 1321 (d.
242 1279 295 1312 19.
317 1281 406 1322 Sept.
428 1279 536 1320 1588)
565 1281 607 1312 ad
633 1281 679 1312 M.
708 1281 799 1315 data.
827 1282 860 1312 in
886 1290 951 1322 qua
975 1280 1060 1312 haec
1084 1280 1244 1322 legimus:
1271 1280 1481 1323 gratissimae
1506 1281 1586 1312 mihi
1609 1280 1744 1312 fuerunt
1766 1280 1883 1312 literae
1907 1285 1986 1312 tuae

166 1333 199 1360 et
225 1329 427 1370 approbatio,
455 1329 509 1370 qui
528 1329 586 1360 tibi
603 1329 720 1360 librum
738 1327 918 1369 Tychonis,
945 1329 1042 1360 amici
1068 1329 1132 1359 mei
1158 1328 1448 1369 praestantissimi,
1473 1328 1607 1360 testaris
1630 1327 1774 1369 placere.
1813 1327 1860 1360 Ut
1885 1329 1987 1360 etiam

164 1375 327 1416 Tychonis
355 1376 551 1408 desiderium
579 1385 778 1418 cognoscem,
811 1375 1113 1407 transscribendum
1139 1375 1199 1407 tibi
1225 1376 1318 1412 duxi,
1356 1376 1442 1417 quod
1467 1385 1488 1407 a
1511 1384 1565 1407 me
1590 1376 1658 1407 suis
1683 1375 1784 1407 literis
1809 1375 1983 1417 flagitavit.

163 1423 276 1454 Verba
301 1425 371 1463 eJus
397 1424 481 1455 haec
507 1427 604 1455 sunt:
630 1424 658 1454 si
685 1424 801 1454 misisti
826 1422 1004 1455 Maestlino
1030 1422 1147 1454 librum
1171 1433 1292 1460 meum,
1317 1427 1355 1454 ut
1380 1427 1414 1454 te
1440 1423 1559 1455 secisse
1584 1432 1649 1455 non
1675 1422 1806 1460 dubito,
1831 1431 1924 1465 rogae,
1948 1426 1987 1454 ut

163 1471 208 1501 illi
233 1471 338 1511 prima
365 1472 538 1502 occasione
564 1471 705 1502 scribere
730 1471 808 1501 velis
843 1480 980 1511 meoque
1017 1471 1149 1502 nomine
1183 1479 1319 1512 rogare,
1351 1474 1390 1501 ut
1413 1479 1507 1502 suam
1533 1470 1574 1502 de
1610 1470 1669 1516 iis,
1705 1478 1791 1511 quae
1825 1470 1986 1505 continet,

164 1519 363 1549 sententiam
388 1518 467 1549 mihi
493 1523 620 1550 mature
647 1522 725 1549 ante
750 1518 891 1549 hiemem
907 1527 965 1558 per
982 1517 1095 1549 literas
1112 1517 1299 1559 significare
1317 1527 1382 1548 non
1400 1518 1530 1560 gravari
1548 1516 1635 1548 velit.
1673 1515 1770 1557 (Mss.
1786 1514 1984 1556 Maestlini.)

257 1564 373 1596 Pauca
397 1565 458 1596 hoc
484 1565 555 1597 loco
582 1565 622 1597 de
648 1565 842 1606 Tychone
869 1564 1024 1596 addenda
1050 1574 1232 1601 censemus,
1260 1565 1469 1597 celeberrimo
1504 1563 1560 1595 illo
1593 1567 1798 1599 astronomo,
1831 1564 1886 1605 qui
1910 1564 1984 1596 fun-

164 1612 322 1643 damenta
353 1613 435 1652 Jecit
469 1613 618 1654 viamque
651 1613 778 1653 aperuit
813 1611 957 1653 Keplero
990 1612 1253 1643 observationum
1287 1621 1421 1643 suarum
1455 1611 1780 1654 diligentissimae-um
1820 1611 1906 1642 mole
1941 1610 1986 1643 ad

165 1659 404 1690 emendandam
432 1661 676 1691 astronomiam.
728 1659 796 1690 Viri
823 1665 935 1690 autem
959 1659 1043 1690 illius
1069 1660 1181 1696 vitam,
1209 1662 1261 1695 et,
1288 1659 1403 1700 quibus
1434 1659 1609 1690 defunctus
1634 1659 1697 1695 sit,
1725 1667 1843 1695 casus,
1866 1658 1984 1700 qnippe

162 1707 272 1738 multis
297 1706 385 1738 libris
412 1708 639 1739 astronomicis
665 1711 698 1738 et
722 1706 883 1738 historicis
908 1707 1026 1738 iterum
1050 1707 1230 1748 iterumque
1256 1706 1412 1747 repetitos
1427 1729 1436 1743 ,
1473 1705 1618 1747 pluribus
1643 1705 1765 1738 referre
1789 1715 1856 1737 non
1882 1706 1985 1737 visum

164 1759 225 1785 est.
267 1753 361 1786 Haec
387 1758 516 1785 tantum
544 1754 754 1786 Gassendo
781 1758 915 1785 auctore
941 1753 1084 1794 adjicere
1110 1753 1245 1794 placuit.
1285 1753 1398 1794 Tycho
1427 1757 1528 1785 natus
1552 1757 1605 1785 est
1629 1752 1847 1794 Knudstorpii
1869 1761 1983 1784 mense

164 1801 337 1832 Decembri
373 1802 449 1833 anni
492 1798 600 1838 1546,
636 1805 730 1842 patre
762 1800 916 1832 Ottone
946 1800 1111 1836 Brahe‚
1151 1801 1281 1832 domino
1314 1800 1554 1842 Knudstorpii.
1589 1800 1678 1832 feudi
1702 1801 1736 1832 in
1768 1799 1892 1832 Sennis
1915 1800 1982 1836 siti,

163 1858 228 1879 non
264 1848 375 1889 procul
414 1849 455 1879 ab
486 1848 716 1890 Helsingborg.
768 1848 937 1879 Educatus
975 1852 1025 1879 est
1058 1847 1169 1888 Tycho
1208 1857 1229 1879 a
1264 1852 1383 1889 patruo
1421 1848 1562 1889 Geor-gio
1595 1847 1717 1879 Brahe.
1766 1848 1864 1879 Anno
1891 1844 1981 1878 1559

163 1895 323 1933 Hafniae,
362 1893 452 1925 1562
480 1895 611 1936 Lipsiae
638 1895 739 1927 literis
766 1895 955 1936 artibusque
982 1904 1115 1935 operam
1141 1895 1261 1931 dabat,
1288 1895 1347 1926 sed
1373 1894 1675 1936 cognoscendorum
1708 1894 1851 1926 siderum
1874 1894 1982 1926 studio

163 1943 267 1983 magis
294 1942 485 1974 ducebatur.
525 1942 634 1981 Quum
660 1952 746 1974 anno
774 1940 863 1974 1569
884 1943 1071 1984 Augustam
1097 1952 1131 1974 se
1158 1942 1363 1978 contulisset,
1391 1951 1465 1973 cum
1482 1942 1637 1974 fratribus
1654 1941 1836 1974 Hainzeliis
1862 1939 1982 1982 (altero

163 1990 314 2025 consule,
352 1989 454 2021 altero
481 1994 633 2022 senatore
660 1987 874 2031 Augustam)
902 1989 1111 2021 observandis
1136 1989 1292 2020 studebat
1315 1989 1491 2027 sideribus,
1526 1988 1679 2020 adhibitis
1703 1989 1786 2020 satis
1810 1988 1982 2020 subtilibus

162 2038 195 2067 in
221 2036 308 2068 hunc
334 2036 434 2068 finem
460 2038 693 2069 instrumentis.
744 2037 782 2068 In
806 2037 948 2077 patriam
983 2045 1131 2068 reversus
1167 2045 1253 2068 anno
1289 2034 1375 2067 1571
1407 2035 1448 2067 ab
1474 2035 1635 2067 avunculo
1661 2035 1844 2067 Stenone
1868 2035 1982 2067 Bille

163 2084 293 2115 domum
319 2088 534 2125 opportunam
562 2085 603 2116 ad
628 2086 725 2127 signa
751 2083 907 2115 coelestia
933 2083 1138 2115 observanda
1163 2083 1321 2116 donatam
1347 2082 1492 2124 accepit,
1527 2086 1562 2114 et
1587 2092 1675 2115 anno
1702 2079 1793 2113 1578
1820 2083 1984 2114 concessit

162 2130 308 2171 Tychoni
333 2141 390 2162 rex
414 2131 547 2163 Daniae
574 2131 757 2163 Fridericus
782 2131 814 2162 II
839 2131 979 2162 insulam
1004 2130 1202 2164 Huennam.
1242 2135 1279 2162 ut
1305 2131 1347 2162 'in
1384 2140 1423 2162 eo
1457 2130 1551 2171 quasi
1590 2139 1724 2162 secessu
1762 2130 1983 2162 astronomiae

164 2187 297 2219 operam
323 2178 427 2210 daret.
479 2178 554 2218 Qua
578 2189 655 2210 usus
680 2179 880 2211 liberalitate
907 2179 1078 2210 constituit
1110 2179 1144 2209 in
1177 2177 1285 2209 medio
1321 2187 1437 2219 campo
1471 2177 1686 2219 magnificam
1719 2186 1849 2214 arcem,
1884 2187 1983 2219 quam

163 2225 476 2268 Uraniburgum
501 2227 695 2258 nominavit.
733 2226 796 2258 Hic
821 2229 1039 2257 commoratus
1065 2229 1116 2257 est
1139 2235 1242 2267 usque
1268 2225 1311 2257 ad
1337 2234 1458 2256 annum
1485 2222 1587 2264 1597,
1613 2225 1833 2256 instrumenta
1857 2223 1901 2256 ad
1925 2225 1980 2256 ob-

163 2272 359 2304 servandum
391 2275 524 2305 summis
559 2274 715 2314 impensis
752 2272 958 2305 conficienda
988 2273 1114 2304 curavit
1150 2270 1333 2313 (descripta
1355 2272 1441 2304 haec
1466 2273 1687 2304 instrumenta
1710 2271 1982 2313 deprehendimus

160 2321 193 2351 in
229 2320 385 2361 peculiari
420 2331 536 2362 opere,
571 2322 746 2362 inscripto:
785 2321 1078 2352 Astronomiae
1115 2321 1386 2351 instauratae
1423 2317 1683 2351 Mechanica..
1722 2317 1982 2363 VWandesburgi

164 2365 276 2401 1598.
309 2377 424 2399 recuso
450 2368 686 2410 Norimbergae
716 2365 855 2406 1602),
895 2367 1069 2408 discipulos
1103 2372 1137 2398 et
1163 2367 1381 2399 calculatores
1407 2366 1568 2402 adscivit,
1600 2370 1771 2407 totumque
1795 2372 1831 2398 se
1856 2366 1982 2398 dedidit

163 2415 387 2446 astronomicis
413 2415 703 2447 observationibus.
743 2416 795 2447 De
820 2415 869 2446 his
895 2415 1175 2446 observationibus
1199 2414 1282 2446 haec
1308 2415 1376 2456 ipse
1397 2413 1497 2446 dicit:
1527 2423 1610 2454 quas
1627 2413 1760 2455 Lipsiae
1783 2413 1816 2445 in
1841 2414 1982 2454 pueritia

161 2462 295 2503 peregi,
333 2462 472 2503 pueriles
507 2468 541 2495 et
577 2463 692 2495 dubias
719 2463 884 2504 appellare
909 2462 1007 2494 soleo.
1059 2461 1151 2501 Quas
1176 2472 1251 2493 vero
1275 2465 1393 2503 postea
1417 2462 1591 2502 Augustae
1615 2459 1863 2493 Vindelicorum
1889 2464 1924 2492 et
1946 2461 1980 2491 in

162 2509 275 2540 Dania
298 2511 421 2550 passim
446 2510 586 2551 adeptus
611 2520 694 2547 sum,
718 2510 906 2551 juveniliter
931 2513 965 2541 et
989 2510 1196 2541 mediocriter
1220 2518 1255 2541 se
1281 2509 1442 2540 habentes
1463 2517 1553 2539 voco.
1592 2506 1721 2539 Tettias
1747 2512 1871 2544 autem,
1897 2517 1980 2549 quas

162 2557 366 2597 postmodum
391 2556 587 2599 Uraniburgi
613 2558 829 2589 exactissimis
853 2557 916 2588 illis
940 2557 1164 2589 instrumentis
1190 2556 1356 2588 dimensus
1381 2565 1452 2587 sum
1465 2579 1474 2594 ,
1500 2554 1608 2586 viriles
1621 2576 1630 2592 ‚
1656 2558 1749 2587 ratas
1775 2558 1810 2587 et
1835 2555 1976 2589 certissi-

166 2613 236 2635 mas
263 2603 391 2644 appello
419 2609 452 2635 et
478 2614 606 2636 cense0.

255 2650 336 2682 Inde
362 2651 404 2682 ab
429 2661 466 2683 eo
492 2658 649 2693 tempore,
675 2661 737 2693 quo
762 2651 896 2692 imperio
921 2651 1043 2692 potitus
1069 2655 1120 2682 est
1138 2650 1340 2682 Christianus
1359 2647 1408 2680 IV
1425 2645 1563 2688 (1588),
1590 2657 1642 2680 res
1660 2647 1837 2688 Tychonis,
1863 2657 1978 2690 quam-

163 2707 260 2739 quam
285 2708 343 2738 per
368 2698 490 2739 aliquot
516 2709 620 2730 annos
643 2699 771 2739 juvenis
796 2698 893 2738 hujus
919 2699 1004 2740 regis
1030 2699 1140 2740 gratia
1163 2697 1351 2740 gaudebat,
1387 2695 1508 2727 mutari
1533 2698 1568 2726 et
1591 2695 1658 2727 labi
1685 2698 1886 2737 coeperunt:
1921 2696 1977 2727 de-

163 2745 260 2776 ficere
286 2745 420 2782 reditus,
447 2756 525 2787 quos
553 2757 591 2778 ex
616 2747 709 2788 regia
733 2745 961 2778 munificentia
986 2750 1087 2777 antea
1113 2745 1318 2780 obtinuerat,
1346 2743 1484 2775 existere
1511 2742 1767 2775 calumniatores
1791 2746 1826 2775 et
1850 2743 1976 2774 obtrec-

163 2798 298 2831 tatores,
325 2796 358 2823 et
383 2803 455 2824 cum
479 2795 548 2833 Jam
574 2804 639 2825 non
665 2797 776 2834 posset
801 2803 839 2824 ex
863 2793 1020 2824 reditibus
1046 2793 1180 2833 propriis
1205 2794 1316 2823 tantos
1341 2794 1467 2821 sumtus
1484 2791 1658 2826 sustinere,
1683 2789 1866 2831 requirendi
1892 2789 1979 2831 apud

165 2843 289 2870 ceteros
315 2841 488 2880 patrocinii
515 2846 614 2882 atque
642 2841 724 2872 adeo
750 2840 835 2871 sedis
862 2840 1008 2872 Uraniae
1035 2839 1099 2871 alio
1124 2837 1373 2871 transferendae
1400 2837 1487 2877 cepit
1511 2836 1682 2868 consilinm
1707 2834 1938 2877 (1591-96).

260 2885 353 2924 Quae
380 2896 417 2918 eo
443 2897 544 2928 usque
570 2889 655 2929 typis
681 2887 896 2928 imprimenda
921 2887 1063 2926 curavit,
1091 2890 1188 2923 sunt,
1211 2889 1343 2926 praeter
1368 2883 1560 2924 opusculum
1585 2883 1626 2915 de
1650 2882 1747 2915 Nova
1769 2882 1876 2916 Stella
1900 2884 1978 2916 anni
2011 2886 2021 2923 j

168 2930 256 2961 1572
284 2931 385 2974 (quod
409 2934 478 2974 ipse
503 2935 535 2965 in
561 2936 678 2975 majori
696 2935 736 2966 de
754 2935 871 2967 eadem
896 2934 994 2966 stella
1011 2943 1107 2975 opere
1125 2936 1240 2965 narrat
1263 2931 1468 2973 publicatum
1491 2931 1591 2962 fuisse
1616 2939 1703 2962 anno
1725 2929 1813 2962 1573
1841 2935 1978 2963 curante

167 2977 208 3008 D.
228 2979 395 3018 Pratense,
421 2981 577 3016 Hafniae,
605 2982 712 3023 „quod
736 2981 866 3023 quidem
884 2991 964 3022 opus
989 2991 1055 3012 non
1081 2991 1118 3012 eo
1145 2980 1264 3016 animo,
1289 2983 1326 3010 ut
1342 2979 1374 3009 in
1392 2977 1559 3019 publicum
1577 2977 1793 3009 emittendum
1811 2977 1975 3015 ducerem,
2018 2995 2020 2997 v

167 3026 344 3057 amicorum
370 3027 487 3058 saltem
514 3029 805 3069 efflagitationibus
833 3038 870 3060 eo
896 3028 1072 3070 impulsuS,
1098 3027 1132 3059 id
1155 3025 1310 3069 quidquid
1335 3029 1404 3060 est,
1429 3023 1507 3055 mihi
1533 3034 1599 3055 non
1624 3022 1861 3064 satisfacit.“),
1897 3033 1978 3066 opus
2001 3026 2017 3098 ἔ

167 3071 207 3102 de
234 3071 399 3104 Cometa
431 3075 508 3105 anni
545 3073 655 3111 1577,
696 3080 729 3107 et
766 3075 1047 3116 Epistularum
1085 3074 1232 3107 collectio
1270 3069 1406 3112 (1596).
1456 3070 1541 3102 Illud
1577 3071 1769 3113 inscriptum
1807 3076 1876 3104 est:
1917 3071 1976 3103 De
2010 3096 2016 3100 .

167 3117 305 3150 Mundi
332 3120 527 3152 Aetherei
545 3121 871 3154 Recentioribus
888 3122 1198 3154 Phaenomenis
1214 3120 1314 3152 Liber
1338 3118 1512 3156 secundus,
1539 3119 1594 3160 qui
1620 3123 1670 3151 est
1687 3118 1728 3152 de
1746 3118 1861 3155 illustri
1879 3099 2016 3156 stella}

2001 3157 2007 3164 s

1996 3173 2013 3196 ἓ
