<?xml version="1.0" encoding="UTF-8"?>
<!DOCTYPE html PUBLIC "-//W3C//DTD XHTML 1.0 Transitional//EN"
    "http://www.w3.org/TR/xhtml1/DTD/xhtml1-transitional.dtd">
<html xmlns="http://www.w3.org/1999/xhtml" xml:lang="en" lang="en">
 <head>
  <title>
</title>
<meta http-equiv="Content-Type" content="text/html;charset=utf-8" />
  <meta name='ocr-system' content='tesseract 3.04.00' />
  <meta name='ocr-capabilities' content='ocr_page ocr_carea ocr_par ocr_line ocrx_word'/>
</head>
<body>
  <div class='ocr_page' id='page_1' title='image "./operaomniaedidit01kepluoft_0443.png"; bbox 0 0 2028 3242; ppageno 0'>
   <div class='ocr_carea' id='block_1_1' title="bbox 734 65 1854 111">
    <p class='ocr_par' dir='ltr' id='par_1_1' title="bbox 734 65 1854 111">
     <span class='ocr_line' id='line_1_1' title="bbox 734 65 1854 111; baseline -0.002 -10"><span class='ocrx_word' id='word_1_1' title='bbox 734 67 944 110; x_wconf 70' lang='lat' dir='ltr'><strong>Astrologise</strong></span> <span class='ocrx_word' id='word_1_2' title='bbox 968 67 1171 100; x_wconf 64' lang='lat' dir='ltr'><strong>omimium.</strong></span> <span class='ocrx_word' id='word_1_3' title='bbox 1767 65 1854 111; x_wconf 76' lang='lat'><strong>421</strong></span> 
     </span>
    </p>
   </div>
   <div class='ocr_carea' id='block_1_2' title="bbox 40 171 1896 1632">
    <p class='ocr_par' dir='ltr' id='par_1_2' title="bbox 56 171 1858 227">
     <span class='ocr_line' id='line_1_2' title="bbox 56 171 1858 227; baseline -0.001 -12"><span class='ocrx_word' id='word_1_4' title='bbox 56 173 159 216; x_wconf 74' lang='lat' dir='ltr'><strong>tiore</strong></span> <span class='ocrx_word' id='word_1_5' title='bbox 188 184 268 215; x_wconf 82' lang='lat' dir='ltr'><strong>non</strong></span> <span class='ocrx_word' id='word_1_6' title='bbox 297 171 564 221; x_wconf 80' lang='lat' dir='ltr'><strong>sufficientes,</strong></span> <span class='ocrx_word' id='word_1_7' title='bbox 595 177 639 213; x_wconf 89' lang='lat' dir='ltr'><strong>et</strong></span> <span class='ocrx_word' id='word_1_8' title='bbox 667 176 714 213; x_wconf 91' lang='lat' dir='ltr'><strong>ut</strong></span> <span class='ocrx_word' id='word_1_9' title='bbox 741 172 953 225; x_wconf 86' lang='lat' dir='ltr'><strong>plurimum</strong></span> <span class='ocrx_word' id='word_1_10' title='bbox 982 171 1263 225; x_wconf 84' lang='lat' dir='ltr'><strong>imaginarias,</strong></span> <span class='ocrx_word' id='word_1_11' title='bbox 1295 184 1423 214; x_wconf 82' lang='lat' dir='ltr'><strong>vanas</strong></span> <span class='ocrx_word' id='word_1_12' title='bbox 1454 178 1498 214; x_wconf 87' lang='lat' dir='ltr'><strong>et</strong></span> <span class='ocrx_word' id='word_1_13' title='bbox 1526 173 1654 214; x_wconf 77' lang='lat' dir='ltr'><strong>falsas</strong></span> <span class='ocrx_word' id='word_1_14' title='bbox 1668 204 1679 222; x_wconf 93' lang='lat'><strong>‚</strong></span> <span class='ocrx_word' id='word_1_15' title='bbox 1709 171 1858 227; x_wconf 87' lang='lat' dir='ltr'><strong>partim</strong></span> 
     </span>
    </p>

    <p class='ocr_par' dir='ltr' id='par_1_3' title="bbox 55 230 1858 294">
     <span class='ocr_line' id='line_1_3' title="bbox 55 230 1858 294; baseline -0.001 -20"><span class='ocrx_word' id='word_1_16' title='bbox 55 232 224 294; x_wconf 72' lang='lat' dir='ltr'><strong>donique</strong></span> <span class='ocrx_word' id='word_1_17' title='bbox 253 230 413 273; x_wconf 87' lang='lat' dir='ltr'><strong>omnino</strong></span> <span class='ocrx_word' id='word_1_18' title='bbox 441 232 596 279; x_wconf 89' lang='lat' dir='ltr'><strong>nullas,</strong></span> <span class='ocrx_word' id='word_1_19' title='bbox 625 231 900 272; x_wconf 85' lang='lat' dir='ltr'><strong>enthusiasmo</strong></span> <span class='ocrx_word' id='word_1_20' title='bbox 930 231 1128 272; x_wconf 82' lang='lat' dir='ltr'><strong>calamum</strong></span> <span class='ocrx_word' id='word_1_21' title='bbox 1156 230 1458 283; x_wconf 85' lang='lat' dir='ltr'><strong>permittentes;</strong></span> <span class='ocrx_word' id='word_1_22' title='bbox 1497 244 1574 286; x_wconf 89' lang='lat' dir='ltr'><strong>quo</strong></span> <span class='ocrx_word' id='word_1_23' title='bbox 1610 230 1789 285; x_wconf 83' lang='lat' dir='ltr'><strong>abrepti,</strong></span> <span class='ocrx_word' id='word_1_24' title='bbox 1819 231 1858 273; x_wconf 83' lang='lat' dir='ltr'><strong>si</strong></span> 
     </span>
    </p>

    <p class='ocr_par' dir='ltr' id='par_1_4' title="bbox 40 289 1857 343">
     <span class='ocr_line' id='line_1_4' title="bbox 40 289 1857 343; baseline 0.001 -13"><span class='ocrx_word' id='word_1_25' title='bbox 40 302 193 332; x_wconf 60' lang='lat' dir='ltr'><strong>sorum</strong></span> <span class='ocrx_word' id='word_1_26' title='bbox 220 290 422 332; x_wconf 84' lang='lat' dir='ltr'><strong>interdum</strong></span> <span class='ocrx_word' id='word_1_27' title='bbox 451 290 613 340; x_wconf 90' lang='lat' dir='ltr'><strong>dicant,</strong></span> <span class='ocrx_word' id='word_1_28' title='bbox 646 291 830 331; x_wconf 79' lang='lat' dir='ltr'><strong>fortunae</strong></span> <span class='ocrx_word' id='word_1_29' title='bbox 861 289 1114 331; x_wconf 88' lang='lat' dir='ltr'><strong>tribuendum</strong></span> <span class='ocrx_word' id='word_1_30' title='bbox 1145 294 1230 338; x_wconf 88' lang='lat' dir='ltr'><strong>est,</strong></span> <span class='ocrx_word' id='word_1_31' title='bbox 1273 290 1336 331; x_wconf 90' lang='lat' dir='ltr'><strong>sin</strong></span> <span class='ocrx_word' id='word_1_32' title='bbox 1365 290 1529 343; x_wconf 87' lang='lat' dir='ltr'><strong>saepius</strong></span> <span class='ocrx_word' id='word_1_33' title='bbox 1576 295 1620 331; x_wconf 85' lang='lat' dir='ltr'><strong>et</strong></span> <span class='ocrx_word' id='word_1_34' title='bbox 1653 295 1700 331; x_wconf 89' lang='lat' dir='ltr'><strong>ut</strong></span> <span class='ocrx_word' id='word_1_35' title='bbox 1726 289 1857 343; x_wconf 88' lang='lat' dir='ltr'><strong>pluri-</strong></span> 
     </span>
    </p>

    <p class='ocr_par' dir='ltr' id='par_1_5' title="bbox 55 347 1728 447">
     <span class='ocr_line' id='line_1_5' title="bbox 55 347 1728 436; baseline 0 -46"><span class='ocrx_word' id='word_1_36' title='bbox 55 361 175 436; x_wconf 77' lang='lat' dir='ltr'><strong>muni,</strong></span> <span class='ocrx_word' id='word_1_37' title='bbox 205 348 260 390; x_wconf 80' lang='lat' dir='ltr'><strong>ab</strong></span> <span class='ocrx_word' id='word_1_38' title='bbox 288 348 424 390; x_wconf 77' lang='lat' dir='ltr'><strong>altiori</strong></span> <span class='ocrx_word' id='word_1_39' title='bbox 455 354 498 390; x_wconf 90' lang='lat' dir='ltr'><strong>et</strong></span> <span class='ocrx_word' id='word_1_40' title='bbox 530 349 687 390; x_wconf 89' lang='lat' dir='ltr'><strong>occulto</strong></span> <span class='ocrx_word' id='word_1_41' title='bbox 717 348 850 401; x_wconf 74' lang='lat' dir='ltr'><strong>aliquo</strong></span> <span class='ocrx_word' id='word_1_42' title='bbox 879 347 1077 389; x_wconf 79' lang='lat' dir='ltr'><strong>instinctu</strong></span> <span class='ocrx_word' id='word_1_43' title='bbox 1102 347 1145 389; x_wconf 90' lang='lat' dir='ltr'><strong>id</strong></span> <span class='ocrx_word' id='word_1_44' title='bbox 1173 348 1370 400; x_wconf 82' lang='lat' dir='ltr'><strong>proficisci</strong></span> <span class='ocrx_word' id='word_1_45' title='bbox 1398 348 1620 402; x_wconf 89' lang='lat' dir='ltr'><strong>putandum</strong></span> <span class='ocrx_word' id='word_1_46' title='bbox 1649 353 1728 390; x_wconf 89' lang='lat' dir='ltr'><strong>est.</strong></span> 
     </span>
     <span class='ocr_line' id='line_1_6' title="bbox 810 405 1092 447; baseline 0.004 -1"><span class='ocrx_word' id='word_1_47' title='bbox 810 406 995 447; x_wconf 83' lang='lat' dir='ltr'><strong>Thesis</strong></span> <span class='ocrx_word' id='word_1_48' title='bbox 1014 405 1092 447; x_wconf 92' lang='lat' dir='ltr'><strong>IV.</strong></span> 
     </span>
    </p>

    <p class='ocr_par' dir='ltr' id='par_1_6' title="bbox 52 464 1856 752">
     <span class='ocr_line' id='line_1_7' title="bbox 168 464 1855 519; baseline 0 -12"><span class='ocrx_word' id='word_1_49' title='bbox 168 464 371 519; x_wconf 81' lang='lat' dir='ltr'><strong>Physicae</strong></span> <span class='ocrx_word' id='word_1_50' title='bbox 409 477 557 506; x_wconf 84' lang='lat' dir='ltr'><strong>causae</strong></span> <span class='ocrx_word' id='word_1_51' title='bbox 598 464 757 518; x_wconf 66' lang='lat' dir='ltr'><strong>aliquae</strong></span> <span class='ocrx_word' id='word_1_52' title='bbox 793 464 846 505; x_wconf 88' lang='lat' dir='ltr'><strong>ab</strong></span> <span class='ocrx_word' id='word_1_53' title='bbox 876 464 1058 505; x_wconf 87' lang='lat' dir='ltr'><strong>omnibus</strong></span> <span class='ocrx_word' id='word_1_54' title='bbox 1087 469 1376 517; x_wconf 80' lang='lat' dir='ltr'><strong>agnoscuntur,</strong></span> <span class='ocrx_word' id='word_1_55' title='bbox 1409 464 1567 518; x_wconf 79' lang='lat' dir='ltr'><strong>aliquae</strong></span> <span class='ocrx_word' id='word_1_56' title='bbox 1598 478 1625 505; x_wconf 91' lang='lat' dir='ltr'><strong>a</strong></span> <span class='ocrx_word' id='word_1_57' title='bbox 1653 465 1855 519; x_wconf 81' lang='lat' dir='ltr'><strong>paucissi-</strong></span> 
     </span>
     <span class='ocr_line' id='line_1_8' title="bbox 52 522 1855 577; baseline -0.001 -11"><span class='ocrx_word' id='word_1_58' title='bbox 52 523 150 566; x_wconf 77' lang='lat' dir='ltr'><strong>mis:</strong></span> <span class='ocrx_word' id='word_1_59' title='bbox 180 524 312 565; x_wconf 78' lang='lat' dir='ltr'><strong>multa</strong></span> <span class='ocrx_word' id='word_1_60' title='bbox 339 536 495 577; x_wconf 84' lang='lat' dir='ltr'><strong>qnoque</strong></span> <span class='ocrx_word' id='word_1_61' title='bbox 526 522 707 570; x_wconf 80' lang='lat' dir='ltr'><strong>existunt</strong></span> <span class='ocrx_word' id='word_1_62' title='bbox 734 522 974 564; x_wconf 75' lang='lat' dir='ltr'><strong>naturaliter</strong></span> <span class='ocrx_word' id='word_1_63' title='bbox 1003 522 1188 576; x_wconf 88' lang='lat' dir='ltr'><strong>quidem,</strong></span> <span class='ocrx_word' id='word_1_64' title='bbox 1232 523 1307 564; x_wconf 87' lang='lat' dir='ltr'><strong>sed</strong></span> <span class='ocrx_word' id='word_1_65' title='bbox 1342 536 1394 564; x_wconf 85' lang='lat' dir='ltr'><strong>ex</strong></span> <span class='ocrx_word' id='word_1_66' title='bbox 1432 523 1567 564; x_wconf 89' lang='lat' dir='ltr'><strong>causis</strong></span> <span class='ocrx_word' id='word_1_67' title='bbox 1596 524 1695 565; x_wconf 89' lang='lat' dir='ltr'><strong>nulli</strong></span> <span class='ocrx_word' id='word_1_68' title='bbox 1724 524 1855 565; x_wconf 82' lang='lat' dir='ltr'><strong>adhuc</strong></span> 
     </span>
     <span class='ocr_line' id='line_1_9' title="bbox 52 581 1855 637; baseline 0 -13"><span class='ocrx_word' id='word_1_69' title='bbox 52 582 253 624; x_wconf 77' lang='lat' dir='ltr'><strong>hominnm</strong></span> <span class='ocrx_word' id='word_1_70' title='bbox 282 581 468 634; x_wconf 71' lang='lat' dir='ltr'><strong>cognitis.</strong></span> <span class='ocrx_word' id='word_1_71' title='bbox 527 581 586 623; x_wconf 84' lang='lat' dir='ltr'><strong>Et</strong></span> <span class='ocrx_word' id='word_1_72' title='bbox 613 593 826 623; x_wconf 81' lang='lat' dir='ltr'><strong>causarum</strong></span> <span class='ocrx_word' id='word_1_73' title='bbox 855 594 956 634; x_wconf 89' lang='lat' dir='ltr'><strong>quas</strong></span> <span class='ocrx_word' id='word_1_74' title='bbox 986 586 1105 623; x_wconf 82' lang='lat' dir='ltr'><strong>notas</strong></span> <span class='ocrx_word' id='word_1_75' title='bbox 1135 581 1353 631; x_wconf 89' lang='lat' dir='ltr'><strong>habemus,</strong></span> <span class='ocrx_word' id='word_1_76' title='bbox 1386 581 1492 623; x_wconf 90' lang='lat' dir='ltr'><strong>aliae</strong></span> <span class='ocrx_word' id='word_1_77' title='bbox 1528 587 1647 632; x_wconf 90' lang='lat' dir='ltr'><strong>sunt,</strong></span> <span class='ocrx_word' id='word_1_78' title='bbox 1688 595 1855 637; x_wconf 87' lang='lat' dir='ltr'><strong>quarum</strong></span> 
     </span>
     <span class='ocr_line' id='line_1_10' title="bbox 52 639 1856 694; baseline 0 -11"><span class='ocrx_word' id='word_1_79' title='bbox 52 641 213 683; x_wconf 84' lang='lat' dir='ltr'><strong>modum</strong></span> <span class='ocrx_word' id='word_1_80' title='bbox 242 646 286 682; x_wconf 85' lang='lat' dir='ltr'><strong>et</strong></span> <span class='ocrx_word' id='word_1_81' title='bbox 312 640 511 682; x_wconf 76' lang='lat' dir='ltr'><strong>rationem</strong></span> <span class='ocrx_word' id='word_1_82' title='bbox 541 640 803 681; x_wconf 89' lang='lat' dir='ltr'><strong>communiter</strong></span> <span class='ocrx_word' id='word_1_83' title='bbox 833 652 970 681; x_wconf 87' lang='lat' dir='ltr'><strong>omnes</strong></span> <span class='ocrx_word' id='word_1_84' title='bbox 1007 639 1289 693; x_wconf 79' lang='lat' dir='ltr'><strong>intelligimus3</strong></span> <span class='ocrx_word' id='word_1_85' title='bbox 1326 639 1452 688; x_wconf 85' lang='lat' dir='ltr'><strong>aliae,</strong></span> <span class='ocrx_word' id='word_1_86' title='bbox 1492 653 1660 694; x_wconf 88' lang='lat' dir='ltr'><strong>quarum</strong></span> <span class='ocrx_word' id='word_1_87' title='bbox 1695 641 1856 683; x_wconf 89' lang='lat' dir='ltr'><strong>modum</strong></span> 
     </span>
     <span class='ocr_line' id='line_1_11' title="bbox 55 698 1440 767; baseline -0.001 -25"><span class='ocrx_word' id='word_1_88' title='bbox 55 712 128 741; x_wconf 72' lang='lat' dir='ltr'><strong>seu</strong></span> <span class='ocrx_word' id='word_1_89' title='bbox 157 712 305 742; x_wconf 78' lang='lat' dir='ltr'><strong>causas</strong></span> <span class='ocrx_word' id='word_1_90' title='bbox 333 699 558 741; x_wconf 73' lang='lat' dir='ltr'><strong>mediantes</strong></span> <span class='ocrx_word' id='word_1_91' title='bbox 587 698 653 740; x_wconf 85' lang='lat' dir='ltr'><strong>vel</strong></span> <span class='ocrx_word' id='word_1_92' title='bbox 682 698 913 752; x_wconf 88' lang='lat' dir='ltr'><strong>paucissimi</strong></span> <span class='ocrx_word' id='word_1_93' title='bbox 942 698 1183 767; x_wconf 74' lang='lat' dir='ltr'><strong>intelligunt,</strong></span> <span class='ocrx_word' id='word_1_94' title='bbox 1213 699 1281 741; x_wconf 86' lang='lat' dir='ltr'><strong>vel</strong></span> <span class='ocrx_word' id='word_1_95' title='bbox 1309 711 1440 740; x_wconf 90' lang='lat' dir='ltr'><strong>nemo.</strong></span> 
     </span>
    </p>

    <p class='ocr_par' dir='ltr' id='par_1_7' title="bbox 814 757 1080 798">
     <span class='ocr_line' id='line_1_12' title="bbox 814 757 1080 798; baseline -0.004 0"><span class='ocrx_word' id='word_1_96' title='bbox 814 757 911 798; x_wconf 90' lang='lat' dir='ltr'><strong>The</strong></span> <span class='ocrx_word' id='word_1_97' title='bbox 921 770 995 798; x_wconf 80' lang='lat' dir='ltr'><strong>sis</strong></span> <span class='ocrx_word' id='word_1_98' title='bbox 1024 757 1080 798; x_wconf 88' lang='lat' dir='ltr'><strong>V.</strong></span> 
     </span>
    </p>

    <p class='ocr_par' dir='ltr' id='par_1_8' title="bbox 47 793 1855 1098">
     <span class='ocr_line' id='line_1_13' title="bbox 168 793 1852 867; baseline 0.001 -10"><span class='ocrx_word' id='word_1_99' title='bbox 168 793 499 864; x_wconf 53' lang='lat' dir='ltr'><strong>Generahssnnffi</strong></span> <span class='ocrx_word' id='word_1_100' title='bbox 532 815 753 857; x_wconf 80' lang='lat' dir='ltr'><strong>fortissima</strong></span> <span class='ocrx_word' id='word_1_101' title='bbox 782 820 826 856; x_wconf 87' lang='lat' dir='ltr'><strong>et</strong></span> <span class='ocrx_word' id='word_1_102' title='bbox 853 815 1080 857; x_wconf 88' lang='lat' dir='ltr'><strong>certissima</strong></span> <span class='ocrx_word' id='word_1_103' title='bbox 1108 828 1246 865; x_wconf 84' lang='lat' dir='ltr'><strong>causa,</strong></span> <span class='ocrx_word' id='word_1_104' title='bbox 1276 820 1377 857; x_wconf 90' lang='lat' dir='ltr'><strong>nota</strong></span> <span class='ocrx_word' id='word_1_105' title='bbox 1406 816 1589 859; x_wconf 88' lang='lat' dir='ltr'><strong>omnibns</strong></span> <span class='ocrx_word' id='word_1_106' title='bbox 1615 815 1852 867; x_wconf 87' lang='lat' dir='ltr'><strong>hominibus,</strong></span> 
     </span>
     <span class='ocr_line' id='line_1_14' title="bbox 48 873 1855 927; baseline -0.001 -10"><span class='ocrx_word' id='word_1_107' title='bbox 48 879 117 917; x_wconf 80' lang='lat' dir='ltr'><strong>ost</strong></span> <span class='ocrx_word' id='word_1_108' title='bbox 144 873 281 916; x_wconf 86' lang='lat' dir='ltr'><strong>Solis</strong></span> <span class='ocrx_word' id='word_1_109' title='bbox 310 887 501 916; x_wconf 82' lang='lat' dir='ltr'><strong>accessus</strong></span> <span class='ocrx_word' id='word_1_110' title='bbox 530 878 574 915; x_wconf 89' lang='lat' dir='ltr'><strong>et</strong></span> <span class='ocrx_word' id='word_1_111' title='bbox 603 887 799 916; x_wconf 85' lang='lat' dir='ltr'>recessus.</span> <span class='ocrx_word' id='word_1_112' title='bbox 859 875 904 916; x_wconf 89' lang='lat' dir='ltr'><strong>Is</strong></span> <span class='ocrx_word' id='word_1_113' title='bbox 946 874 1082 927; x_wconf 79' lang='lat' dir='ltr'><strong>itaque</strong></span> <span class='ocrx_word' id='word_1_114' title='bbox 1125 874 1233 916; x_wconf 88' lang='lat' dir='ltr'><strong>circa</strong></span> <span class='ocrx_word' id='word_1_115' title='bbox 1266 875 1456 923; x_wconf 84' lang='lat' dir='ltr'><strong>natalitia</strong></span> <span class='ocrx_word' id='word_1_116' title='bbox 1487 874 1641 918; x_wconf 83' lang='lat' dir='ltr'><strong>Christi</strong></span> <span class='ocrx_word' id='word_1_117' title='bbox 1670 874 1855 916; x_wconf 84' lang='lat' dir='ltr'><strong>brumam</strong></span> 
     </span>
     <span class='ocr_line' id='line_1_15' title="bbox 49 930 1852 987; baseline -0.001 -12"><span class='ocrx_word' id='word_1_118' title='bbox 49 933 220 983; x_wconf 71' lang='lat' dir='ltr'><strong>confioit,</strong></span> <span class='ocrx_word' id='word_1_119' title='bbox 252 933 316 974; x_wconf 82' lang='lat' dir='ltr'><strong>die</strong></span> <span class='ocrx_word' id='word_1_120' title='bbox 346 932 537 974; x_wconf 83' lang='lat' dir='ltr'><strong>videlicet</strong></span> <span class='ocrx_word' id='word_1_121' title='bbox 565 930 636 974; x_wconf 83' lang='lat'><strong>21.</strong></span> <span class='ocrx_word' id='word_1_122' title='bbox 656 933 904 982; x_wconf 85' lang='lat' dir='ltr'><strong>Decembris,</strong></span> <span class='ocrx_word' id='word_1_123' title='bbox 936 934 1057 986; x_wconf 90' lang='lat' dir='ltr'><strong>paulo</strong></span> <span class='ocrx_word' id='word_1_124' title='bbox 1088 937 1183 974; x_wconf 80' lang='lat' dir='ltr'><strong>ante</strong></span> <span class='ocrx_word' id='word_1_125' title='bbox 1213 939 1371 975; x_wconf 83' lang='lat' dir='ltr'><strong>sextam</strong></span> <span class='ocrx_word' id='word_1_126' title='bbox 1398 934 1734 987; x_wconf 87' lang='lat' dir='ltr'><strong>pomeridianam:</strong></span> <span class='ocrx_word' id='word_1_127' title='bbox 1766 934 1852 975; x_wconf 83' lang='lat' dir='ltr'><strong>sol-</strong></span> 
     </span>
     <span class='ocr_line' id='line_1_16' title="bbox 47 989 1853 1048; baseline -0.001 -14"><span class='ocrx_word' id='word_1_128' title='bbox 47 992 204 1034; x_wconf 62' lang='lat' dir='ltr'><strong>setim</strong></span> <span class='ocrx_word' id='word_1_129' title='bbox 230 1004 326 1033; x_wconf 86' lang='lat' dir='ltr'><strong>vero</strong></span> <span class='ocrx_word' id='word_1_130' title='bbox 355 991 420 1032; x_wconf 89' lang='lat' dir='ltr'><strong>die</strong></span> <span class='ocrx_word' id='word_1_131' title='bbox 451 989 523 1032; x_wconf 84' lang='lat'><strong>21.</strong></span> <span class='ocrx_word' id='word_1_132' title='bbox 553 991 664 1032; x_wconf 87' lang='lat' dir='ltr'><strong>Junii</strong></span> <span class='ocrx_word' id='word_1_133' title='bbox 693 991 860 1032; x_wconf 86' lang='lat' dir='ltr'><strong>dimidia</strong></span> <span class='ocrx_word' id='word_1_134' title='bbox 889 992 1100 1032; x_wconf 89' lang='lat' dir='ltr'><strong>undecima</strong></span> <span class='ocrx_word' id='word_1_135' title='bbox 1128 993 1273 1034; x_wconf 88' lang='lat' dir='ltr'><strong>noctis.</strong></span> <span class='ocrx_word' id='word_1_136' title='bbox 1316 992 1407 1035; x_wconf 89' lang='lat' dir='ltr'><strong>Illic</strong></span> <span class='ocrx_word' id='word_1_137' title='bbox 1437 993 1574 1047; x_wconf 87' lang='lat' dir='ltr'><strong>itaque</strong></span> <span class='ocrx_word' id='word_1_138' title='bbox 1606 991 1733 1045; x_wconf 73' lang='lat' dir='ltr'><strong>frigus</strong></span> <span class='ocrx_word' id='word_1_139' title='bbox 1751 992 1853 1048; x_wconf 88' lang='lat' dir='ltr'><strong>hye-</strong></span> 
     </span>
     <span class='ocr_line' id='line_1_17' title="bbox 48 1049 753 1098; baseline -0.004 -5"><span class='ocrx_word' id='word_1_140' title='bbox 48 1051 165 1098; x_wconf 74' lang='lat' dir='ltr'><strong>male,</strong></span> <span class='ocrx_word' id='word_1_141' title='bbox 195 1049 261 1092; x_wconf 81' lang='lat' dir='ltr'><strong>hic</strong></span> <span class='ocrx_word' id='word_1_142' title='bbox 290 1050 424 1091; x_wconf 81' lang='lat' dir='ltr'><strong>fervor</strong></span> <span class='ocrx_word' id='word_1_143' title='bbox 452 1050 632 1091; x_wconf 87' lang='lat' dir='ltr'><strong>aestivus</strong></span> <span class='ocrx_word' id='word_1_144' title='bbox 662 1050 753 1091; x_wconf 86' lang='lat' dir='ltr'><strong>erit.</strong></span> 
     </span>
    </p>

    <p class='ocr_par' dir='ltr' id='par_1_9' title="bbox 296 1107 1160 1149">
     <span class='ocr_line' id='line_1_18' title="bbox 296 1107 1160 1149; baseline 0.005 -4"><span class='ocrx_word' id='word_1_145' title='bbox 296 1124 299 1125; x_wconf 41' lang='lat'><em>⁷</em></span> <span class='ocrx_word' id='word_1_146' title='bbox 810 1107 878 1148; x_wconf 89' lang='lat' dir='ltr'><strong>Th</strong></span> <span class='ocrx_word' id='word_1_147' title='bbox 888 1108 988 1148; x_wconf 88' lang='lat' dir='ltr'><strong>esis</strong></span> <span class='ocrx_word' id='word_1_148' title='bbox 1018 1108 1096 1149; x_wconf 90' lang='lat' dir='ltr'><strong>VI.</strong></span> <span class='ocrx_word' id='word_1_149' title='bbox 1156 1125 1160 1127; x_wconf 46' lang='lat'><em>⁴</em></span> 
     </span>
    </p>

    <p class='ocr_par' dir='ltr' id='par_1_10' title="bbox 43 1165 1896 1632">
     <span class='ocr_line' id='line_1_19' title="bbox 162 1165 1852 1220; baseline 0 -12"><span class='ocrx_word' id='word_1_150' title='bbox 162 1165 311 1208; x_wconf 72' lang='lat' dir='ltr'><strong>Modm</strong></span> <span class='ocrx_word' id='word_1_151' title='bbox 337 1178 486 1208; x_wconf 78' lang='lat' dir='ltr'><strong>causae</strong></span> <span class='ocrx_word' id='word_1_152' title='bbox 515 1170 633 1218; x_wconf 89' lang='lat' dir='ltr'><strong>patet</strong></span> <span class='ocrx_word' id='word_1_153' title='bbox 662 1179 714 1207; x_wconf 83' lang='lat' dir='ltr'><strong>ex</strong></span> <span class='ocrx_word' id='word_1_154' title='bbox 742 1166 1014 1219; x_wconf 86' lang='lat' dir='ltr'><strong>sequentibus.</strong></span> <span class='ocrx_word' id='word_1_155' title='bbox 1074 1167 1233 1220; x_wconf 82' lang='lat' dir='ltr'><strong>Pragae</strong></span> <span class='ocrx_word' id='word_1_156' title='bbox 1274 1166 1542 1209; x_wconf 88' lang='lat' dir='ltr'><strong>Bohemorum</strong></span> <span class='ocrx_word' id='word_1_157' title='bbox 1577 1171 1644 1208; x_wconf 90' lang='lat' dir='ltr'><strong>est</strong></span> <span class='ocrx_word' id='word_1_158' title='bbox 1678 1166 1852 1208; x_wconf 86' lang='lat' dir='ltr'><strong>altitudo</strong></span> 
     </span>
     <span class='ocr_line' id='line_1_20' title="bbox 48 1222 1854 1279; baseline 0.001 -13"><span class='ocrx_word' id='word_1_159' title='bbox 48 1225 133 1278; x_wconf 81' lang='lat' dir='ltr'><strong>poli</strong></span> <span class='ocrx_word' id='word_1_160' title='bbox 161 1223 223 1267; x_wconf 86' lang='lat'><strong>50</strong></span> <span class='ocrx_word' id='word_1_161' title='bbox 250 1223 306 1266; x_wconf 81' lang='lat' dir='ltr'><strong>G.</strong></span> <span class='ocrx_word' id='word_1_162' title='bbox 337 1222 381 1266; x_wconf 82' lang='lat'><strong>5¹</strong></span> <span class='ocrx_word' id='word_1_163' title='bbox 411 1222 803 1266; x_wconf 60' lang='lat' dir='ltr'><strong>45¹2De01inatio</strong></span> <span class='ocrx_word' id='word_1_164' title='bbox 845 1237 941 1265; x_wconf 89' lang='lat' dir='ltr'><strong>vero</strong></span> <span class='ocrx_word' id='word_1_165' title='bbox 981 1225 1191 1279; x_wconf 87' lang='lat' dir='ltr'><strong>eclipticae</strong></span> <span class='ocrx_word' id='word_1_166' title='bbox 1222 1225 1298 1266; x_wconf 90' lang='lat' dir='ltr'><strong>hoc</strong></span> <span class='ocrx_word' id='word_1_167' title='bbox 1328 1226 1464 1267; x_wconf 86' lang='lat' dir='ltr'><strong>seculo</strong></span> <span class='ocrx_word' id='word_1_168' title='bbox 1495 1223 1553 1267; x_wconf 83' lang='lat'><strong>23</strong></span> <span class='ocrx_word' id='word_1_169' title='bbox 1583 1224 1636 1267; x_wconf 90' lang='lat' dir='ltr'><strong>G.</strong></span> <span class='ocrx_word' id='word_1_170' title='bbox 1669 1223 1741 1268; x_wconf 87' lang='lat'><strong>31¹</strong></span> <span class='ocrx_word' id='word_1_171' title='bbox 1766 1224 1854 1268; x_wconf 87' lang='lat'><strong><em>30¹¹</em></strong></span> 
     </span>
     <span class='ocr_line' id='line_1_21' title="bbox 47 1282 1853 1338; baseline 0.001 -13"><span class='ocrx_word' id='word_1_172' title='bbox 47 1289 95 1325; x_wconf 85' lang='lat' dir='ltr'><strong>ut</strong></span> <span class='ocrx_word' id='word_1_173' title='bbox 128 1296 218 1325; x_wconf 74' lang='lat' dir='ltr'><strong>eam</strong></span> <span class='ocrx_word' id='word_1_174' title='bbox 253 1282 518 1337; x_wconf 83' lang='lat' dir='ltr'><strong>deprehendit</strong></span> <span class='ocrx_word' id='word_1_175' title='bbox 551 1283 728 1335; x_wconf 82' lang='lat' dir='ltr'><strong>phoenix</strong></span> <span class='ocrx_word' id='word_1_176' title='bbox 769 1283 838 1324; x_wconf 90' lang='lat' dir='ltr'><strong>ille</strong></span> <span class='ocrx_word' id='word_1_177' title='bbox 869 1288 1185 1325; x_wconf 89' lang='lat' dir='ltr'><strong>astronomorum</strong></span> <span class='ocrx_word' id='word_1_178' title='bbox 1215 1284 1352 1338; x_wconf 89' lang='lat' dir='ltr'><strong>Tycho</strong></span> <span class='ocrx_word' id='word_1_179' title='bbox 1380 1285 1540 1333; x_wconf 87' lang='lat' dir='ltr'><strong>Brahe;</strong></span> <span class='ocrx_word' id='word_1_180' title='bbox 1580 1297 1695 1338; x_wconf 91' lang='lat' dir='ltr'><strong>quem</strong></span> <span class='ocrx_word' id='word_1_181' title='bbox 1726 1297 1853 1338; x_wconf 84' lang='lat' dir='ltr'><strong>nuper</strong></span> 
     </span>
     <span class='ocr_line' id='line_1_22' title="bbox 47 1340 1853 1397; baseline 0.001 -14"><span class='ocrx_word' id='word_1_182' title='bbox 47 1342 264 1384; x_wconf 77' lang='lat' dir='ltr'><strong>amisimus.</strong></span> <span class='ocrx_word' id='word_1_183' title='bbox 304 1343 449 1394; x_wconf 80' lang='lat' dir='ltr'><strong>ltaque</strong></span> <span class='ocrx_word' id='word_1_184' title='bbox 477 1340 562 1388; x_wconf 84' lang='lat' dir='ltr'><strong>Sol,</strong></span> <span class='ocrx_word' id='word_1_185' title='bbox 585 1343 649 1394; x_wconf 88' lang='lat' dir='ltr'><strong>qui</strong></span> <span class='ocrx_word' id='word_1_186' title='bbox 682 1342 798 1383; x_wconf 89' lang='lat' dir='ltr'><strong>nobis</strong></span> <span class='ocrx_word' id='word_1_187' title='bbox 830 1347 970 1383; x_wconf 86' lang='lat' dir='ltr'><strong>auctor</strong></span> <span class='ocrx_word' id='word_1_188' title='bbox 1000 1342 1147 1383; x_wconf 90' lang='lat' dir='ltr'><strong>caloris</strong></span> <span class='ocrx_word' id='word_1_189' title='bbox 1177 1348 1254 1392; x_wconf 84' lang='lat' dir='ltr'><strong>est,</strong></span> <span class='ocrx_word' id='word_1_190' title='bbox 1286 1343 1428 1397; x_wconf 84' lang='lat' dir='ltr'><strong>hyeme</strong></span> <span class='ocrx_word' id='word_1_191' title='bbox 1458 1355 1538 1384; x_wconf 88' lang='lat' dir='ltr'><strong>non</strong></span> <span class='ocrx_word' id='word_1_192' title='bbox 1568 1343 1704 1396; x_wconf 90' lang='lat' dir='ltr'><strong>plures</strong></span> <span class='ocrx_word' id='word_1_193' title='bbox 1733 1356 1853 1397; x_wconf 85' lang='lat' dir='ltr'><strong>quam</strong></span> 
     </span>
     <span class='ocr_line' id='line_1_23' title="bbox 47 1397 1850 1455; baseline 0.001 -13"><span class='ocrx_word' id='word_1_194' title='bbox 47 1400 73 1441; x_wconf 90' lang='grc'><strong>7</strong></span> <span class='ocrx_word' id='word_1_195' title='bbox 103 1401 227 1442; x_wconf 63' lang='lat' dir='ltr'><strong>horas</strong></span> <span class='ocrx_word' id='word_1_196' title='bbox 261 1406 306 1442; x_wconf 81' lang='lat' dir='ltr'><strong>et</strong></span> <span class='ocrx_word' id='word_1_197' title='bbox 348 1397 408 1442; x_wconf 82' lang='lat'><strong>49</strong></span> <span class='ocrx_word' id='word_1_198' title='bbox 450 1401 639 1452; x_wconf 84' lang='lat' dir='ltr'><strong>scrupula</strong></span> <span class='ocrx_word' id='word_1_199' title='bbox 691 1413 815 1453; x_wconf 88' lang='lat' dir='ltr'><strong>supra</strong></span> <span class='ocrx_word' id='word_1_200' title='bbox 855 1400 1102 1441; x_wconf 87' lang='lat' dir='ltr'><strong>horizontem</strong></span> <span class='ocrx_word' id='word_1_201' title='bbox 1149 1400 1281 1450; x_wconf 88' lang='lat' dir='ltr'><strong>lucet,</strong></span> <span class='ocrx_word' id='word_1_202' title='bbox 1327 1406 1370 1442; x_wconf 89' lang='lat' dir='ltr'><strong>et</strong></span> <span class='ocrx_word' id='word_1_203' title='bbox 1437 1402 1472 1442; x_wconf 83' lang='lat' dir='ltr'><strong>’c</strong></span> <span class='ocrx_word' id='word_1_204' title='bbox 1514 1401 1627 1443; x_wconf 87' lang='lat' dir='ltr'><strong>brevi</strong></span> <span class='ocrx_word' id='word_1_205' title='bbox 1670 1407 1850 1455; x_wconf 89' lang='lat' dir='ltr'><strong>tempore</strong></span> 
     </span>
     <span class='ocr_line' id='line_1_24' title="bbox 45 1459 1851 1512; baseline 0.001 -12"><span class='ocrx_word' id='word_1_206' title='bbox 45 1464 227 1510; x_wconf 64' lang='lat' dir='ltr'><strong>nom</strong></span> <span class='ocrx_word' id='word_1_207' title='bbox 256 1463 390 1500; x_wconf 71' lang='lat' dir='ltr'><strong>aerem</strong></span> <span class='ocrx_word' id='word_1_208' title='bbox 420 1459 597 1508; x_wconf 82' lang='lat' dir='ltr'><strong>calfacit,</strong></span> <span class='ocrx_word' id='word_1_209' title='bbox 630 1459 749 1512; x_wconf 91' lang='lat' dir='ltr'><strong>duplo</strong></span> <span class='ocrx_word' id='word_1_210' title='bbox 782 1471 877 1500; x_wconf 88' lang='lat' dir='ltr'><strong>vero</strong></span> <span class='ocrx_word' id='word_1_211' title='bbox 896 1459 1045 1499; x_wconf 89' lang='lat' dir='ltr'><strong>diutius</strong></span> <span class='ocrx_word' id='word_1_212' title='bbox 1070 1464 1114 1500; x_wconf 91' lang='lat' dir='ltr'><strong>et</strong></span> <span class='ocrx_word' id='word_1_213' title='bbox 1132 1459 1302 1512; x_wconf 91' lang='lat' dir='ltr'><strong>amplius</strong></span> <span class='ocrx_word' id='word_1_214' title='bbox 1321 1460 1429 1501; x_wconf 83' lang='lat' dir='ltr'><strong>infra</strong></span> <span class='ocrx_word' id='word_1_215' title='bbox 1474 1460 1695 1501; x_wconf 86' lang='lat' dir='ltr'><strong>orizontem</strong></span> <span class='ocrx_word' id='word_1_216' title='bbox 1718 1461 1851 1503; x_wconf 89' lang='lat' dir='ltr'><strong>latens</strong></span> 
     </span>
     <span class='ocr_line' id='line_1_25' title="bbox 46 1514 1896 1573; baseline 0.001 -13"><span class='ocrx_word' id='word_1_217' title='bbox 46 1531 74 1559; x_wconf 74' lang='lat' dir='ltr'><strong>a</strong></span> <span class='ocrx_word' id='word_1_218' title='bbox 101 1517 340 1560; x_wconf 73' lang='lat' dir='ltr'><strong>calfsctione</strong></span> <span class='ocrx_word' id='word_1_219' title='bbox 370 1522 519 1558; x_wconf 88' lang='lat' dir='ltr'><strong>cessat.</strong></span> <span class='ocrx_word' id='word_1_220' title='bbox 582 1517 736 1559; x_wconf 90' lang='lat' dir='ltr'><strong>Contra</strong></span> <span class='ocrx_word' id='word_1_221' title='bbox 777 1529 873 1558; x_wconf 85' lang='lat' dir='ltr'><strong>vero</strong></span> <span class='ocrx_word' id='word_1_222' title='bbox 912 1522 1070 1573; x_wconf 71' lang='lat' dir='ltr'><strong>aestate</strong></span> <span class='ocrx_word' id='word_1_223' title='bbox 1106 1514 1159 1559; x_wconf 89' lang='lat'><strong>16</strong></span> <span class='ocrx_word' id='word_1_224' title='bbox 1189 1518 1370 1571; x_wconf 89' lang='lat' dir='ltr'><strong>integras</strong></span> <span class='ocrx_word' id='word_1_225' title='bbox 1400 1518 1521 1560; x_wconf 90' lang='lat' dir='ltr'><strong>horas</strong></span> <span class='ocrx_word' id='word_1_226' title='bbox 1559 1524 1602 1560; x_wconf 88' lang='lat' dir='ltr'><strong>et</strong></span> <span class='ocrx_word' id='word_1_227' title='bbox 1645 1517 1703 1561; x_wconf 87' lang='lat'><strong>22</strong></span> <span class='ocrx_word' id='word_1_228' title='bbox 1734 1532 1851 1561; x_wconf 84' lang='lat' dir='ltr'><strong>scru-</strong></span> <span class='ocrx_word' id='word_1_229' title='bbox 1892 1566 1896 1569; x_wconf 56' lang='grc'><em>,</em></span> 
     </span>
     <span class='ocr_line' id='line_1_26' title="bbox 43 1575 1851 1632; baseline 0.001 -14"><span class='ocrx_word' id='word_1_230' title='bbox 43 1577 143 1631; x_wconf 67' lang='lat' dir='ltr'><strong>puls</strong></span> <span class='ocrx_word' id='word_1_231' title='bbox 169 1588 294 1629; x_wconf 76' lang='lat' dir='ltr'><strong>supra</strong></span> <span class='ocrx_word' id='word_1_232' title='bbox 319 1575 568 1617; x_wconf 82' lang='lat' dir='ltr'><strong>horizontem</strong></span> <span class='ocrx_word' id='word_1_233' title='bbox 598 1576 638 1617; x_wconf 92' lang='lat' dir='ltr'><strong>in</strong></span> <span class='ocrx_word' id='word_1_234' title='bbox 669 1576 909 1617; x_wconf 83' lang='lat' dir='ltr'><strong>calfactione</strong></span> <span class='ocrx_word' id='word_1_235' title='bbox 939 1575 1136 1628; x_wconf 84' lang='lat' dir='ltr'><strong>persistit,</strong></span> <span class='ocrx_word' id='word_1_236' title='bbox 1167 1576 1375 1630; x_wconf 89' lang='lat' dir='ltr'><strong>minusque</strong></span> <span class='ocrx_word' id='word_1_237' title='bbox 1406 1577 1568 1619; x_wconf 89' lang='lat' dir='ltr'><strong>dimidio</strong></span> <span class='ocrx_word' id='word_1_238' title='bbox 1595 1582 1774 1632; x_wconf 85' lang='lat' dir='ltr'><strong>tempore</strong></span> <span class='ocrx_word' id='word_1_239' title='bbox 1798 1579 1851 1620; x_wconf 93' lang='lat' dir='ltr'><strong>ab</strong></span> 
     </span>
    </p>
   </div>
   <div class='ocr_carea' id='block_1_3' title="bbox 46 1635 1095 1733">
    <p class='ocr_par' dir='ltr' id='par_1_11' title="bbox 46 1635 1095 1733">
     <span class='ocr_line' id='line_1_27' title="bbox 46 1635 460 1689; baseline -0.005 -13"><span class='ocrx_word' id='word_1_240' title='bbox 46 1635 279 1689; x_wconf 82' lang='lat' dir='ltr'><strong>operatione</strong></span> <span class='ocrx_word' id='word_1_241' title='bbox 309 1639 460 1676; x_wconf 84' lang='lat' dir='ltr'><strong>cessat.</strong></span> 
     </span>
     <span class='ocr_line' id='line_1_28' title="bbox 788 1691 1095 1733; baseline 0.003 -1"><span class='ocrx_word' id='word_1_242' title='bbox 788 1691 968 1732; x_wconf 87' lang='lat' dir='ltr'><strong>Thesis</strong></span> <span class='ocrx_word' id='word_1_243' title='bbox 998 1692 1095 1733; x_wconf 88' lang='lat' dir='ltr'><strong>VIL</strong></span> 
     </span>
    </p>
   </div>
   <div class='ocr_carea' id='block_1_4' title="bbox 19 1750 1906 3087">
    <p class='ocr_par' dir='ltr' id='par_1_12' title="bbox 23 1750 1906 1920">
     <span class='ocr_line' id='line_1_29' title="bbox 164 1750 1852 1805; baseline 0.001 -13"><span class='ocrx_word' id='word_1_244' title='bbox 164 1750 255 1792; x_wconf 74' lang='lat' dir='ltr'><strong>Aer</strong></span> <span class='ocrx_word' id='word_1_245' title='bbox 282 1755 417 1792; x_wconf 82' lang='lat' dir='ltr'><strong>autem</strong></span> <span class='ocrx_word' id='word_1_246' title='bbox 446 1755 605 1800; x_wconf 90' lang='lat' dir='ltr'><strong>noster,</strong></span> <span class='ocrx_word' id='word_1_247' title='bbox 647 1755 693 1791; x_wconf 87' lang='lat' dir='ltr'><strong>ut</strong></span> <span class='ocrx_word' id='word_1_248' title='bbox 722 1755 766 1790; x_wconf 91' lang='lat' dir='ltr'><strong>et</strong></span> <span class='ocrx_word' id='word_1_249' title='bbox 795 1763 901 1803; x_wconf 89' lang='lat' dir='ltr'><strong>aqua</strong></span> <span class='ocrx_word' id='word_1_250' title='bbox 930 1756 973 1791; x_wconf 88' lang='lat' dir='ltr'><strong>et</strong></span> <span class='ocrx_word' id='word_1_251' title='bbox 1002 1755 1114 1792; x_wconf 87' lang='lat' dir='ltr'><strong>terra</strong></span> <span class='ocrx_word' id='word_1_252' title='bbox 1143 1752 1359 1804; x_wconf 85' lang='lat' dir='ltr'><strong>(quatenus</strong></span> <span class='ocrx_word' id='word_1_253' title='bbox 1391 1751 1630 1805; x_wconf 77' lang='lat' dir='ltr'><strong>elementum</strong></span> <span class='ocrx_word' id='word_1_254' title='bbox 1659 1754 1742 1803; x_wconf 89' lang='lat' dir='ltr'><strong>est)</strong></span> <span class='ocrx_word' id='word_1_255' title='bbox 1773 1752 1852 1794; x_wconf 88' lang='lat' dir='ltr'><strong>nisi</strong></span> 
     </span>
     <span class='ocr_line' id='line_1_30' title="bbox 46 1809 1906 1862; baseline 0.001 -11"><span class='ocrx_word' id='word_1_256' title='bbox 46 1809 235 1852; x_wconf 66' lang='lat' dir='ltr'><strong>continuo</strong></span> <span class='ocrx_word' id='word_1_257' title='bbox 265 1810 450 1857; x_wconf 81' lang='lat' dir='ltr'><strong>calfiant,</strong></span> <span class='ocrx_word' id='word_1_258' title='bbox 481 1809 622 1850; x_wconf 81' lang='lat' dir='ltr'><strong>statim</strong></span> <span class='ocrx_word' id='word_1_259' title='bbox 652 1809 705 1848; x_wconf 91' lang='lat' dir='ltr'><strong>ad</strong></span> <span class='ocrx_word' id='word_1_260' title='bbox 734 1814 920 1849; x_wconf 88' lang='lat' dir='ltr'><strong>naturam</strong></span> <span class='ocrx_word' id='word_1_261' title='bbox 950 1822 1066 1850; x_wconf 91' lang='lat' dir='ltr'><strong>suam</strong></span> <span class='ocrx_word' id='word_1_262' title='bbox 1093 1809 1286 1860; x_wconf 90' lang='lat' dir='ltr'><strong>redeunt,</strong></span> <span class='ocrx_word' id='word_1_263' title='bbox 1318 1815 1361 1850; x_wconf 89' lang='lat' dir='ltr'><strong>et</strong></span> <span class='ocrx_word' id='word_1_264' title='bbox 1391 1809 1627 1862; x_wconf 80' lang='lat' dir='ltr'><strong>frigescunt.</strong></span> <span class='ocrx_word' id='word_1_265' title='bbox 1686 1811 1853 1853; x_wconf 86' lang='lat' dir='ltr'><strong>Falsum</strong></span> <span class='ocrx_word' id='word_1_266' title='bbox 1900 1853 1906 1859; x_wconf 55' lang='lat'><em>„</em></span> 
     </span>
     <span class='ocr_line' id='line_1_31' title="bbox 23 1866 1551 1920; baseline -0.001 -10"><span class='ocrx_word' id='word_1_267' title='bbox 23 1867 152 1910; x_wconf 75' lang='lat' dir='ltr'><strong>¹enirn</strong></span> <span class='ocrx_word' id='word_1_268' title='bbox 180 1872 247 1910; x_wconf 84' lang='lat' dir='ltr'><strong>est</strong></span> <span class='ocrx_word' id='word_1_269' title='bbox 273 1868 374 1909; x_wconf 88' lang='lat' dir='ltr'><strong>illud</strong></span> <span class='ocrx_word' id='word_1_270' title='bbox 401 1867 662 1909; x_wconf 86' lang='lat' dir='ltr'><strong>Aristotelis:</strong></span> <span class='ocrx_word' id='word_1_271' title='bbox 695 1866 817 1908; x_wconf 72' lang='lat' dir='ltr'><strong>Aeris</strong></span> <span class='ocrx_word' id='word_1_272' title='bbox 847 1873 1035 1909; x_wconf 90' lang='lat' dir='ltr'><strong>naturam</strong></span> <span class='ocrx_word' id='word_1_273' title='bbox 1063 1880 1136 1920; x_wconf 89' lang='lat' dir='ltr'><strong>per</strong></span> <span class='ocrx_word' id='word_1_274' title='bbox 1166 1881 1211 1909; x_wconf 89' lang='lat' dir='ltr'><strong>se</strong></span> <span class='ocrx_word' id='word_1_275' title='bbox 1242 1882 1332 1909; x_wconf 88' lang='lat' dir='ltr'><strong>esse</strong></span> <span class='ocrx_word' id='word_1_276' title='bbox 1364 1869 1551 1910; x_wconf 88' lang='lat' dir='ltr'><strong>calidam.</strong></span> 
     </span>
    </p>

    <p class='ocr_par' dir='ltr' id='par_1_13' title="bbox 777 1926 1115 1968">
     <span class='ocr_line' id='line_1_32' title="bbox 777 1926 1115 1968; baseline 0.006 -2"><span class='ocrx_word' id='word_1_277' title='bbox 777 1926 965 1967; x_wconf 88' lang='lat' dir='ltr'><strong>Thesis</strong></span> <span class='ocrx_word' id='word_1_278' title='bbox 996 1927 1115 1968; x_wconf 91' lang='lat' dir='ltr'><strong>VIII.</strong></span> 
     </span>
    </p>

    <p class='ocr_par' dir='ltr' id='par_1_14' title="bbox 47 1981 1852 2154">
     <span class='ocr_line' id='line_1_33' title="bbox 146 1981 1851 2039; baseline 0.002 -15.028"><span class='ocrx_word' id='word_1_279' title='bbox 146 1982 362 2038; x_wconf 86' lang='lat' dir='ltr'><strong>Quicquid</strong></span> <span class='ocrx_word' id='word_1_280' title='bbox 391 1984 497 2025; x_wconf 88' lang='lat' dir='ltr'><strong>enim</strong></span> <span class='ocrx_word' id='word_1_281' title='bbox 526 1981 697 2025; x_wconf 85' lang='lat' dir='ltr'><strong>materia</strong></span> <span class='ocrx_word' id='word_1_282' title='bbox 725 1985 963 2037; x_wconf 87' lang='lat' dir='ltr'><strong>participat,</strong></span> <span class='ocrx_word' id='word_1_283' title='bbox 1010 1990 1206 2038; x_wconf 88' lang='lat' dir='ltr'><strong>quatenus</strong></span> <span class='ocrx_word' id='word_1_284' title='bbox 1238 1997 1288 2025; x_wconf 86' lang='lat' dir='ltr'><strong>ea</strong></span> <span class='ocrx_word' id='word_1_285' title='bbox 1315 1985 1554 2039; x_wconf 86' lang='lat' dir='ltr'><strong>participat,</strong></span> <span class='ocrx_word' id='word_1_286' title='bbox 1598 1998 1674 2027; x_wconf 84' lang='lat' dir='ltr'><strong>sua</strong></span> <span class='ocrx_word' id='word_1_287' title='bbox 1704 1990 1851 2027; x_wconf 87' lang='lat' dir='ltr'><strong>natura</strong></span> 
     </span>
     <span class='ocr_line' id='line_1_34' title="bbox 48 2041 1852 2096; baseline 0.001 -12"><span class='ocrx_word' id='word_1_288' title='bbox 48 2041 234 2095; x_wconf 78' lang='lat' dir='ltr'><strong>frigidum</strong></span> <span class='ocrx_word' id='word_1_289' title='bbox 263 2048 342 2083; x_wconf 90' lang='lat' dir='ltr'><strong>est.</strong></span> <span class='ocrx_word' id='word_1_290' title='bbox 375 2042 574 2095; x_wconf 87' lang='lat' dir='ltr'><strong>Quicquid</strong></span> <span class='ocrx_word' id='word_1_291' title='bbox 603 2055 697 2083; x_wconf 91' lang='lat' dir='ltr'><strong>vero</strong></span> <span class='ocrx_word' id='word_1_292' title='bbox 727 2048 931 2096; x_wconf 87' lang='lat' dir='ltr'><strong>potestate</strong></span> <span class='ocrx_word' id='word_1_293' title='bbox 963 2044 1135 2085; x_wconf 89' lang='lat' dir='ltr'><strong>calidum</strong></span> <span class='ocrx_word' id='word_1_294' title='bbox 1167 2048 1244 2092; x_wconf 87' lang='lat' dir='ltr'><strong>est,</strong></span> <span class='ocrx_word' id='word_1_295' title='bbox 1274 2043 1316 2084; x_wconf 91' lang='lat' dir='ltr'><strong>id</strong></span> <span class='ocrx_word' id='word_1_296' title='bbox 1346 2043 1471 2086; x_wconf 89' lang='lat' dir='ltr'><strong>habet</strong></span> <span class='ocrx_word' id='word_1_297' title='bbox 1489 2058 1591 2086; x_wconf 89' lang='lat' dir='ltr'><strong>eam</strong></span> <span class='ocrx_word' id='word_1_298' title='bbox 1616 2049 1801 2086; x_wconf 86' lang='lat' dir='ltr'><strong>naturam</strong></span> <span class='ocrx_word' id='word_1_299' title='bbox 1825 2059 1852 2085; x_wconf 92' lang='lat' dir='ltr'><strong>a</strong></span> 
     </span>
     <span class='ocr_line' id='line_1_35' title="bbox 47 2101 1205 2154; baseline 0 -12"><span class='ocrx_word' id='word_1_300' title='bbox 47 2101 88 2141; x_wconf 85' lang='lat' dir='ltr'><strong>vi</strong></span> <span class='ocrx_word' id='word_1_301' title='bbox 119 2101 280 2142; x_wconf 82' lang='lat' dir='ltr'><strong>animali</strong></span> <span class='ocrx_word' id='word_1_302' title='bbox 310 2106 383 2142; x_wconf 82' lang='lat' dir='ltr'><strong>aut</strong></span> <span class='ocrx_word' id='word_1_303' title='bbox 411 2101 548 2150; x_wconf 92' lang='lat' dir='ltr'><strong>insita,</strong></span> <span class='ocrx_word' id='word_1_304' title='bbox 580 2107 651 2142; x_wconf 87' lang='lat' dir='ltr'><strong>aut</strong></span> <span class='ocrx_word' id='word_1_305' title='bbox 681 2114 743 2151; x_wconf 88' lang='lat' dir='ltr'><strong>ea,</strong></span> <span class='ocrx_word' id='word_1_306' title='bbox 775 2115 877 2154; x_wconf 89' lang='lat' dir='ltr'><strong>quae</strong></span> <span class='ocrx_word' id='word_1_307' title='bbox 909 2115 952 2142; x_wconf 88' lang='lat' dir='ltr'><strong>se</strong></span> <span class='ocrx_word' id='word_1_308' title='bbox 983 2102 1205 2154; x_wconf 88' lang='lat' dir='ltr'><strong>progenuit.</strong></span> 
     </span>
    </p>

    <p class='ocr_par' dir='ltr' id='par_1_15' title="bbox 800 2160 1084 2201">
     <span class='ocr_line' id='line_1_36' title="bbox 800 2160 1084 2201; baseline 0.007 -2"><span class='ocrx_word' id='word_1_309' title='bbox 800 2160 980 2200; x_wconf 88' lang='lat' dir='ltr'><strong>Thesis</strong></span> <span class='ocrx_word' id='word_1_310' title='bbox 1010 2160 1084 2201; x_wconf 87' lang='lat' dir='ltr'><strong>IX.</strong></span> 
     </span>
    </p>

    <p class='ocr_par' dir='ltr' id='par_1_16' title="bbox 47 2178 1851 2386">
     <span class='ocr_line' id='line_1_37' title="bbox 165 2178 1851 2272; baseline 0.002 -16"><span class='ocrx_word' id='word_1_311' title='bbox 165 2178 313 2257; x_wconf 84' lang='lat' dir='ltr'><strong>Altera</strong></span> <span class='ocrx_word' id='word_1_312' title='bbox 343 2221 385 2257; x_wconf 91' lang='lat' dir='ltr'><strong>et</strong></span> <span class='ocrx_word' id='word_1_313' title='bbox 413 2217 546 2269; x_wconf 90' lang='lat' dir='ltr'><strong>potior</strong></span> <span class='ocrx_word' id='word_1_314' title='bbox 577 2230 712 2263; x_wconf 87' lang='lat' dir='ltr'><strong>causa,</strong></span> <span class='ocrx_word' id='word_1_315' title='bbox 744 2230 815 2258; x_wconf 91' lang='lat' dir='ltr'><strong>cur</strong></span> <span class='ocrx_word' id='word_1_316' title='bbox 838 2217 911 2259; x_wconf 89' lang='lat' dir='ltr'><strong>Sol</strong></span> <span class='ocrx_word' id='word_1_317' title='bbox 942 2219 1049 2259; x_wconf 87' lang='lat' dir='ltr'><strong>altus</strong></span> <span class='ocrx_word' id='word_1_318' title='bbox 1079 2219 1170 2270; x_wconf 87' lang='lat' dir='ltr'><strong>plus</strong></span> <span class='ocrx_word' id='word_1_319' title='bbox 1201 2218 1405 2268; x_wconf 84' lang='lat' dir='ltr'><strong>calfaciat,</strong></span> <span class='ocrx_word' id='word_1_320' title='bbox 1436 2231 1556 2272; x_wconf 88' lang='lat' dir='ltr'><strong>quam</strong></span> <span class='ocrx_word' id='word_1_321' title='bbox 1585 2219 1757 2269; x_wconf 90' lang='lat' dir='ltr'><strong>humilis,</strong></span> <span class='ocrx_word' id='word_1_322' title='bbox 1785 2226 1851 2261; x_wconf 89' lang='lat' dir='ltr'><strong>est</strong></span> 
     </span>
     <span class='ocr_line' id='line_1_38' title="bbox 48 2271 1849 2328; baseline 0.002 -13"><span class='ocrx_word' id='word_1_323' title='bbox 48 2275 161 2322; x_wconf 85' lang='lat' dir='ltr'><strong>haec,</strong></span> <span class='ocrx_word' id='word_1_324' title='bbox 194 2276 298 2328; x_wconf 90' lang='lat' dir='ltr'><strong>quod</strong></span> <span class='ocrx_word' id='word_1_325' title='bbox 328 2274 399 2316; x_wconf 91' lang='lat' dir='ltr'><strong>Sol</strong></span> <span class='ocrx_word' id='word_1_326' title='bbox 431 2271 591 2316; x_wconf 77' lang='lat' dir='ltr'><strong>humilis</strong></span> <span class='ocrx_word' id='word_1_327' title='bbox 624 2276 780 2328; x_wconf 90' lang='lat' dir='ltr'><strong>oblique</strong></span> <span class='ocrx_word' id='word_1_328' title='bbox 812 2281 854 2316; x_wconf 90' lang='lat' dir='ltr'><strong>et</strong></span> <span class='ocrx_word' id='word_1_329' title='bbox 885 2276 1070 2317; x_wconf 87' lang='lat' dir='ltr'><strong>debiliter</strong></span> <span class='ocrx_word' id='word_1_330' title='bbox 1100 2277 1347 2318; x_wconf 86' lang='lat' dir='ltr'><strong>horizontem</strong></span> <span class='ocrx_word' id='word_1_331' title='bbox 1376 2283 1556 2319; x_wconf 88' lang='lat' dir='ltr'><strong>nostrum</strong></span> <span class='ocrx_word' id='word_1_332' title='bbox 1586 2278 1702 2328; x_wconf 82' lang='lat' dir='ltr'><strong>ferit,</strong></span> <span class='ocrx_word' id='word_1_333' title='bbox 1742 2278 1849 2319; x_wconf 89' lang='lat' dir='ltr'><strong>altus</strong></span> 
     </span>
     <span class='ocr_line' id='line_1_39' title="bbox 47 2333 1850 2386; baseline 0.002 -13"><span class='ocrx_word' id='word_1_334' title='bbox 47 2345 143 2374; x_wconf 79' lang='lat' dir='ltr'><strong>vero</strong></span> <span class='ocrx_word' id='word_1_335' title='bbox 173 2334 320 2386; x_wconf 90' lang='lat' dir='ltr'><strong>angulo</strong></span> <span class='ocrx_word' id='word_1_336' title='bbox 349 2334 479 2386; x_wconf 85' lang='lat' dir='ltr'><strong>magis</strong></span> <span class='ocrx_word' id='word_1_337' title='bbox 509 2339 619 2377; x_wconf 86' lang='lat' dir='ltr'><strong>recto</strong></span> <span class='ocrx_word' id='word_1_338' title='bbox 652 2339 693 2374; x_wconf 88' lang='lat' dir='ltr'><strong>et</strong></span> <span class='ocrx_word' id='word_1_339' title='bbox 724 2334 880 2374; x_wconf 87' lang='lat' dir='ltr'><strong>fortius.</strong></span> <span class='ocrx_word' id='word_1_340' title='bbox 943 2333 1130 2384; x_wconf 88' lang='lat' dir='ltr'><strong>Causam,</strong></span> <span class='ocrx_word' id='word_1_341' title='bbox 1163 2348 1233 2375; x_wconf 86' lang='lat' dir='ltr'><strong>cur</strong></span> <span class='ocrx_word' id='word_1_342' title='bbox 1250 2335 1359 2376; x_wconf 90' lang='lat' dir='ltr'><strong>Solis</strong></span> <span class='ocrx_word' id='word_1_343' title='bbox 1389 2336 1527 2377; x_wconf 88' lang='lat' dir='ltr'><strong>radius</strong></span> <span class='ocrx_word' id='word_1_344' title='bbox 1556 2336 1850 2377; x_wconf 88' lang='lat' dir='ltr'><strong>immateriatus</strong></span> 
     </span>
    </p>

    <p class='ocr_par' dir='ltr' id='par_1_17' title="bbox 19 2391 1847 2448">
     <span class='ocr_line' id='line_1_40' title="bbox 19 2391 1847 2448; baseline 0.002 -16"><span class='ocrx_word' id='word_1_345' title='bbox 19 2391 114 2432; x_wconf 73' lang='lat' dir='ltr'><strong>«hic</strong></span> <span class='ocrx_word' id='word_1_346' title='bbox 142 2392 250 2432; x_wconf 85' lang='lat' dir='ltr'><strong>idern</strong></span> <span class='ocrx_word' id='word_1_347' title='bbox 277 2397 471 2446; x_wconf 88' lang='lat' dir='ltr'><strong>praestet,</strong></span> <span class='ocrx_word' id='word_1_348' title='bbox 504 2392 611 2444; x_wconf 88' lang='lat' dir='ltr'><strong>quod</strong></span> <span class='ocrx_word' id='word_1_349' title='bbox 640 2392 775 2432; x_wconf 88' lang='lat' dir='ltr'><strong>solent</strong></span> <span class='ocrx_word' id='word_1_350' title='bbox 805 2404 973 2444; x_wconf 90' lang='lat' dir='ltr'><strong>corpora</strong></span> <span class='ocrx_word' id='word_1_351' title='bbox 1003 2393 1130 2433; x_wconf 82' lang='lat' dir='ltr'><strong>densa</strong></span> <span class='ocrx_word' id='word_1_352' title='bbox 1158 2394 1466 2448; x_wconf 88' lang='lat' dir='ltr'><strong>materiataque,</strong></span> <span class='ocrx_word' id='word_1_353' title='bbox 1498 2395 1592 2435; x_wconf 89' lang='lat' dir='ltr'><strong>dum</strong></span> <span class='ocrx_word' id='word_1_354' title='bbox 1614 2395 1693 2436; x_wconf 89' lang='lat' dir='ltr'><strong>sibi</strong></span> <span class='ocrx_word' id='word_1_355' title='bbox 1709 2399 1847 2436; x_wconf 90' lang='lat' dir='ltr'><strong>mutuo</strong></span> 
     </span>
    </p>

    <p class='ocr_par' dir='ltr' id='par_1_18' title="bbox 22 2450 1110 2503">
     <span class='ocr_line' id='line_1_41' title="bbox 22 2450 1110 2503; baseline 0 -12"><span class='ocrx_word' id='word_1_356' title='bbox 22 2479 26 2484; x_wconf 75' lang='lat'><em>-</em></span> <span class='ocrx_word' id='word_1_357' title='bbox 48 2450 330 2503; x_wconf 82' lang='lat' dir='ltr'><strong>impinguntur,</strong></span> <span class='ocrx_word' id='word_1_358' title='bbox 362 2463 477 2491; x_wconf 91' lang='lat' dir='ltr'><strong>nemo</strong></span> <span class='ocrx_word' id='word_1_359' title='bbox 507 2450 702 2490; x_wconf 84' lang='lat' dir='ltr'><strong>hactenus</strong></span> <span class='ocrx_word' id='word_1_360' title='bbox 733 2450 935 2502; x_wconf 83' lang='lat' dir='ltr'><strong>explicare</strong></span> <span class='ocrx_word' id='word_1_361' title='bbox 964 2451 1110 2502; x_wconf 90' lang='lat' dir='ltr'><strong>potuit.</strong></span> 
     </span>
    </p>

    <p class='ocr_par' dir='ltr' id='par_1_19' title="bbox 22 2509 1077 2550">
     <span class='ocr_line' id='line_1_42' title="bbox 22 2509 1077 2550; baseline 0.004 -4"><span class='ocrx_word' id='word_1_362' title='bbox 22 2528 34 2533; x_wconf 52' lang='lat'>»</span> <span class='ocrx_word' id='word_1_363' title='bbox 814 2509 912 2548; x_wconf 86' lang='lat' dir='ltr'><strong>The</strong></span> <span class='ocrx_word' id='word_1_364' title='bbox 923 2509 992 2549; x_wconf 92' lang='lat' dir='ltr'><strong>sis</strong></span> <span class='ocrx_word' id='word_1_365' title='bbox 1022 2509 1077 2550; x_wconf 91' lang='lat' dir='ltr'><strong>X.</strong></span> 
     </span>
    </p>

    <p class='ocr_par' dir='ltr' id='par_1_20' title="bbox 20 2557 1849 2794">
     <span class='ocr_line' id='line_1_43' title="bbox 163 2557 1849 2622; baseline 0.002 -16"><span class='ocrx_word' id='word_1_366' title='bbox 163 2566 307 2619; x_wconf 74' lang='lat' dir='ltr'><strong>Itaque</strong></span> <span class='ocrx_word' id='word_1_367' title='bbox 338 2579 428 2607; x_wconf 86' lang='lat' dir='ltr'><strong>cum</strong></span> <span class='ocrx_word' id='word_1_368' title='bbox 458 2565 532 2607; x_wconf 89' lang='lat' dir='ltr'><strong>Sol</strong></span> <span class='ocrx_word' id='word_1_369' title='bbox 563 2571 721 2606; x_wconf 85' lang='lat' dir='ltr'><strong>aestate</strong></span> <span class='ocrx_word' id='word_1_370' title='bbox 753 2567 973 2620; x_wconf 89' lang='lat' dir='ltr'><strong>quadruplo</strong></span> <span class='ocrx_word' id='word_1_371' title='bbox 1004 2567 1087 2608; x_wconf 86' lang='lat' dir='ltr'><strong>fere</strong></span> <span class='ocrx_word' id='word_1_372' title='bbox 1117 2568 1239 2608; x_wconf 89' lang='lat' dir='ltr'><strong>altius</strong></span> <span class='ocrx_word' id='word_1_373' title='bbox 1269 2567 1427 2619; x_wconf 87' lang='lat' dir='ltr'><strong>Pragae</strong></span> <span class='ocrx_word' id='word_1_374' title='bbox 1466 2557 1685 2620; x_wconf 71' lang='lat' dir='ltr'><strong>pervadat,</strong></span> <span class='ocrx_word' id='word_1_375' title='bbox 1731 2581 1849 2622; x_wconf 86' lang='lat' dir='ltr'><strong>quam</strong></span> 
     </span>
     <span class='ocr_line' id='line_1_44' title="bbox 20 2622 1846 2680; baseline 0.003 -16"><span class='ocrx_word' id='word_1_376' title='bbox 20 2622 216 2678; x_wconf 68' lang='lat' dir='ltr'><strong>hymno:</strong></span> <span class='ocrx_word' id='word_1_377' title='bbox 252 2629 305 2671; x_wconf 63' lang='lat' dir='ltr'><strong>,et</strong></span> <span class='ocrx_word' id='word_1_378' title='bbox 344 2624 462 2676; x_wconf 90' lang='lat' dir='ltr'><strong>hujus</strong></span> <span class='ocrx_word' id='word_1_379' title='bbox 505 2629 548 2665; x_wconf 91' lang='lat' dir='ltr'><strong>et</strong></span> <span class='ocrx_word' id='word_1_380' title='bbox 583 2624 800 2676; x_wconf 87' lang='lat' dir='ltr'><strong>superioris</strong></span> <span class='ocrx_word' id='word_1_381' title='bbox 830 2637 977 2665; x_wconf 88' lang='lat' dir='ltr'><strong>causae</strong></span> <span class='ocrx_word' id='word_1_382' title='bbox 1009 2626 1285 2679; x_wconf 89' lang='lat' dir='ltr'><strong>conjunctione</strong></span> <span class='ocrx_word' id='word_1_383' title='bbox 1316 2626 1517 2678; x_wconf 89' lang='lat' dir='ltr'><strong>sequitur,</strong></span> <span class='ocrx_word' id='word_1_384' title='bbox 1560 2627 1649 2680; x_wconf 89' lang='lat' dir='ltr'><strong>ejus</strong></span> <span class='ocrx_word' id='word_1_385' title='bbox 1685 2627 1846 2678; x_wconf 89' lang='lat' dir='ltr'><strong>caloris,</strong></span> 
     </span>
     <span class='ocr_line' id='line_1_45' title="bbox 49 2682 1847 2737; baseline 0.003 -14"><span class='ocrx_word' id='word_1_386' title='bbox 49 2682 116 2735; x_wconf 86' lang='lat' dir='ltr'><strong>qui</strong></span> <span class='ocrx_word' id='word_1_387' title='bbox 155 2696 182 2723; x_wconf 91' lang='lat' dir='ltr'><strong>a</strong></span> <span class='ocrx_word' id='word_1_388' title='bbox 221 2682 318 2724; x_wconf 87' lang='lat' dir='ltr'><strong>Sole</strong></span> <span class='ocrx_word' id='word_1_389' title='bbox 360 2683 413 2723; x_wconf 92' lang='lat' dir='ltr'><strong>ad</strong></span> <span class='ocrx_word' id='word_1_390' title='bbox 455 2683 655 2723; x_wconf 87' lang='lat' dir='ltr'><strong>elementa</strong></span> <span class='ocrx_word' id='word_1_391' title='bbox 685 2683 749 2723; x_wconf 90' lang='lat' dir='ltr'><strong>die</strong></span> <span class='ocrx_word' id='word_1_392' title='bbox 781 2684 934 2724; x_wconf 87' lang='lat' dir='ltr'><strong>aestivo</strong></span> <span class='ocrx_word' id='word_1_393' title='bbox 966 2684 1199 2737; x_wconf 85' lang='lat' dir='ltr'><strong>longissimo</strong></span> <span class='ocrx_word' id='word_1_394' title='bbox 1230 2684 1457 2735; x_wconf 88' lang='lat' dir='ltr'><strong>descendit,</strong></span> <span class='ocrx_word' id='word_1_395' title='bbox 1501 2684 1566 2726; x_wconf 89' lang='lat' dir='ltr'><strong>die</strong></span> <span class='ocrx_word' id='word_1_396' title='bbox 1607 2685 1847 2728; x_wconf 85' lang='lat' dir='ltr'><strong>brevissimo</strong></span> 
     </span>
     <span class='ocr_line' id='line_1_46' title="bbox 49 2742 893 2794; baseline 0 -12"><span class='ocrx_word' id='word_1_397' title='bbox 49 2745 205 2792; x_wconf 80' lang='lat' dir='ltr'><strong>partem</strong></span> <span class='ocrx_word' id='word_1_398' title='bbox 234 2747 421 2782; x_wconf 87' lang='lat' dir='ltr'><strong>octavam</strong></span> <span class='ocrx_word' id='word_1_399' title='bbox 451 2754 531 2782; x_wconf 92' lang='lat' dir='ltr'><strong>non</strong></span> <span class='ocrx_word' id='word_1_400' title='bbox 554 2742 644 2794; x_wconf 89' lang='lat' dir='ltr'><strong>plus</strong></span> <span class='ocrx_word' id='word_1_401' title='bbox 669 2754 893 2794; x_wconf 88' lang='lat' dir='ltr'><strong>superesse.</strong></span> 
     </span>
    </p>

    <p class='ocr_par' dir='ltr' id='par_1_21' title="bbox 806 2800 1089 2841">
     <span class='ocr_line' id='line_1_47' title="bbox 806 2800 1089 2841; baseline 0.004 -1"><span class='ocrx_word' id='word_1_402' title='bbox 806 2800 986 2841; x_wconf 86' lang='lat' dir='ltr'><strong>Thesis</strong></span> <span class='ocrx_word' id='word_1_403' title='bbox 1014 2800 1089 2841; x_wconf 89' lang='lat' dir='ltr'><strong>XI.</strong></span> 
     </span>
    </p>

    <p class='ocr_par' dir='ltr' id='par_1_22' title="bbox 23 2855 1847 3087">
     <span class='ocr_line' id='line_1_48' title="bbox 23 2855 1846 2915; baseline 0.003 -17"><span class='ocrx_word' id='word_1_404' title='bbox 23 2882 32 2887; x_wconf 86' lang='lat'>-</span> <span class='ocrx_word' id='word_1_405' title='bbox 61 2879 86 2891; x_wconf 62' lang='grc' dir='ltr'>ω</span> <span class='ocrx_word' id='word_1_406' title='bbox 166 2855 250 2898; x_wconf 89' lang='lat' dir='ltr'><strong>Sed</strong></span> <span class='ocrx_word' id='word_1_407' title='bbox 279 2870 406 2910; x_wconf 87' lang='lat' dir='ltr'><strong>neque</strong></span> <span class='ocrx_word' id='word_1_408' title='bbox 427 2858 536 2898; x_wconf 87' lang='lat' dir='ltr'><strong>haec</strong></span> <span class='ocrx_word' id='word_1_409' title='bbox 567 2862 715 2899; x_wconf 84' lang='lat' dir='ltr'><strong>octava</strong></span> <span class='ocrx_word' id='word_1_410' title='bbox 742 2870 839 2911; x_wconf 88' lang='lat' dir='ltr'><strong>pars</strong></span> <span class='ocrx_word' id='word_1_411' title='bbox 870 2858 1015 2899; x_wconf 90' lang='lat' dir='ltr'><strong>caloris</strong></span> <span class='ocrx_word' id='word_1_412' title='bbox 1046 2870 1147 2911; x_wconf 85' lang='lat' dir='ltr'><strong>quae</strong></span> <span class='ocrx_word' id='word_1_413' title='bbox 1177 2857 1319 2911; x_wconf 83' lang='lat' dir='ltr'><strong>hyeme</strong></span> <span class='ocrx_word' id='word_1_414' title='bbox 1349 2864 1556 2911; x_wconf 84' lang='lat' dir='ltr'><strong>superest,</strong></span> <span class='ocrx_word' id='word_1_415' title='bbox 1597 2859 1712 2902; x_wconf 86' lang='lat' dir='ltr'><strong>nobis</strong></span> <span class='ocrx_word' id='word_1_416' title='bbox 1746 2874 1846 2915; x_wconf 89' lang='lat' dir='ltr'><strong>pro-</strong></span> 
     </span>
     <span class='ocr_line' id='line_1_49' title="bbox 52 2914 1847 2970; baseline 0.005 -16"><span class='ocrx_word' id='word_1_417' title='bbox 52 2914 145 2955; x_wconf 84' lang='lat' dir='ltr'><strong>dest</strong></span> <span class='ocrx_word' id='word_1_418' title='bbox 185 2916 327 2957; x_wconf 91' lang='lat' dir='ltr'><strong>omnis.</strong></span> <span class='ocrx_word' id='word_1_419' title='bbox 388 2917 495 2958; x_wconf 86' lang='lat' dir='ltr'><strong>Nam</strong></span> <span class='ocrx_word' id='word_1_420' title='bbox 530 2915 602 2957; x_wconf 92' lang='lat' dir='ltr'><strong>Sol</strong></span> <span class='ocrx_word' id='word_1_421' title='bbox 643 2916 784 2970; x_wconf 87' lang='lat' dir='ltr'><strong>hyeme</strong></span> <span class='ocrx_word' id='word_1_422' title='bbox 819 2929 960 2969; x_wconf 89' lang='lat' dir='ltr'><strong>parum</strong></span> <span class='ocrx_word' id='word_1_423' title='bbox 1002 2930 1123 2969; x_wconf 89' lang='lat' dir='ltr'><strong>supra</strong></span> <span class='ocrx_word' id='word_1_424' title='bbox 1160 2917 1406 2958; x_wconf 87' lang='lat' dir='ltr'><strong>horizontem</strong></span> <span class='ocrx_word' id='word_1_425' title='bbox 1447 2923 1627 2959; x_wconf 88' lang='lat' dir='ltr'><strong>nostrum</strong></span> <span class='ocrx_word' id='word_1_426' title='bbox 1665 2920 1847 2963; x_wconf 84' lang='lat' dir='ltr'><strong>elevatus</strong></span> 
     </span>
     <span class='ocr_line' id='line_1_50' title="bbox 52 2975 1845 3029; baseline 0.003 -15"><span class='ocrx_word' id='word_1_427' title='bbox 52 2983 230 3014; x_wconf 81' lang='lat' dir='ltr'><strong>crassum</strong></span> <span class='ocrx_word' id='word_1_428' title='bbox 271 2980 450 3015; x_wconf 90' lang='lat' dir='ltr'><strong>nostrum</strong></span> <span class='ocrx_word' id='word_1_429' title='bbox 493 2979 626 3015; x_wconf 67' lang='lat' dir='ltr'><strong>aerem</strong></span> <span class='ocrx_word' id='word_1_430' title='bbox 663 2975 792 3027; x_wconf 86' lang='lat' dir='ltr'><strong>magis</strong></span> <span class='ocrx_word' id='word_1_431' title='bbox 830 2989 881 3015; x_wconf 86' lang='lat' dir='ltr'><strong>ex</strong></span> <span class='ocrx_word' id='word_1_432' title='bbox 912 2975 1070 3028; x_wconf 91' lang='lat' dir='ltr'><strong>obliquo</strong></span> <span class='ocrx_word' id='word_1_433' title='bbox 1102 2975 1225 3015; x_wconf 89' lang='lat' dir='ltr'><strong>habet</strong></span> <span class='ocrx_word' id='word_1_434' title='bbox 1261 2975 1496 3027; x_wconf 88' lang='lat' dir='ltr'><strong>oppositum.</strong></span> <span class='ocrx_word' id='word_1_435' title='bbox 1556 2977 1697 3019; x_wconf 90' lang='lat' dir='ltr'><strong>Posito</strong></span> <span class='ocrx_word' id='word_1_436' title='bbox 1728 2979 1845 3029; x_wconf 86' lang='lat' dir='ltr'><strong>enim,</strong></span> 
     </span>
     <span class='ocr_line' id='line_1_51' title="bbox 40 3031 1847 3087; baseline 0.002 -12.024"><span class='ocrx_word' id='word_1_437' title='bbox 40 3031 156 3082; x_wconf 72' lang='lat' dir='ltr'><strong>&#39;quod</strong></span> <span class='ocrx_word' id='word_1_438' title='bbox 183 3033 413 3084; x_wconf 87' lang='lat' dir='ltr'><strong>superficies</strong></span> <span class='ocrx_word' id='word_1_439' title='bbox 441 3033 578 3086; x_wconf 81' lang='lat' dir='ltr'><strong>vapidi</strong></span> <span class='ocrx_word' id='word_1_440' title='bbox 610 3034 729 3082; x_wconf 87' lang='lat' dir='ltr'><strong>aeris,</strong></span> <span class='ocrx_word' id='word_1_441' title='bbox 762 3034 828 3087; x_wconf 90' lang='lat' dir='ltr'><strong>qui</strong></span> <span class='ocrx_word' id='word_1_442' title='bbox 854 3034 1039 3087; x_wconf 87' lang='lat' dir='ltr'><strong>refringit</strong></span> <span class='ocrx_word' id='word_1_443' title='bbox 1063 3033 1247 3075; x_wconf 87' lang='lat' dir='ltr'><strong>Solarem</strong></span> <span class='ocrx_word' id='word_1_444' title='bbox 1276 3034 1444 3084; x_wconf 85' lang='lat' dir='ltr'><strong>radium,</strong></span> <span class='ocrx_word' id='word_1_445' title='bbox 1476 3034 1587 3076; x_wconf 89' lang='lat' dir='ltr'><strong>absit</strong></span> <span class='ocrx_word' id='word_1_446' title='bbox 1614 3049 1643 3078; x_wconf 87' lang='lat' dir='ltr'><strong>a</strong></span> <span class='ocrx_word' id='word_1_447' title='bbox 1663 3037 1780 3079; x_wconf 81' lang='lat' dir='ltr'><strong>nobis</strong></span> <span class='ocrx_word' id='word_1_448' title='bbox 1805 3039 1847 3079; x_wconf 91' lang='lat' dir='ltr'><strong>in</strong></span> 
     </span>
    </p>
   </div>
  </div>
 </body>
</html>
