2028 3242
183 71 267 114 352
756 69 891 100 Literae
914 69 1050 110 Kepleri
1079 71 1282 112 aliorumque
1306 74 1440 103 mutuae

184 177 300 225 alifis,
335 176 428 228 quia
459 175 554 216 nihil
591 175 722 223 video,
754 175 834 215 nisi
865 175 1050 227 utrinque
1082 176 1435 228 configurationem
1452 175 1571 217 Solis
1603 182 1646 218 et
1677 176 1856 218 Saturni.
1917 176 1998 219 Ce-

188 244 276 275 tera
309 235 540 287 diligentius
573 248 648 275 non
683 234 922 274 examinavi.
986 235 1076 275 Non
1110 235 1248 275 dubito
1281 241 1428 285 tamen,
1463 235 1555 288 quin
1587 249 1674 277 cum
1708 242 1838 277 matre
1870 237 2001 289 maj0r

183 297 238 335 sit.
269 294 469 346 cognatio.
1456 304 1477 315 ’Χ

278 364 504 396 Fabricius
531 362 579 404 (d.
608 361 664 395 20.
690 360 806 403 Feb.):
831 362 996 394 Prioribus
1013 363 1177 405 quaedam
1196 363 1292 402 addo,
1319 364 1401 397 data
1425 364 1598 398 commoda
1623 365 1806 398 occasione.

284 411 318 450 1)
346 411 588 452 Acronychiam
614 410 634 449 Β
660 411 923 443 observationem
949 412 1044 442 annis
1071 408 1257 442 1580—83
1283 412 1362 444 mihi
1389 420 1512 454 quaeso
1538 413 1771 445 communices.

280 457 317 498 2)
345 459 541 498 Quaeritur,
572 458 652 490 num
677 459 711 490 in
737 458 912 500 geuesibus
938 459 1040 490 etiam
1065 459 1107 490 ad
1131 459 1343 491 latitudinem
1367 459 1578 500 planetarum
1601 459 1842 501 respiciendum
1865 459 1948 492 sit?,
2002 456 2005 461 ”

283 505 320 546 3)
348 507 546 549 Astrologici
581 505 719 538 effectus
751 505 919 547 eclipsium
959 505 1047 537 dubii
1084 511 1171 538 sunt.
1222 506 1428 539 Ptolemaica
1465 508 1550 539 ratio
1575 507 1816 540 ‹loten-minandi
1852 511 2003 549 tempora

184 555 353 597 eclipsium
378 555 510 586 veritati
535 564 602 585 non
629 553 788 596 congruit.
839 553 909 595 Ego
946 557 1034 594 puto¹
1065 552 1197 586 solares
1224 554 1361 595 eclipses
1388 555 1574 592 siccitates,
1610 553 1762 588 Lunares
1786 554 2003 587 humiditates

187 602 387 646 generaliter
410 601 578 634 inducere.
629 601 806 633 Plurimum
835 610 896 642 ego
922 601 1076 641 temporis
1101 601 1151 633 his
1177 601 1273 633 rebus
1299 611 1467 643 consumo,
1492 601 1551 634 sed
1575 611 1690 643 pamm
1714 601 1860 644 proficio.

287 648 324 690 4)
352 649 454 681 Venti
479 649 618 681 multum
642 652 781 690 possunt
805 648 838 679 in
866 650 942 679 aere
969 647 1182 689 disponendo.
1234 647 1378 688 Quaero,
1405 659 1449 682 an
1474 654 1644 682 ventorum
1671 653 1815 682 motores
1841 650 1922 682 certi
1939 650 2005 682 sint

195 702 229 730 et
253 697 400 739 praedici
425 696 575 738 possint?
627 695 663 728 Si
689 705 708 727 a
733 695 876 736 planetis
901 695 988 727 venti
1016 696 1216 732 excitentur,
1242 706 1299 728 cur
1329 697 1363 728 in
1388 696 1506 732 eadem
1531 697 1782 730 constellatione
1812 697 1947 730 diversis
1969 698 2003 729 in

191 746 271 778 locis
299 745 417 776 diversi
442 744 536 783 flant,
564 753 630 775 non
655 751 740 774 unus
767 746 801 774 et
825 741 935 774 idem?
986 742 1137 782 Quaeso,
1163 747 1202 775 ut
1226 744 1334 775 causis
1359 745 1566 786 tempestatis
1592 744 1714 787 aliquid
1739 753 1859 787 operae
1882 754 2004 787 ponere

186 793 284 829 velis;
310 802 388 823 nam
413 795 487 823 tota
509 790 748 832 meteorologia
774 790 972 831 astrologica
998 791 1040 821 ab
1065 790 1103 822 iis
1129 790 1303 832 dependet.

289 837 327 879 5)
356 839 500 870 Causam
539 838 622 870 lenis
647 837 764 869 hiemis
791 834 915 877 (1605)
941 842 1020 878 puto
1049 833 1087 881 C(
1105 837 1134 877 ᾋ
1161 841 1195 870 et
1218 837 1250 879 15.
1301 837 1402 870 Exem
1426 837 1460 870 la
1489 838 1591 870 haec:
1628 837 1812 881 Annor45.
1847 841 2005 881 sequente

189 887 433 928 conjunctione,
457 887 519 917 fuit
545 885 654 917 calida
680 889 810 922 aestas3
838 894 925 916 anno
953 883 1008 916 64.
1035 890 1192 926 sequente
1213 879 1253 928 Ol
1271 885 1301 925 ΊΙ,
1327 890 1362 917 et
1429 909 1439 925 ,
1466 886 1528 918 fuit
1551 886 1652 929 frigus
1671 887 1889 924 immensum;
1917 894 2004 918 anno

193 933 249 966 84.
277 934 387 966 calida
411 937 522 965 aestas
549 936 583 965 et
606 932 748 964 maxime
773 932 942 964 lenissima
965 932 1069 964 hiems
1095 933 1128 964 in
1154 943 1278 965 annum
1303 931 1359 964 85.
1388 931 1451 965 &c-

294 979 330 1021 6)
359 980 503 1019 Quaero,
544 989 586 1012 an
612 979 710 1011 Luna
732 981 828 1020 juxta
853 979 1034 1021 simplicem
1059 980 1296 1022 longitudinem
1337 980 1387 1012 vel
1423 990 1498 1013 cum
1523 980 1685 1023 parallaxi
1709 981 1752 1013 sit
1776 980 1949 1025 dirigenda
1971 981 2006 1012 in

190 1028 326 1072 genesi?
378 1028 489 1069 Tycho
515 1028 583 1059 vult
609 1037 683 1059 cum
707 1027 879 1068 parallaxi,
905 1028 984 1068 quia
1008 1027 1066 1059 illa
1089 1029 1222 1070 respicit
1246 1028 1279 1059 in
1305 1027 1452 1064 Terram,
1477 1029 1511 1060 in
1535 1037 1602 1070 qua
1624 1029 1772 1060 vivimus.

285 1074 322 1116 7)
350 1076 502 1107 Andreas
527 1075 748 1113 widmarius‚
784 1078 891 1106 rector
914 1075 1119 1113 Bremensis,
1156 1076 1398 1107 restitutionem
1433 1076 1678 1108 exactissimam
1710 1080 1817 1108 motus
1854 1073 1937 1108 Solis
1973 1079 2006 1108 et

195 1129 334 1157 octavae
362 1123 523 1165 sphaerae
549 1122 681 1154 molitur
705 1122 845 1154 mirabili
872 1123 1076 1164 compendio,
1103 1122 1228 1155 duobus
1246 1122 1474 1161 voluminibus,
1499 1133 1584 1165 quae
1602 1123 1802 1156 constabunt
1820 1121 1912 1154 1000
1928 1123 2004 1155 tha-

195 1173 269 1204 leris
296 1176 329 1203 et
354 1171 451 1202 ultra.
502 1169 744 1211 (Keplerus
769 1171 802 1201 in
829 1171 996 1212 margine:
1025 1169 1148 1208 „Miror
1168 1174 1294 1202 sumtus
1317 1170 1590 1213 magnitudinem.
1643 1171 1680 1204 Si
1703 1169 1807 1203 habet
1830 1170 1890 1202 illa
1913 1171 2006 1202 natio

193 1220 278 1252 tales
304 1218 533 1253 Maecenates,
559 1218 613 1259 qui
639 1218 672 1248 in
697 1217 766 1248 tale
793 1227 872 1259 opus
901 1216 992 1248 1000
1017 1217 1161 1250 thaleros
1187 1218 1396 1259 expendunt,
1423 1219 1526 1259 cupio‘
1543 1222 1578 1251 et
1600 1218 1670 1260 ipse
1695 1218 1815 1250 talibus
1841 1227 2005 1251 commen—

190 1266 294 1299 dari.“
347 1266 384 1297 In
410 1266 511 1297 literis
538 1269 650 1298 autem
676 1264 708 1296 d.
736 1263 790 1296 12.
819 1265 938 1310 Aprilis
963 1265 1050 1297 haec
1077 1265 1170 1298 addit
1195 1265 1381 1297 Fabricius:
1420 1265 1618 1298 Widmarius
1642 1266 1816 1308 promittit,
1845 1274 1886 1298 ex
1910 1266 2010 1298 unica

192 1314 452 1347 eccentricitatis
481 1313 603 1346 Solaris
636 1312 803 1344 anomalia
827 1317 953 1344 motum
977 1312 1072 1345 VIII.
1099 1312 1274 1354 sphaerae,
1301 1312 1529 1354 obliquitatem
1553 1313 1699 1348 zodiaci.
1736 1313 1845 1345 locum
1870 1313 2010 1355 apogaei

195 1362 280 1394 Solis
307 1366 340 1393 et
366 1362 436 1402 ejus
461 1364 586 1392 motum
609 1360 791 1392 incredibili
817 1360 991 1394 harmonia
1016 1366 1212 1393 monstrare.
1264 1359 1367 1402 Cupio
1392 1360 1488 1398 scire,
1521 1370 1566 1394 an
1589 1359 1653 1394 hoc
1676 1360 1747 1393 fieri
1768 1359 1894 1403 possit?
1935 1359 2009 1392 De·

192 1409 422 1446 stituitur,
449 1414 487 1440 ut
512 1408 621 1445 audio,
648 1405 884 1453 sumtibus.)

290 1455 327 1496 8)
355 1456 394 1487 In
420 1456 581 1488 Chronico
606 1454 826 1487 Mansfeldico
851 1455 992 1497 plurima
1019 1455 1170 1497 exempla
1203 1454 1533 1498 meteorologicorum
1563 1454 1829 1489 observationum
1852 1453 2011 1492 invenies,

195 1505 238 1537 ad
265 1504 478 1546 astrologiam
503 1503 609 1535 utilia.

291 1549 328 1591 9)
356 1550 450 1590 Quae
476 1552 560 1583 ratio
587 1551 672 1582 aeris
696 1559 810 1582 mense
835 1549 923 1582 Julio
950 1550 1029 1582 anni
1057 1548 1146 1581 1602
1173 1554 1206 1583 et
1234 1547 1325 1581 1600
1349 1558 1371 1582 a
1396 1546 1452 1581 24.
1479 1550 1565 1593 Aug.
1601 1549 1644 1582 ad
1686 1549 1787 1582 finem
1813 1547 2012 1591 Septembris

198 1599 285 1641 apud
311 1609 367 1630 vos
393 1599 501 1638 fuerit,
530 1599 612 1630 scire
639 1598 745 1640 cupio.

290 1645 350 1686 10)
377 1646 430 1678 De
456 1645 688 1678 directionibus
707 1650 741 1677 et
765 1645 1020 1687 profectionibus
1038 1644 1246 1687 planetarum
1264 1644 1380 1677 eadem
1397 1644 1466 1678 fere
1484 1643 1584 1678 affert
1600 1642 1782 1682 Fabricius,
1807 1651 1893 1686 quae
1909 1647 2013 1676 antea

194 1695 381 1735 scripserat,
409 1703 510 1735 quare
537 1703 579 1725 ea
601 1693 655 1725 hic
681 1694 872 1724 omittimus.

292 1742 342 1774 Ad
367 1741 452 1774 haec
476 1741 705 1782 Keplerus‚
730 1749 871 1782 pergens
895 1740 929 1772 in
954 1740 1069 1777 literis,
1095 1740 1143 1772 sic
1168 1739 1354 1781 respondit:

313 1801 444 1841 Venio
478 1801 528 1840 ad
561 1800 775 1852 epistolam
812 1797 878 1839 10.
913 1796 1026 1847 (20.)
1061 1799 1178 1838 Febr.

317 1872 403 1918 (Ad
442 1869 502 1918 1.)
567 1870 679 1910 Petis
725 1884 748 1909 a
779 1882 841 1909 me
885 1869 1144 1923 acronychias
1185 1868 1489 1915 observationes
1521 1868 1700 1910 Saturni.
1763 1868 1852 1909 Hac
1889 1868 2013 1922 igitur

198 1931 396 1983 petitione
442 1930 607 1970 erexisti
650 1929 686 1969 in
721 1928 887 1969 Saturni
920 1942 1068 1969 curam.
1132 1930 1268 1981 Atque
1302 1928 1531 1980 accepisses
1570 1941 1595 1967 a
1626 1940 1688 1967 me
1721 1940 1792 1980 pro
1825 1940 1904 1968 una
1935 1927 2010 1968 ob-

199 1990 428 2030 servatione
456 1994 589 2029 totam
622 1988 1127 2037 Saturni‘restitutionem,
1163 1987 1239 2027 nisi
1271 2000 1334 2027 me
1366 1986 1533 2039 irruptio
1566 1986 1773 2027 rebellium
1806 1986 1858 2027 ad
1878 1996 2012 2027 curam

198 2049 255 2088 rei
289 2049 550 2096 domesticae,
578 2048 787 2101 privignae
820 2060 932 2087 meae
952 2046 1215 2099 potissimum,
1250 2051 1498 2094 revocasset,
1533 2046 1731 2086 calamum
1750 2045 2011 2094 excussisset,

203 2109 240 2148 in
276 2107 454 2162 Styriam
486 2108 542 2147 ire
576 2107 790 2158 coegisset.
813 2103 846 2154 ⁶)
902 2107 965 2146 Ex
999 2119 1044 2145 eo
1077 2111 1256 2158 tempore
1290 2105 1414 2145 feriae
1447 2100 1752 2146 astronomicae.
1812 2104 1906 2145 Jam
1936 2116 2013 2145 non

203 2168 325 2207 otium
359 2172 424 2206 est
457 2166 701 2211 describere,
736 2179 837 2218 quae
870 2166 908 2206 in
943 2165 1117 2205 Saturno
1150 2165 1231 2204 tuis
1265 2164 1606 2205 admonitionibus
1635 2163 1892 2216 perfecerim,
1939 2176 2012 2204 ne-

174 2227 295 2266 *dum
327 2225 658 2278 recognoscendi,
694 2225 852 2265 minime
890 2224 1133 2277 perficiendi.
1197 2224 1350 2277 Accipe
1383 2224 1505 2275 igitur
1537 2223 1664 2264 nudas
1708 2222 2014 2264 observationes

206 2299 303 2338 quas
335 2285 489 2338 petisti.

321 2346 438 2385 Anno
466 2342 647 2385 80—81
695 2348 812 2395 puto⁴
835 2342 930 2383 nihil
964 2342 1221 2382 observatum
1260 2342 1297 2382 in
1333 2340 1522 2382 Saturno.
1586 2339 1708 2381 Certe
1738 2351 1815 2394 ego
1854 2338 2010 2392 copiam

204 2404 308 2444 illius
343 2403 432 2444 libri
465 2417 541 2444 non
574 2403 718 2443 habeo.

292 2475 386 2523 An„
406 2473 475 2515 82.
511 2473 580 2514 21.
614 2475 721 2525 Aug.
781 2473 818 2512 h.
858 2470 922 2513 10.
1084 2469 1111 2524 5
1145 2471 1182 2511 in
1246 2467 1298 2511 7⁰
1329 2468 1399 2511 24‘
1489 2474 1540 2519 κ,
1575 2470 1644 2510 lat.
1679 2467 1732 2509 2⁰
1762 2467 1804 2509 2¹
1864 2469 1923 2509 M.

326 2566 344 2583 ‚a
432 2564 452 2582 n
515 2531 586 2574 23·
653 2563 673 2581 ’π
784 2562 804 2581 n
858 2530 924 2571 10·
1091 2562 1111 2580 »ν
1157 2561 1176 2579 aa
1243 2526 1295 2570 7⁰
1333 2524 1457 2581 ¹3³l2¹
1505 2559 1525 2578 n
1593 2559 1614 2577 n
1680 2524 1782 2580 2³l⁸¹
1881 2558 1902 2577 n

325 2625 344 2642 „
411 2591 482 2634 83.
516 2591 586 2632 27.
654 2623 673 2640 „
785 2621 804 2639 „
862 2590 922 2630 11.
1091 2621 1111 2639 „
1157 2620 1176 2638 „
1213 2586 1296 2630 20⁰
1326 2583 1457 2641 2475‘
1503 2617 1523 2636 „
1590 2618 1611 2636 „
1677 2584 1730 2627 2⁰
1754 2583 1902 2641 247„

330 2683 349 2701 ‚‚
437 2683 456 2700 „
547 2648 588 2691 4.
624 2650 736 2702 Sept.
785 2680 806 2699 „
884 2647 924 2690 9.
1092 2679 1111 2698 ,,
1157 2679 1177 2696 „
1219 2644 1296 2688 19⁰
1325 2643 1398 2686 46¹
1504 2676 1524 2694 „
1593 2677 1613 2694 „
1680 2642 1823 2686 2⁰23‘
1881 2676 1902 2695 „

326 2742 345 2761 „
548 2708 573 2750 5
653 2741 672 2758 „
783 2739 803 2757 „
857 2706 921 2749 ll.
1091 2739 1111 2757 „
1156 2738 1176 2756 „
1218 2703 1295 2748 19⁰
1325 2700 1458 2758 42³f.¹
1495 2735 1514 2753 „
1584 2735 1604 2754 „
1676 2702 1728 2745 2⁰
1750 2702 1821 2745 24⁴
1884 2734 1905 2753 „

327 2801 346 2819 ‚‚
413 2741 483 2810 8'21.
547 2741 587 2810 81
653 2800 672 2817 „
783 2798 803 2816 „
857 2765 1039 2820 12.seq.
1089 2797 1108 2816 „
1153 2797 1173 2815 „
1241 2762 1293 2806 3⁰
1353 2762 1395 2805 9¹
1485 2763 1533 2813 γ
1585 2794 1606 2813 ,,
1677 2759 1901 2816 203611..
1964 2809 1969 2813 ,

329 2841 417 2888 (Ad
451 2839 516 2888 2.)
579 2840 641 2879 De
675 2837 968 2879 consideranda
1000 2835 1269 2876 latitudine
1308 2834 1355 2873 in
1393 2832 1765 2873 directionibus
1807 2845 1933 2885 nuper
1977 2833 2014 2872 in

210 2899 348 2952 Styria
381 2899 475 2938 mihi
510 2910 664 2950 quoque
697 2910 761 2938 res
796 2897 871 2936 fuit
896 2909 984 2936 cum
1017 2895 1187 2947 quodam
1207 2893 1311 2933 Italo
1344 2891 1590 2943 astrologiae
1618 2897 1792 2931 amante.
1845 2890 2015 2931 Omnino

210 2965 305 3009 puto
339 2958 488 3009 negligi
521 2970 597 2996 non
630 2969 771 3009 posse:
806 2955 890 2995 fieri
921 2967 1090 3006 namque
1122 2966 1193 3005 per
1225 2951 1489 2999 latitudinem,
1524 2957 1568 2990 ut
1588 2950 1812 3001 conjunctio
1844 2951 1908 2990 vel
1940 2962 2013 3002 op-

213 3017 357 3067 positio
402 3029 478 3055 non
523 3016 578 3055 sit
622 3015 849 3067 conjunctio
894 3014 957 3053 vel
997 3013 1209 3065 oppositio.
1273 3010 1355 3050 Sed
1387 3010 1548 3049 diversa
1585 3009 1854 3049 consideratio
1886 3009 2015 3060 hujus,

211 3086 282 3127 pro
315 3074 485 3114 diversis
518 3074 714 3127 dirigendi
746 3073 889 3113 modis.
952 3073 1130 3112 Primum
1150 3071 1225 3111 hoc
1257 3069 1361 3122 apud
1384 3081 1522 3108 omnes
1554 3068 1693 3108 modos
1726 3068 1854 3108 locum
1881 3068 2015 3117 habet,
