2028 3242
110 67 198 110 232
910 63 1128 96 Prooemium.

66 188 94 204 ‚r-
110 172 277 213 pertinent
303 170 346 201 ad
372 168 577 201 conditiones
602 167 643 200 de
668 168 747 200 sede
773 171 807 200 et
831 167 958 199 familia
983 177 1001 199 e
1027 166 1138 208 Styria
1161 167 1304 209 Pragam
1329 167 1568 200 transferenda.
1618 169 1678 201 His
1703 168 1798 201 addit
1812 168 1925 210 Tycho

109 220 145 250 in
171 215 432 259 „postscripto“:
459 216 556 247 Facis
581 216 616 247 in
638 215 762 247 ultimis
785 215 888 247 literis
912 215 978 246 tuis
1003 215 1205 246 mentionem
1222 214 1314 248 Scoti
1335 215 1428 247 istius
1447 214 1765 257 Capnuranici,
1783 213 1814 255 ⁴)
1840 217 1927 258 quod

109 267 144 297 in
179 266 284 306 ipsum
317 263 564 305 antapologiam
598 263 742 304 perlecto
772 263 966 303 praesertim
996 262 1076 293 libro
1102 266 1212 293 nostro
1245 262 1389 294 secundo
1415 262 1455 294 de
1482 261 1621 297 Cometa
1642 263 1825 296 mediteris:
1862 274 1925 305 quo

110 313 180 353 ipso
205 321 274 343 rem
298 314 430 353 gratam
455 315 489 342 et
513 313 592 342 tuae
617 310 823 352 promissioni
846 318 1006 351 meaeque
1032 310 1271 350 exspectationi
1296 309 1475 352 analogam
1497 311 1712 351 praestiteris.
1762 311 1924 343 Addixisti

112 360 223 394 etiam,
257 362 291 390 te
317 366 401 399 quae
426 358 461 389 in
494 357 652 389 famoso
683 358 775 389 isto
812 357 980 397 scripto
1012 356 1166 388 Ursino
1190 356 1430 389 mathematica
1453 357 1663 390 inveniuntur
1695 358 1925 394 refutaturum,

109 410 271 448 quatenus
295 405 357 437 rite
381 415 449 436 non
474 409 645 443 constant,
683 404 770 446 quod
795 405 896 436 etiam
920 408 954 435 te
981 403 1173 436 effecturum
1199 404 1337 436 confido.
1385 404 1537 445 Inprimis
1569 409 1681 437 autem
1696 414 1854 442 averem,
1889 409 1927 437 ut

110 462 161 491 ea,
189 461 275 494 quae
298 452 478 484 inventioni
509 456 643 484 nostrae
669 453 759 483 circa
781 450 978 492 hypothesin
1003 461 1120 483 novam
1153 451 1265 483 fucate
1293 455 1326 483 et
1351 451 1578 484 fraudulenter
1602 452 1731 493 objicit,
1767 461 1842 484 eam
1875 453 1924 484 ui-

46 499 48 501 ’
109 501 225 532 mirum
257 509 298 531 ex
323 498 502 541 Copernico
532 499 584 531 vel
609 499 781 540 Apollonio
812 498 961 540 Pergaeo
995 498 1196 535 desumtam,
1236 498 1343 530 adhuc
1375 499 1547 531 dilucidius
1582 502 1616 531 et
1646 499 1792 540 plenius,
1828 508 1927 541 quam

110 551 213 580 antea
229 545 259 586 ⁶)
286 556 308 579 a
331 550 365 578 te
389 546 504 583 refelli,
531 550 630 588 atque
655 550 693 578 ut
717 555 793 578 eam
816 546 915 584 mihi,
942 546 990 577 uti
1014 555 1074 587 par
1099 550 1160 582 est,
1189 555 1356 583 asserere,
1381 550 1478 587 prout
1502 546 1722 587 probabilibus
1746 546 1926 579 rationibus

106 596 176 635 jam
202 598 304 626 antea
328 593 453 630 fecisti,
479 603 546 625 non
570 594 742 625 molestum
766 593 914 625 duceres.

200 641 333 673 Institui
359 644 475 673 contra
498 640 590 672 illum
614 641 778 673 actionem
799 640 995 683 iuridicam,
1029 643 1204 694 postquam
1228 640 1294 672 huc
1324 639 1468 682 Pragam
1493 640 1587 676 veni,
1619 640 1826 684 intelligens,
1850 641 1930 674 mihi

110 687 312 730 aliquamdiu
335 688 389 720 hic
415 688 680 720 commorandum
707 692 741 719 et
764 683 958 728 pei-iculum
969 696 1040 719 esse
1065 687 1100 718 in
1124 697 1227 724 mora,
1262 688 1422 729 siquidem
1447 688 1591 729 graviter
1616 687 1841 721 decumberet.-
1886 689 1931 720 Et

109 735 280 776 impetravi
305 744 327 766 a
352 734 519 766 Caesarea
544 734 723 775 Majestate
754 733 843 774 (utut
867 734 1073 775 quibusdam,
1099 743 1198 776 quam
1221 734 1276 766 diu
1300 738 1465 776 poterant,
1493 744 1654 767 remoram
1676 733 1928 776 injicientibus),

110 786 148 814 ut
173 782 387 814 commissarii
412 786 552 823 quatuor
577 782 815 822 deputarentur
841 779 922 820 (duo
947 781 1087 813 barones
1115 785 1149 813 et
1173 781 1237 813 duo
1257 781 1407 814 doctores
1429 779 1546 822 juris),
1573 783 1628 824 qui
1647 783 1849 815 sententiam
1863 783 1929 815 hac

111 830 151 862 de
177 839 212 861 re
238 829 518 871 pronunciarent;
545 829 703 870 siquidem
728 829 755 860 is
780 838 839 869 per
864 828 1052 860 emissarios
1068 838 1159 860 meos
1177 829 1346 870 quaesitus
1374 837 1416 860 ea
1440 837 1526 870 quae
1547 829 1725 870 scripserat
1748 833 1930 862 retractare

110 876 227 915 noluit,
255 876 314 908 sed
338 877 446 917 potius
473 876 516 908 ad
538 877 591 916 jus
616 876 814 917 provocavit.
864 875 989 907 Verum
1023 875 1165 913 accidit,
1198 880 1236 908 ut
1261 876 1378 908 eadem
1411 876 1512 912 hora,
1549 885 1616 918 qua
1639 877 1754 909 citatio
1778 877 1824 909 illi
1849 877 1930 909 insi-

110 923 248 955 nuanda
272 923 346 963 fuit,
372 923 654 965 exstingueretur;
684 927 721 955 at
745 923 953 954 nihilominus
975 924 1029 964 jus
1053 932 1163 954 meum
1187 923 1379 956 inchoatum
1402 927 1632 964 prosecuturus
1656 933 1740 961 sum,
1770 924 1930 966 siquidem

108 971 148 1002 lis
181 972 252 1011 jam
277 971 371 1011 quasi
396 973 587 1002 contestata
613 974 704 1009 erat,
741 973 775 1002 et
808 970 894 1001 actio
931 979 996 1001 non
1022 970 1120 1011 plane
1153 970 1355 1011 personalis,
1394 970 1454 1003 sed
1479 971 1581 1002 etiam
1611 970 1710 1003 realis
1745 972 1787 1004 ob
1810 971 1927 1004 librum

109 1018 283 1052 famosum,
309 1018 364 1059 qui
389 1021 546 1058 perpetuo
572 1017 644 1049 loco
671 1019 721 1049 sui
747 1018 889 1049 auctoris
915 1016 1068 1058 loquitur,
1094 1022 1132 1049 ut
1157 1021 1191 1049 et
1214 1027 1267 1050 me
1294 1022 1328 1049 et
1352 1027 1444 1050 meos
1470 1027 1492 1050 a
1517 1017 1689 1050 calumniis
1714 1019 1830 1061 quibus
1854 1028 1928 1051 sca-

109 1068 159 1096 tet
193 1065 339 1107 legitime
369 1064 550 1102 vindicem,
590 1068 624 1096 et
645 1067 716 1106 jam
755 1074 776 1096 a
801 1064 947 1096 Caesare
972 1064 1022 1096 111.
1051 1064 1093 1096 D.
1121 1065 1376 1107 Archiepiscopo
1414 1063 1620 1097 commissum
1647 1069 1716 1103 est,
1755 1069 1794 1098 ut
1819 1066 1930 1099 omnia

110 1112 326 1153 exemplaria,
354 1121 439 1154 quae
463 1112 516 1144 hic
542 1113 765 1153 reperiuntur,
792 1112 964 1154 conquirat
998 1116 1031 1144 et
1055 1113 1123 1154 igni
1147 1113 1234 1145 tradi
1265 1113 1370 1144 faciat
1402 1116 1501 1155 atque
1533 1114 1776 1157 typographum
1799 1113 1929 1169 puniat.

113 1159 294 1192 Decretum
319 1160 419 1192 etiam
446 1159 488 1190 D.
518 1159 734 1192 Corraducius
761 1169 782 1191 a
808 1159 953 1191 Caesare
977 1156 1251 1202 promulg‘andum
1275 1160 1461 1201 pollicitus,
1487 1164 1526 1192 ut
1548 1170 1607 1202 per
1630 1165 1736 1193 totum
1759 1162 1931 1203 imperium

113 1206 194 1238 liber
218 1207 280 1239 iste
307 1207 495 1239 annulletur
521 1211 555 1238 et
578 1211 739 1248 tanquam
764 1207 909 1238 famosus
936 1210 970 1238 et
994 1207 1137 1239 scurrilis
1155 1208 1264 1239 irritus
1281 1208 1447 1240 reddatur.
1498 1207 1570 1250 Ego
1586 1218 1662 1240 vero
1684 1212 1802 1250 postea
1825 1212 1930 1241 totum

113 1253 199 1286 hunc
225 1263 412 1295 processum
438 1255 506 1286 una
531 1264 605 1286 cum
632 1255 926 1286 commissariorum
954 1255 1122 1286 sententia
1148 1258 1182 1286 et
1209 1254 1304 1287 Caes.
1331 1254 1522 1296 Majestatis
1548 1255 1680 1287 decreto
1708 1256 1743 1288 in
1766 1256 1931 1298 publicum

114 1300 210 1333 edere
237 1301 392 1333 constitui
416 1301 526 1333 libello
553 1302 696 1343 quodam
720 1300 899 1342 peculiari,
935 1302 991 1343 qui
1017 1301 1059 1333 ad
1085 1302 1284 1334 mediocrem
1310 1306 1479 1335 excrescet
1510 1302 1784 1344 magnitudinem.
1835 1303 1933 1343 Quod

113 1353 147 1380 et
181 1358 221 1380 ex
253 1358 416 1380 consensu
450 1348 706 1380 clementissimo
735 1348 888 1380 Caesaris
921 1352 955 1380 et
986 1349 1224 1389 approbatione
1248 1349 1292 1381 D.
1321 1349 1510 1382 Corraducii
1547 1349 1627 1381 mihi
1657 1352 1727 1391 jam
1757 1354 1934 1392 perspecta

111 1395 182 1427 Deo
208 1395 336 1428 volente
362 1396 510 1428 facturus
535 1406 607 1427 sum
643 1400 742 1438 atque
767 1397 802 1427 in
828 1395 935 1428 altera
960 1397 1031 1436 ejus
1056 1400 1151 1437 parte
1177 1397 1220 1429 ad
1245 1406 1309 1434 ea,
1350 1407 1435 1438 quae
1464 1397 1705 1430 mathematica
1728 1401 1806 1430 sunt
1830 1401 1931 1440 atque

111 1442 309 1484 hypotheses
335 1446 557 1480 concernunt,
584 1452 814 1484 responsuruS,
851 1452 952 1484 quare
978 1447 1052 1475 tuas
1079 1453 1205 1485 quoque
1231 1445 1272 1476 de
1297 1444 1346 1476 his
1373 1446 1605 1486 conceptiones
1628 1448 1759 1477 mature
1785 1445 1931 1478 obtinere

113 1499 260 1527 averem,
289 1494 365 1543 aut,
402 1491 429 1521 si
454 1499 553 1532 quam
580 1491 735 1549 citissime
762 1488 831 1553 (uti
847 1487 962 1550 spero)
989 1492 1185 1551 accesseris
1186 1492 1339 1551 poterit
1361 1491 1395 1523 id
1404 1491 1542 1553 differri
1565 1492 1599 1523 in
1624 1495 1716 1548 tuum
1742 1492 1930 1525 adventum.

1241 1546 1394 1554 ......,.-.-
1446 1544 1556 1553 mm

204 1571 300 1604 Haec
325 1571 438 1612 Tycho
462 1551 608 1614 Keplero
645 1574 833 1614 perscripsit
865 1573 958 1615 quasi
991 1573 1055 1605 fido
1094 1573 1199 1604 amico
1238 1576 1272 1605 et
1297 1547 1493 1614 exspectans
1523 1583 1599 1606 eum
1633 1574 1668 1606 in
1705 1575 1931 1607 astronomicis

109 1619 303 1660 adjutorem.
352 1619 478 1652 Eodem
503 1624 615 1652 autem
641 1621 693 1652 die
719 1620 932 1652 Mouachium
959 1620 1002 1652 ad
1026 1620 1280 1653 Herwartum
1304 1620 1365 1652 has
1391 1620 1481 1653 dedit
1504 1620 1628 1653 literas.

279 1701 287 1709 .
313 1679 390 1710 Fuit
414 1679 501 1720 apud
526 1689 579 1711 me
606 1679 792 1711 Benaticae
817 1688 892 1711 vere
917 1679 1096 1720 praeterito
1121 1679 1167 1710 M.
1197 1678 1228 1711 J.
1255 1679 1440 1720 Keplerus,
1477 1679 1616 1721 insignis
1647 1679 1736 1722 apud
1762 1679 1931 1722 Styriaoos

108 1725 385 1762 mathematicus,
424 1735 497 1757 cum
523 1736 585 1767 quo
620 1727 678 1757 tibi
712 1726 813 1757 etiarn
846 1736 904 1767 per
933 1726 1046 1758 literas
1078 1726 1338 1758 familiaritatem
1370 1726 1575 1759 intercedere
1613 1727 1656 1758 ab
1681 1728 1750 1768 ipso
1783 1728 1931 1770 cognovi.

108 1772 236 1805 Retulit
260 1782 335 1804 vero
362 1773 448 1804 inter
473 1773 550 1809 alia,
577 1783 612 1804 se
639 1773 814 1814 aliquando
840 1773 1001 1804 nonnulla
1024 1774 1083 1805 tibi
1108 1774 1275 1814 scripsisse
1301 1773 1341 1805 de
1366 1773 1600 1814 hypothesibus
1632 1775 1714 1806 meis
1737 1775 1773 1806 in
1800 1777 1929 1806 contro-

108 1820 245 1852 versiam
271 1820 416 1856 vocatis,
453 1824 552 1861 atque
578 1820 664 1861 quod
689 1829 751 1852 eae
777 1830 839 1852 nec
864 1821 897 1851 in
926 1819 1105 1861 Copernico
1131 1830 1194 1852 nec
1221 1821 1396 1861 Apollonio
1422 1820 1591 1863 Pergaeo,
1626 1825 1664 1852 ut
1687 1821 1820 1863 quidam
1846 1820 1932 1862 (iam

110 1870 188 1898 ante
216 1864 259 1896 14
285 1867 354 1898 dies
379 1865 541 1905 mortuus)
567 1867 767 1908 praetendit,
794 1867 1028 1906 invenirentur,
1054 1867 1248 1904 ostendisse,
1291 1871 1389 1908 atque
1415 1869 1513 1900 certis
1537 1868 1667 1900 indiciis
1692 1879 1758 1900 non
1784 1869 1931 1906 alterius,

109 1914 167 1945 sed
192 1923 283 1945 meas
310 1923 382 1945 esse
409 1913 591 1955 collegisse.
642 1913 738 1956 Rogo
763 1915 875 1955 itaque
900 1918 1121 1955 peramanter,
1147 1914 1227 1946 velis
1253 1923 1310 1946 eas
1327 1914 1465 1957 Kepleri
1489 1915 1602 1946 literas
1626 1925 1754 1948 mecum
1781 1916 1930 1961 aliquan-

110 1961 211 2001 tisper
236 1961 500 1996 communicare,
535 1965 592 1992 aut
617 1961 736 1993 saltem
763 1970 804 1992 ea
828 1962 946 1998 verba,
982 1970 1067 2001 quae
1091 1961 1154 1992 hoc
1178 1963 1348 2003 negotium
1373 1966 1593 1998 concernunt,
1626 1962 1703 1994 inde
1729 1967 1932 1999 transsumta

112 2012 146 2039 et
170 2011 249 2039 tuae
280 2016 398 2038 manus
424 2008 661 2048 subscriptione
698 2009 730 2039 in
764 2008 914 2040 veritatis
945 2009 1168 2040 testimonium
1204 2009 1373 2040 ratificata
1406 2010 1642 2040 transmittere.
1692 2010 1822 2041 Feceris
1853 2009 1931 2042 mihi

111 2055 158 2086 sic
183 2064 252 2089 rem
278 2055 425 2095 apprime
450 2059 598 2096 gratam3
637 2055 794 2088 incumbit
820 2056 908 2087 enim
933 2065 1022 2087 nunc
1048 2055 1198 2096 aliqualis
1223 2056 1423 2092 necessitas,
1460 2066 1518 2088 cur
1542 2057 1590 2088 sic
1614 2056 1686 2088 fieri
1711 2066 1864 2093 averem,
1889 2057 1930 2089 de

110 2111 176 2142 qua
201 2101 283 2133 alias
307 2101 467 2132 resciscas
494 2100 552 2133 dcc.

208 2183 261 2214 Ad
285 2183 346 2214 has
372 2183 536 2223 Tychonis
562 2185 772 2225 quaestiones
797 2193 882 2226 quae
906 2184 1110 2225 responderit
1134 2184 1326 2216 Herwartus
1351 2185 1534 2229 nescimus,
1558 2184 1671 2226 Tycho
1696 2195 1771 2218 vero
1796 2195 1929 2228 respon-

115 2230 206 2261 sione
231 2230 315 2261 forte
340 2230 516 2266 Herwarti,
541 2240 604 2262 nec
629 2241 694 2262 non
722 2231 794 2263 aliis
821 2231 861 2264 de
885 2232 1021 2272 Kepleri
1048 2233 1148 2264 animi
1173 2233 1363 2265 sinceritate
1389 2233 1585 2264 testimoniis
1610 2233 1758 2270 edoctus,
1782 2233 1873 2265 illum
1897 2234 1931 2265 in

114 2277 294 2309 amicitiam
318 2278 462 2318 recepit3
499 2288 564 2319 qua
594 2279 722 2310 ratione
754 2280 1017 2311 observationum
1052 2289 1184 2311 suarum
1218 2280 1342 2311 socium
1377 2279 1514 2322 elegerit
1537 2279 1736 2321 Keplerum,
1771 2290 1835 2313 nec
1864 2290 1931 2312 non

116 2328 300 2365 compotem
326 2325 443 2356 fecerit
468 2335 564 2366 opum
591 2327 883 2358 astronomicarum
909 2327 985 2358 inde
1012 2336 1033 2358 a
1056 2327 1167 2358 multis
1193 2327 1289 2359 annis
1316 2326 1548 2366 collectarum,
1582 2327 1667 2359 haec
1692 2327 1758 2359 alie
1781 2327 1853 2360 loco
1878 2337 1929 2359 re-

114 2371 280 2403 censenda
304 2376 390 2403 sunt.

207 2418 343 2451 Interim
367 2419 550 2460 Keplerus,
585 2424 623 2450 ut
654 2424 870 2452 consueverat
903 2421 937 2452 in
968 2421 1062 2452 rebus
1095 2421 1216 2458 dubiis,
1255 2424 1502 2462 praeceptorem
1537 2421 1619 2453 adiit
1642 2420 1940 2457 Maestlinum,

114 2465 285 2497 consilium
310 2466 396 2498 illius
421 2467 482 2498 sibi
508 2470 683 2508 expetens,
717 2468 794 2509 quid
819 2468 1009 2500 faciendum
1034 2469 1078 2499 sit
1102 2469 1136 2499 in
1162 2469 1220 2500 illa
1243 2478 1296 2505 re,
1330 2477 1415 2509 quae
1442 2468 1630 2509 Tychonem
1655 2472 1831 2509 tantopere
1855 2469 1927 2511 agi-

117 2513 220 2544 tabat
272 2513 484 2568 MaestlinuS,
520 2518 597 2545 ante
624 2519 796 2556 acceptam
823 2516 995 2556 epistolam
1028 2516 1118 2547 illam
1145 2516 1385 2548 excusatoriam
1411 2513 1500 2555 (vide
1523 2525 1622 2564 supra
1645 2525 1676 2557 p.
1706 2513 1808 2556 220),
1844 2515 1929 2548 haec

115 2560 281 2600 respondit
307 2560 349 2592 ad
373 2561 495 2601 priores
521 2561 658 2602 Kepleri
683 2562 806 2598 literas,
833 2563 1011 2604 respiciens
1036 2563 1199 2604 Tychonis
1226 2563 1269 2595 ad
1293 2563 1399 2604 ipsum
1425 2562 1544 2594 datas:

210 2619 240 2649 A
264 2619 339 2650 nob.
366 2618 408 2650 D.
437 2618 593 2660 Tychone
619 2620 729 2653 Brahe
759 2621 872 2653 literas
906 2623 1037 2663 accepi,
1073 2622 1186 2664 quibus
1219 2631 1312 2653 suam
1346 2622 1547 2653 sententiam
1577 2620 1740 2653 mordicus
1768 2621 1926 2653 defendit.

114 2664 360 2697 Humanissime
387 2667 429 2698 ad
453 2677 506 2698 me
532 2668 671 2708 scripsit,
698 2677 837 2709 quarum
863 2670 973 2709 copias
998 2670 1170 2707 misissem,
1197 2670 1255 2700 sed
1281 2667 1484 2700 describendi
1508 2671 1637 2708 tempus
1662 2677 1728 2699 non
1744 2668 1816 2700 fuit.
1860 2667 1927 2700 Sed

117 2713 220 2752 prima
237 2722 364 2753 quaque
379 2715 553 2745 occasione
569 2715 717 2754 proxima
731 2716 873 2747 mittam.
915 2716 953 2747 In
970 2717 1010 2747 iis
1026 2720 1103 2748 sunt
1115 2726 1180 2748 non
1197 2725 1306 2757 pauca
1322 2719 1439 2746 notatu
1456 2725 1522 2746 non
1539 2715 1686 2756 indigua.
1729 2714 1852 2746 Verum
1867 2715 1927 2747 etsi

116 2767 157 2789 ea
180 2768 245 2789 non
270 2769 385 2800 pamm
409 2771 461 2792 me
486 2765 650 2798 moveant,
677 2763 839 2803 proportio
864 2767 978 2795 tamen
994 2767 1053 2796 tua
1071 2773 1239 2805 corporum
1257 2762 1445 2807 coelestium
1471 2771 1545 2793 cum
1561 2762 1703 2804 quinque
1723 2762 1928 2806 regularibus
1948 2802 1954 2806 .

116 2806 299 2858 corporibus
315 2817 367 2839 me
384 2808 486 2838 multo
503 2809 609 2849 magis
626 2813 743 2840 movet.
794 2809 929 2841 Addidit
958 2812 1059 2842 etiam
1078 2811 1189 2851 copias
1210 2813 1341 2841 tuarum
1354 2807 1421 2840 ad
1412 2805 1517 2850 1psum
1534 2809 1728 2848 scriptarum
1757 2808 1925 2840 literamm

117 2855 150 2881 et
166 2852 215 2882 sui
233 2852 276 2883 ad
292 2857 326 2884 te
343 2856 499 2894 responsi,
524 2865 586 2896 quo
605 2857 705 2887 etiam
723 2866 788 2888 non
804 2866 913 2897 pauca
938 2862 1054 2889 notatu
1080 2857 1272 2899 dignissima
1287 2859 1376 2887 sunt·
1424 2855 1536 2894 Porro,
1564 2855 1650 2896 quod
1665 2856 1843 2896 praeterire
1859 2865 1926 2887 non

117 2906 256 2937 possum,
277 2899 316 2930 de
334 2899 416 2932 Urso
434 2900 488 2932 illo
507 2911 592 2942 quae
610 2903 730 2934 scribit.
781 2903 934 2946 Intelligo
952 2903 1071 2936 Ursum
1089 2905 1188 2935 istum
1210 2903 1328 2935 librum
1345 2901 1520 2943 quendam,
1548 2911 1611 2955 quo
1627 2902 1802 2934 teterrimis
1819 2910 1924 2934 scom-

118 2944 214 2974 matis
233 2945 279 2984 Ty
284 2945 419 2977 chonem
437 2948 628 2982 insectatur
657 2949 808 2986 edidisse,
841 2951 891 2981 cui
910 2951 1083 2992 epistolam
1101 2951 1243 2992 aliquam
1267 2953 1359 2980 tuam
1375 2948 1535 2990 praefixit
1569 2948 1604 2979 in
1621 2957 1686 2989 qua
1701 2948 1924 2989 praeclarissi-

117 2990 177 3020 mis
209 2990 321 3032 elogiis
350 2993 455 3033 ipsum
485 3004 589 3026 ornes
640 2995 764 3027 Verum
793 3006 855 3038 ego
881 2998 998 3029 librum
1026 2998 1117 3029 illum
1133 3007 1200 3028 nou
1215 2996 1292 3032 vidi,
1321 3005 1384 3027 nec
1402 2996 1502 3027 etiam
1519 2995 1620 3026 talem
1651 3004 1672 3026 a
1697 2999 1730 3027 te
1751 2995 1923 3036 epistolam

117 3035 271 3079 scriptam
288 3047 358 3071 esse
377 3040 507 3072 credere
525 3051 666 3081 possum
716 3042 811 3076 Nosti
830 3045 929 3082 enim,
952 3044 1117 3086 quodnam
1134 3044 1175 3076 de
1191 3044 1254 3074 isto
1270 3042 1401 3074 homine
1419 3042 1461 3073 sit
1477 3051 1584 3075 meum
1604 3041 1774 3083 judicium.
1825 3040 1931 3083 Quae
