1982 3268
137 90 193 135 24
927 93 1141 126 Prooemium.

136 210 215 242 opus
240 200 347 236 fuerit,
363 210 427 242 pro
451 209 546 243 posse
572 209 700 233 omnem
725 200 956 233 obscuritatem
970 201 1085 233 'tollas
1127 199 1223 240 Quod
1246 201 1301 234 ubi
1326 201 1450 234 factum
1466 201 1573 240 fuerit,
1597 201 1767 234 confestim
1783 204 1933 244 torquere

135 248 246 281 licebit
269 248 403 290 prelum.
453 247 561 280 Velim
587 252 698 280 autem
723 249 765 280 ad
788 258 847 280 nos
874 258 1037 284 excurras,
1063 252 1097 280 et
1119 248 1173 281 hic
1198 250 1308 281 omnia
1332 248 1498 290 expedias,
1523 249 1578 281 ubi
1603 251 1638 283 et
1659 249 1811 282 librorum
1838 250 1933 291 copia

136 300 170 328 et
194 296 332 328 aliarum
354 305 461 328 rerum
485 298 590 336 major
615 297 848 338 opportunitas.
898 296 984 328 Vale
1010 301 1043 328 et
1068 296 1160 327 Vive.
1246 335 1249 338 ψ

229 343 385 375 Perlectis
409 344 459 376 his
483 343 700 376 Hafenrefferi
727 347 760 377 et
781 344 951 376 Maestlini
974 344 1106 376 monitis
1122 344 1285 385 Keplerus
1312 343 1523 385 stangan-tia,
1547 343 1603 377 ubi
1628 344 1735 377 adhuc
1760 353 1835 376 cum
1859 353 1931 377 ma-

136 391 277 423 trimonii
300 391 435 424 ineundi
461 390 609 432 (uxorem
634 392 725 423 duxit
755 392 904 429 viduam,
937 391 1120 424 Barbaram
1143 391 1318 424 Miilleram
1344 401 1365 423 a
1388 390 1561 430 Muhleek,
1595 392 1629 423 in
1655 391 1766 434 Styx-ia
1788 388 1876 424 bona
1898 395 1934 424 et

135 440 299 470 fortunam
322 439 552 481 possidentem.
595 439 825 482 Stuttgartiae‚
851 450 925 472 cum
950 439 1120 482 Tubingae
1145 439 1314 481 stipendiis
1337 448 1414 471 usus
1438 439 1537 472 fuerit
1546 438 1861 482 ¹Wiirttembergicis‚
1886 444 1931 476 et,

137 486 305 519 Graetium
329 487 510 524 transiens,
535 487 845 529 Wiirttembergiam
869 487 1009 528 patriam
1033 487 1205 523 retineret,
1232 487 1475 519 concessionem
1499 488 1686 529 nuptiarum
1708 484 1838 529 petiit),
1863 490 1934 519 tum

135 535 205 566 libri
231 534 280 566 sui
306 535 435 572 edendi,
461 539 531 567 tum
559 535 709 574 „artificii
733 534 902 577 argentei⁸⁴
931 544 1034 567 causa
1056 536 1263 574 versabatur,
1288 535 1502 567 consentiens
1520 543 1595 567 cum
1618 534 1745 568 illorum
1768 534 1935 567 sententia

136 581 311 614 Maestlino
337 583 485 624 scripsit:

254 676 437 730 Salutem
469 688 506 729 in
529 688 705 730 Christo.
758 689 913 730 Nudius
946 689 1081 741 accepi
1114 689 1251 730 literas
1283 690 1333 731 D.
1355 689 1405 730 D.
1426 689 1704 737 Hafenrefferi,
1736 687 1816 730 una
1845 701 1948 730 cum·

135 749 186 789 H.
221 748 329 789 Tuae
362 748 513 800 judicio
547 749 594 790 de
626 749 869 801 corporibus.
932 749 1152 790 Brevitatis
1190 749 1309 800 igitur
1347 762 1470 789 causa
1507 754 1664 789 tantum
1701 748 1750 788 de
1789 761 1932 789 neces-

136 807 253 848 sariis
275 821 404 861 agam.
452 807 665 856 (Quamvis
686 808 903 861 gratiarum
925 809 1080 849 actione
1109 809 1164 848 nil
1195 809 1323 861 magis
1350 808 1404 848 sit
1428 809 1730 855 necessarium.)
1774 807 1930 849 Parebo

137 867 398 908 libentissime
431 869 479 908 de
512 869 805 922 quibuscunque
837 868 1036 908 monuisti.
1086 869 1271 908 Formam
1302 881 1396 909 vero
1429 881 1563 908 eorum
1592 881 1692 921 quae
1723 866 1931 916 adduntur,

136 927 257 967 aliam
288 927 469 976 meditor,
502 941 586 978 nec,
619 934 664 968 ut
697 941 824 980 spem,
859 927 930 968 tibi
963 928 1251 982 displicentem.
1303 926 1483 968 Scribam
1517 932 1632 968 notas
1664 927 1749 967 sive
1781 927 1935 968 scholia

136 987 182 1027 dc
215 986 314 1027 locis
347 987 538 1028 obscuris.
602 988 773 1028 Primum
806 987 939 1040 itaque
973 988 1006 1028 si
1040 988 1189 1028 notasti
1221 988 1456 1040 corrigenda
1487 987 1682 1040 quaedam
1719 989 1829 1036 loca,
1869 988 1932 1028 vel

136 1047 315 1086 tollenda
344 1048 409 1087 vel
442 1048 652 1095 mutanda,
686 1049 748 1087 vel
780 1047 838 1087 ita
869 1047 1054 1096 obscura,
1089 1052 1133 1087 ut
1163 1061 1242 1087 una
1271 1060 1349 1088 vox
1381 1046 1540 1095 addita,
1571 1047 1726 1097 demta,
1763 1052 1931 1096 mutata,

134 1107 394 1159 transposita,
429 1107 602 1159 explicet
635 1107 854 1156 dilucidius,
892 1121 939 1147 ea
960 1108 1090 1147 omnia
1115 1107 1309 1160 corrigam
1336 1108 1383 1147 de
1409 1111 1480 1148 tua
1511 1108 1726 1148 sententia.
1778 1107 1932 1148 Deinde

136 1166 335 1207 crebriora
367 1166 536 1207 obscura
567 1167 667 1215 loca,
702 1180 801 1219 quae
835 1166 1099 1219 explicatione
1132 1172 1252 1219 egent
1285 1170 1329 1213 (a
1358 1171 1398 1207 te
1430 1171 1572 1207 notata
1598 1167 1631 1207 si
1658 1167 1834 1215 videam)
1865 1180 1931 1208 re-

136 1227 262 1266 feram
292 1226 332 1266 in
364 1231 493 1266 notas.
544 1227 678 1266 Tertio
712 1227 759 1266 de
793 1226 1080 1279 hypothesibus
1103 1225 1311 1278 Copernici
1342 1239 1505 1278 possum
1536 1227 1601 1267 vel
1631 1226 1756 1279 ipsius
1774 1225 1932 1280 Coper-

135 1284 212 1325 nici
243 1286 307 1326 vel
340 1286 502 1326 Rhetici
534 1286 656 1326 verba
694 1300 772 1327 una
809 1299 894 1326 cum
926 1286 1125 1326 luculento
1159 1285 1361 1326 schemate
1394 1285 1499 1326 notis
1531 1286 1719 1327 inserere,
1777 1286 1933 1334 Quarto

137 1345 183 1384 de
214 1345 370 1386 ratione
397 1345 625 1385 numerandi
661 1346 876 1386 distantias
907 1345 1201 1398 Copernicanas
1234 1345 1331 1386 nihil
1364 1347 1436 1398 ego
1468 1346 1686 1399 perfectius
1709 1345 1935 1400 „adjungere

134 1417 307 1455 possum,
343 1418 460 1458 quam
492 1411 582 1445 tuas
613 1406 794 1458 pagellas
828 1406 946 1457 (quae
979 1405 1132 1457 pridem
1163 1418 1275 1445 meae
1308 1407 1418 1453 sunt)
1437 1405 1636 1459 'apposito
1668 1409 1737 1447 tuo
1762 1405 1932 1447 nomine.

136 1463 284 1509 Quinto
317 1465 365 1504 de
398 1465 650 1505 numerandis
683 1465 989 1506 semidiametris
1022 1465 1285 1517 ascriptorum
1323 1465 1416 1514 feci,
1458 1470 1503 1505 ut
1539 1465 1695 1512 vidisti,
1734 1465 1934 1518 peculiare

135 1529 268 1576 caput.
318 1523 363 1564 Si
393 1524 434 1564 id
466 1525 638 1564 nondum
670 1525 770 1565 satis
804 1529 879 1572 est,
912 1530 1091 1577 repetam
1122 1525 1160 1564 in
1181 1524 1288 1564 notis
1309 1537 1392 1565 rem
1413 1523 1462 1564 ab
1483 1525 1659 1577 origine:
1692 1529 1934 1570 monstrans,

133 1596 211 1623 non
243 1584 357 1636 plura
390 1597 478 1624 esse
517 1596 683 1636 corpora
719 1597 862 1636 posse,
909 1598 1025 1637 quam
1064 1584 1246 1637 quinque.
1308 1583 1395 1624 Hoc
1432 1589 1551 1636 pacto
1590 1584 1784 1636 (perlecto
1823 1584 1932 1637 prius

134 1643 258 1684 semel
290 1657 315 1683 a
351 1657 414 1683 me
453 1646 661 1695 opusculo)
707 1644 980 1697 typographus
1018 1656 1094 1684 non
1132 1643 1400 1695 impediretur.
1463 1643 1581 1684 Alias
1619 1643 1714 1684 mihi
1751 1643 1800 1683 de
1832 1655 1934 1684 novo

136 1703 569 1743 describendum-esset
589 1705 833 1755 opusculum.
880 1702 995 1749 Quod
1028 1703 1061 1742 si
1094 1710 1227 1743 autem
1258 1716 1335 1743 non
1364 1703 1496 1743 omnia
1515 1704 1611 1744 fient
1629 1703 1936 1754 perfectissima,

133 1762 204 1808 ita,
237 1768 280 1803 ut
312 1762 409 1802 nihil
442 1763 610 1814 amplius
643 1763 873 1803 desideres:
908 1767 1105 1803 memento
1125 1763 1293 1814 primum
1323 1763 1425 1802 hunc
1458 1776 1546 1803 esse
1578 1763 1771 1810 laborem,
1802 1763 1861 1803 ita
1890 1768 1936 1803 ut

135 1822 210 1861 sim
242 1835 389 1874 aequos
422 1822 629 1863 habiturus
661 1822 853 1871 lectores,
900 1827 941 1862 et
978 1822 1139 1862 nimium
1170 1822 1359 1875 temporis
1390 1822 1624 1875 requisitum
1653 1822 1721 1870 iri,
1765 1834 1935 1875 eousque
1980 1831 1982 1833 ’

133 1881 223 1922 dum
254 1881 326 1922 fiat
350 1882 685 1938 perfectissimus.
746 1882 868 1922 Hisce
900 1882 990 1922 vale
1021 1886 1257 1934 praeceptor
1287 1881 1535 1922 charissime.

235 1941 303 1994 311
340 1951 436 2002 (21)
469 1953 577 1994 Junii
610 1951 677 1995 96.
714 1952 1009 2005 Stuttgardiae.
1295 1953 1345 1994 H.
1379 1953 1425 1993 Τ.
1489 1951 1541 1994 G.
1575 1952 1625 1994 D.
1764 1968 1777 1975 ·

1174 2029 1177 2033 ’
1533 2019 1594 2060 Μ.
1629 2019 1672 2060 J.
1704 2017 1876 2073 Kepler.

227 2149 353 2181 Eadem
386 2149 547 2190 Keplerus
584 2147 886 2183 Hafenreffero
921 2149 1146 2191 perscripsisse
1177 2149 1303 2181 videtur
1317 2173 1327 2187 ‚
1363 2158 1436 2182 cum
1474 2148 1526 2182 his
1555 2148 1802 2182 Harenreffems
1834 2148 1937 2182 literis

133 2197 226 2240 quasi
249 2197 491 2238 responsionem
517 2196 683 2228 Maestlini
710 2197 752 2228 ad
774 2198 955 2238 praemissa
978 2197 1012 2228 in
1037 2206 1072 2228 se
1095 2197 1293 2237 susceperit:

226 2244 292 2277 Per
307 2245 537 2286 occupationes
560 2248 648 2276 certe
672 2244 818 2285 publicas
843 2245 968 2277 factum
993 2247 1053 2282 est,
1079 2248 1116 2276 ut
1139 2243 1236 2276 hodie
1259 2255 1318 2286 per
1341 2245 1524 2287 magistros,
1549 2245 1605 2287 qui
1629 2244 1842 2281 descendent,
1866 2253 1935 2276 nou

133 2301 225 2325 meas
251 2293 428 2333 acceperis.
468 2291 533 2324 Sed
558 2301 747 2332 responsum
774 2292 816 2324 ad
839 2293 983 2334 proxime
1007 2292 1187 2333 superiores
1211 2292 1273 2324 hoc
1289 2292 1421 2325 habeto.
1461 2291 1597 2325 Collatis
1626 2292 1800 2324 sententiis
1823 2290 1937 2333 placet

134 2340 292 2382 posterius
324 2338 417 2371 tuum
442 2339 627 2376 consilium,
663 2340 712 2371 ita
736 2344 847 2372 tamen
860 2364 868 2379 ,
904 2344 941 2372 ut
964 2350 1021 2381 pro
1047 2339 1176 2371 Rhetici
1202 2341 1389 2372 narratione
1423 2337 1522 2382 (quae
1548 2343 1583 2372 et
1612 2339 1764 2381 prolixior
1797 2343 1868 2375 eat,
1903 2342 1938 2370 et

135 2388 296 2430 quaedam
323 2388 364 2420 ab
388 2386 450 2419 hoc
474 2391 530 2419 tuo
556 2387 724 2428 prodromo
751 2388 861 2420 aliena
884 2388 1006 2423 habet,
1031 2391 1065 2419 et
1088 2388 1122 2418 in
1147 2388 1339 2429 quibusdam
1364 2386 1489 2428 deficit)
1514 2383 1736 2436 brevissimam
1761 2386 1934 2428 expositio-

135 2446 211 2468 nem
236 2439 270 2468 et
287 2436 524 2477 proportionem
542 2445 709 2476 corporum
727 2446 799 2467 cum
819 2434 985 2467 schemate
1003 2435 1149 2477 generali
1164 2439 1237 2476 post
1252 2435 1490 2476 praefationem
1509 2435 1553 2468 ad
1568 2436 1725 2468 lectorem
1741 2435 1944 2466 interseras:-

136 2493 220 2525 quae
245 2487 403 2525 tanquam
429 2483 527 2514 clavis
554 2486 649 2515 erunt
673 2483 716 2514 ad
740 2483 933 2523 Mysterium
956 2482 1133 2515 Prodromi.
1182 2483 1421 2515 Annotationes
1445 2493 1539 2524 porro
1563 2482 1649 2524 quod
1683 2482 1822 2516 attinet.
1857 2481 1937 2513 nihil

136 2541 216 2572 opus
242 2534 303 2568 est,
329 2534 366 2562 ut
390 2534 495 2562 totum
519 2541 599 2571 opus
617 2530 656 2562 de
674 2540 756 2562 novo
775 2534 916 2567 retean,
943 2530 1087 2563 ordinem
1113 2534 1171 2562 aut
1195 2531 1438 2572 dispositionem
1463 2532 1534 2571 ejus
1557 2530 1667 2562 turbes
1691 2529 1742 2561 vel
1765 2529 1936 2561 immutes:
1978 2517 1982 2560 ἶ

136 2588 242 2620 neque
266 2582 378 2610 tamen
402 2578 463 2610 hoc
490 2578 671 2610 consultum
696 2582 841 2619 putatur,
866 2582 902 2609 ut
927 2588 1038 2610 omnes
1065 2579 1294 2610 annotationes
1318 2580 1352 2610 in
1375 2581 1574 2620 postremam
1598 2576 1811 2618 appendicem
1837 2579 1936 2618 atque
1979 2587 1982 2621 ἐ

138 2626 180 2657 ad
205 2626 275 2658 libri
301 2625 426 2658 calcem
450 2627 599 2666 rejicias;
627 2626 684 2657 sed
710 2627 865 2667 optimum
887 2626 1063 2666 judicatur,
1089 2629 1127 2657 ut
1143 2626 1318 2668 relegendo
1343 2626 1469 2663 librum,
1495 2625 1579 2667 quod
1596 2625 1768 2656 obscurum
1785 2627 1846 2660 est.
1872 2633 1937 2656 nno
1979 2623 1982 2650 i

138 2678 171 2705 et
196 2673 298 2705 altero
323 2674 419 2705 verbo
444 2673 562 2705 reddas
589 2673 769 2705 dilucidius.
807 2674 849 2704 Et
874 2674 900 2705 si
925 2674 1002 2716 quid
1027 2674 1202 2715 copiosiore
1228 2674 1442 2715 explicatione
1467 2682 1546 2714 opus
1569 2672 1731 2709 habuerit,
1756 2671 1807 2704 vel
1831 2671 1936 2704 textui
1976 2683 1982 2713 ,ἒ

135 2721 280 2758 inseras,
306 2721 356 2753 vel
382 2722 495 2753 statim
521 2721 563 2752 ad
588 2721 679 2752 istius
706 2722 822 2762 capitis
847 2721 945 2753 finem
970 2721 1151 2761 subjicias:
1176 2723 1222 2753 sic
1247 2722 1333 2753 euim
1357 2720 1518 2762 perfectus
1543 2723 1578 2752 et
1603 2719 1646 2751 ad
1691 2718 1794 2751 relum
1818 2718 1938 2760 politus

138 2768 228 2799 labor
254 2769 321 2799 erit.
373 2768 468 2801 Haec
493 2769 643 2805 breviter,
670 2768 751 2800 alias
778 2778 849 2800 cum
875 2769 1060 2808 vacaverit,
1084 2769 1187 2810 plura.
1237 2768 1397 2801 Dominus
1421 2771 1550 2806 tecum;
1575 2730 1737 2809 hospxfiem
1762 2755 1937 2799 gauterum

138 2819 346 2856 peramanter
370 2826 443 2847 meo
467 2817 598 2848 nomine
623 2816 742 2848 saluta.
793 2816 835 2847 D.
865 2814 919 2846 14.
946 2814 1023 2856 (24)
1048 2816 1137 2848 Junii
1167 2815 1266 2849 1596.

235 2862 387 2894 Ceterum
412 2864 441 2895 ei
465 2863 683 2895 Hafenrefferi
717 2864 900 2896 sententiae
933 2874 998 2895 non
1028 2864 1126 2905 plane
1162 2864 1419 2904 obtemperatum
1455 2865 1515 2894 est.
1567 2861 1656 2903 Opus
1681 2860 1852 2903 Tubingae
1876 2861 1935 2892 im-

140 2909 233 2951 primi
258 2914 407 2951 coeptum
432 2915 492 2948 est,
521 2916 553 2943 et
581 2911 854 2943 Maestlinus
880 2912 910 2942 d.
943 2909 1015 2953 ¹⁵1¹„
1046 2911 1128 2943 Nov.
1160 2908 1250 2942 1596
1274 2910 1358 2942 haec
1382 2909 1524 2951 Keplero
1549 2909 1694 2950 scripsit:
1731 2907 1821 2949 opus
1844 2911 1937 2940 tuum
1969 2911 1982 2936 L:

1975 2710 1982 2740 ὲ

1975 2746 1982 2759 ι

1946 2747 1982 2785 02,

1970 2838 1982 2881 ἐ

1968 2884 1982 2913 a,

1975 2936 1982 2959 i

141 2957 303 2993 succedit,
336 2967 530 2999 quamquam
556 2959 637 2989 satis
662 2959 773 2998 tarde,
806 2969 861 2999 pro
887 2956 1159 3001 typographorum
1182 2967 1280 2990 more.
1331 2956 1371 2989 Id
1394 2960 1432 2988 ut
1455 2956 1586 2994 videas,
1617 2956 1711 2987 mitto
1735 2955 1938 2997 pagellarum

142 3013 331 3036 excusatum
351 3005 541 3045 exemplum.
585 3005 684 3046 Spero
703 3010 825 3046 autem,
848 3007 880 3038 id
906 3007 1090 3047 propediem
1116 3006 1159 3038 ad
1182 3005 1280 3038 finem
1303 3004 1491 3046 perductum
1517 3004 1564 3035 iri.
1606 3003 1724 3046 Totum
1749 3005 1782 3034 et
1808 3012 1937 3035 omnem

140 3052 283 3083 laborem
309 3052 340 3081 in
367 3062 418 3082 me
443 3053 562 3092 recepi,
589 3053 642 3093 qui
666 3054 810 3093 profecto
834 3053 1006 3095 plurimum
1025 3054 1148 3095 negotii
1171 3053 1247 3084 mihi
1273 3052 1416 3084 facessit.
1459 3051 1651 3093 Figuratum
1676 3053 1710 3082 et
1733 3049 1937 3082 schematum

144 3098 318 3130 delineatio
343 3107 418 3138 pars
442 3099 577 3130 minima
603 3103 661 3130 est.
713 3099 851 3132 Chartas
876 3101 1128 3142 typographicas
1153 3110 1213 3141 ego
1245 3108 1310 3140 qua
1343 3108 1472 3140 possum
1506 3097 1664 3130 fidelitate
1698 3101 1732 3129 et
1765 3096 1938 3139 diligentia

144 3146 277 3191 corrigo.
329 3145 525 3178 Tabularum
552 3150 661 3181 autem
688 3147 859 3191 descriptio
883 3147 963 3181 mihi
986 3148 1080 3181 valde
1105 3147 1266 3181 laboriosa
1290 3151 1359 3184 est,
1394 3146 1470 3193 quia
1499 3142 1565 3178 non
1589 3145 1728 3190 scriptae
1752 3143 1884 3178 fuerunt
1915 3153 1936 3181 a

1967 2991 1982 3042 ,3

1963 3046 1982 3109 ἕ

1959 3106 1981 3254 l

1961 3258 1978 3268 2.
