2028 3242
197 91 224 134 4
233 93 247 133 1
256 91 283 134 4
956 92 1090 125 Literae
1115 92 1250 134 Kepleri

197 198 234 237 in
269 206 332 245 ὣ,
373 202 415 236 et
440 210 464 236 a
496 203 558 221 -Ν
592 196 629 235 in
655 199 702 247 ὅ
733 197 929 248 oppositis
967 197 1189 238 rationibus
1229 198 1410 239 defectus
1445 199 1510 239 vel
1542 211 1731 241 excessus
1762 206 2000 252 compensa-

196 262 271 304 tur,
306 261 350 295 ut
380 256 440 296 ita
471 262 690 295 evanescat
721 256 922 296 anomalia
952 256 991 296 in
1024 260 1087 307 ὅ,
1123 266 1186 306 Θ,
1220 258 1259 297 in
1291 257 1448 308 Υ,-“-·
1386 286 1448 302 ,-,
1480 256 1536 299 sit
1565 258 1751 299 maxima.

317 313 526 360 Quomodo
564 327 660 354 vero
698 314 798 355 haec
829 315 1074 368 hypothesis
1098 328 1186 355 cum
1217 315 1439 368 Copernico
1474 316 1719 366 concilietur,
1759 329 1837 358 non
1875 312 2002 358 solum

198 373 384 413 brevibus
417 373 550 413 verbis
583 373 775 425 explicari
805 375 943 426 nequit
964 375 1089 427 (quod
1121 375 1160 414 in
1193 388 1280 415 meo
1317 375 1575 428 prognostico
1607 376 1735 425 dixi),
1771 376 1844 417 sed
1874 380 2001 429 neque

196 433 306 472 brevi
338 438 533 484 tempore.
597 431 772 484 Oportet
802 434 906 473 enim
938 434 1071 473 omnia
1100 435 1224 487 probe
1257 440 1456 475 excutere.
1517 434 1624 477 Nam
1646 446 1774 488 neque
1789 435 1878 488 ipse
1911 435 2002 476 dum

196 492 291 537 mihi
324 491 547 532 satisfacio.
609 491 751 532 Dicam
784 498 917 532 autem
950 493 1236 544 speculationis
1255 507 1368 534 meae
1403 494 1730 536 fundamentum*
1778 495 1891 546 Iu'h‘
1908 506 2002 534 ver-

197 556 311 591 sante
345 551 471 590 Terra
502 550 660 591 videtur
692 549 745 601 Θ
778 551 818 591 in
852 561 916 600 ee,
957 557 1095 604 estque
1123 553 1178 593 ibi
1210 553 1294 605 ejus
1327 565 1570 606 apogaeum,
1603 554 1642 594 in
1675 552 1859 606 opposito
1880 553 2002 606 *peri-

197 623 353 663 gaeum.
418 608 518 650 Cum
551 621 644 659 ergo
678 611 894 650 secuudum
927 610 1192 663 Copernicum
1222 617 1353 652 motus
1386 613 1514 653 omnis
1547 619 1589 653 et
1614 612 1743 654 virtus
1763 611 1893 653 omnis
1912 625 2002 653 mo-

196 669 302 709 toria
334 682 383 709 ex
416 668 511 709 Sole
543 681 616 709 ceu
649 675 787 709 centro
821 670 906 710 sive
938 671 1058 710 corde
1103 670 1144 710 in
1177 672 1482 724 circumpositos
1513 672 1631 712 orbes
1661 672 1894 724 ingeratur,
1938 670 2002 711 di-

196 729 348 768 mensis
395 728 445 767 ad
490 728 829 781 propinquitatem
884 729 1077 779 modulis,
1136 730 1289 770 ambiat
1339 743 1434 771 vero
1479 731 1645 772 Terram
1696 730 1804 771 orbis
1847 731 2007 771 Lunam

195 788 366 827 vehens:
401 799 495 839 ergo
528 787 561 826 is
594 801 673 827 una
704 801 792 828 cum
825 788 951 828 Terra
982 788 1109 829 hieme
1141 802 1264 842 prope
1285 789 1421 830 Solem
1453 790 1622 840 accedit,
1657 794 1700 830 et
1730 789 1771 830 in
1798 789 2003 830 fortiorem

194 847 384 886 virtutem
423 846 633 886 motoriam
675 846 915 899 ingreditur,
962 854 1120 888 aestate
1162 849 1202 888 in
1234 849 1550 898 imbecilliorem,
1596 861 1684 889 cum
1729 862 1754 889 a
1785 847 1880 889 Sole
1911 849 2002 888 lona

197 905 360 959 gissime
394 905 579 945 discedit.
642 905 718 945 Hic
744 906 829 958 jam
862 907 1048 959 fingenda
1079 913 1144 948 est
1176 909 1369 960 quaedam
1397 908 1590 949 virtutum
1613 907 1873 948 motoriarum
1905 920 2002 948 con-

195 964 401 1014 trarietas,
448 965 605 1017 qualem
636 964 883 1006 Aristoteles
935 963 1104 1018 primum
1145 967 1289 1007 mobile
1339 967 1445 1008 inter
1479 971 1530 1007 et
1579 966 1754 1007 secunda
1797 966 2001 1007 confinxit.

197 1025 301 1064 Nam
335 1024 450 1064 Luna
481 1024 642 1076 propria
673 1024 821 1064 virtute
854 1025 1030 1075 vehitur,
1077 1039 1153 1066 non
1199 1031 1243 1066 ut
1276 1039 1347 1066 sex
1378 1026 1520 1075 ceteri,
1562 1026 1711 1066 virtute
1745 1024 1853 1066 Solis
1893 1037 2003 1066 com—

196 1083 315 1124 muni.
378 1083 485 1124 Nam
518 1083 559 1122 hi
579 1082 715 1123 Solem
748 1084 1116 1135 circumambulant,
1150 1086 1265 1126 Luna
1287 1086 1464 1135 Terram,
1499 1097 1587 1126 cum
1619 1085 1671 1125 ad
1700 1083 1840 1126 Solem
1858 1084 2001 1133 tendit,

196 1143 301 1182 viam
334 1142 478 1182 ceteris
510 1143 629 1194 plane
663 1143 905 1183 contrariam
937 1145 1108 1185 conticit.
1173 1143 1308 1190 Quare
1339 1145 1545 1196 probabile
1566 1149 1642 1192 est,
1675 1143 1856 1196 impediri
1889 1143 2003 1184 illam

197 1216 220 1242 a
251 1202 399 1242 virtute
422 1200 569 1247 Solari,
603 1202 734 1254 magis
767 1216 791 1242 a
813 1202 981 1250 fortiori,
1014 1204 1142 1243 minus
1176 1205 1226 1244 ab
1246 1203 1509 1244 imbecilliori.
1571 1202 1712 1243 Hieme
1745 1202 1883 1256 igitur,
1914 1214 2002 1243 cum

195 1261 418 1314 propinqua
451 1260 537 1300 Soli
570 1267 647 1310 est,
680 1262 846 1301 multum
877 1262 1103 1314 impeditur,
1138 1268 1179 1303 et
1209 1264 1255 1303 fit
1274 1263 1406 1311 tarda,
1440 1266 1597 1303 aestate
1618 1261 1779 1302 liberior
1797 1262 1838 1302 in
1857 1260 2003 1314 maJori

197 1320 328 1374 spatio
367 1319 536 1360 celerior
577 1320 726 1360 evadit.
791 1319 985 1373 Quodque
1032 1323 1080 1363 de
1119 1323 1195 1362 hac
1233 1321 1436 1362 anomalia
1474 1321 1584 1369 dico,
1627 1333 1729 1374 quae
1761 1320 1848 1373 jam
1884 1320 2003 1361 modo

197 1392 286 1419 sese
318 1379 551 1431 prodit‚-id
582 1381 708 1420 multo
740 1380 869 1432 magis
902 1381 1272 1422 etiam‘verisimile
1312 1381 1492 1422 redditur
1527 1393 1601 1434 per
1631 1381 1802 1421 alteram
1834 1392 2009 1420 anomaae

197 1439 309 1488 liam,
351 1451 469 1490 quam
509 1438 631 1478 efficit
661 1439 897 1480 Ptolemaeo
931 1441 1196 1490 eccentricus‚
1237 1439 1459 1492 Copernico
1500 1439 1716 1480 secundum
1753 1438 2001 1493 epinyclium;

200 1497 280 1538 Cur
312 1498 418 1537 enim
451 1498 552 1541 adeo
586 1498 726 1538 stricte
760 1498 895 1539 Solem
930 1499 1002 1540 illa
1034 1501 1281 1550 observaret,
1315 1499 1391 1540 nisi
1423 1498 1496 1540 Sol
1526 1499 1614 1552 ipse
1643 1499 1759 1539 illam
1790 1497 2003 1538 efficeret?

198 1558 253 1596 Et
286 1557 465 1609 quamvis
498 1557 678 1608 pluribus
717 1558 850 1598 verbis
890 1559 1167 1600 demonstrare
1204 1572 1383 1611 possem,
1424 1559 1630 1611 utriusque
1669 1557 1809 1597 harum
1848 1555 2002 1607 ἀνωμα-

196 1619 288 1656 λιων
320 1616 486 1655 eandem
520 1617 659 1656 eodem
693 1617 810 1657 modo
844 1630 1006 1658 causam
1039 1632 1142 1667 esse,
1175 1625 1310 1659 tamen
1345 1618 1449 1670 quia,
1483 1622 1527 1658 ut
1559 1617 1655 1663 dixi,
1685 1629 1760 1657 nec
1792 1615 1878 1669 ipse
1910 1616 2001 1669 qui-2

200 1676 288 1715 dem
320 1675 479 1727 penitus
513 1676 744 1727 acquiesco:
779 1689 854 1716 non
889 1690 987 1729 opus
1021 1691 1110 1718 esse
1143 1690 1287 1718 censeo
1320 1677 1499 1729 pluribus
1537 1688 1669 1729 agere.
1733 1674 1835 1716 cum
1866 1675 2002 1728 itaque

196 1735 270 1775 hoc
302 1735 514 1786 praecipue
548 1735 749 1775 videretur
783 1736 1011 1784 absurdum,
1046 1737 1192 1784 dicere,
1226 1737 1330 1790 quod
1362 1741 1492 1776 motus
1524 1736 1663 1776 Lunae
1697 1747 1722 1775 a
1750 1734 1900 1775 virtute
1921 1734 2002 1774 So:-

197 1795 246 1834 lis
279 1793 531 1847 impediatur,
566 1806 654 1833 cum
681 1794 867 1834 videatur
897 1797 1032 1847 potius
1059 1797 1195 1848 juvari
1227 1801 1269 1836 et
1299 1795 1525 1848 promoveri
1549 1794 1708 1842 debere,
1741 1793 2000 1847 quodcunque

198 1854 360 1893 tandem
394 1858 574 1892 centrum
604 1853 773 1893 habeat:
809 1854 920 1906 coepi
954 1855 1074 1895 etiam
1107 1856 1156 1896 de
1189 1855 1270 1895 alia
1301 1868 1426 1894 causa
1458 1853 1659 1906 cogitare:
1698 1865 1839 1905 nempe
1869 1859 2002 1893 utrum

197 1913 286 1965 ipsa
316 1925 503 1952 mensura
535 1918 707 1952 motuum
741 1913 1020 1963 secundorum,
1073 1915 1147 1957 hoc
1180 1920 1262 1960 est,
1294 1920 1426 1953 motus
1458 1913 1544 1964 ipse
1575 1911 1694 1965 primi
1725 1911 1884 1952 mobilis
1910 1911 2002 1959 (seu

198 1973 236 2011 in
277 1971 498 2023 Copernico
537 1971 645 2022 globi
691 1972 913 2012 Terrestris
957 1973 1120 2013 diurnus
1164 1974 1316 2020 motus)
1349 1973 1386 2011 in
1431 1984 1554 2012 causa
1594 1971 1660 2011 sit.
1724 1971 1769 2011 Id
1813 1971 1875 2010 ita
1917 1970 2002 2010 fieri

197 2036 350 2082 potest,
399 2030 432 2070 si
469 2042 623 2069 rursum
669 2035 712 2070 ut
751 2036 872 2070 antea
915 2037 1085 2083 quatuor
1128 2032 1236 2072 horis
1275 2030 1550 2083 (aequalibus)
1583 2029 1757 2081 spatium
1803 2029 2000 2069 aestivum

201 2091 343 2136 (antea
385 2094 473 2128 erat
523 2090 672 2129 mensis
723 2089 932 2138 hibernus)
972 2091 1135 2131 hiberno
1174 2090 1330 2142 longius
1374 2095 1416 2129 et
1452 2089 1607 2129 tardius
1649 2088 1715 2128 sit.
1778 2087 1854 2128 Hic
1898 2088 2003 2127 enim

197 2149 340 2201 globus
373 2148 519 2187 Terrae
547 2154 724 2188 remotus
757 2162 781 2187 a
813 2148 907 2188 Sole
941 2149 978 2188 in
1013 2162 1192 2202 apogaeo
1227 2149 1340 2189 tarde
1371 2149 1611 2193 volveretur,
1644 2146 1758 2200 quasi
1783 2161 1808 2187 a
1833 2146 2002 2187 tenuiori

197 2208 357 2255 virtute,
391 2207 508 2259 plane
542 2213 587 2246 ut
616 2207 654 2246 iu
688 2220 775 2246 meo
809 2209 998 2259 opusculo
1030 2214 1114 2249 tres
1148 2208 1372 2261 superiores
1403 2207 1444 2247 in
1466 2206 1548 2248 suis
1579 2205 1795 2260 epicycliis‚
1830 2205 1869 2245 in
1889 2205 2000 2259 peri-

196 2279 299 2318 gaeo
333 2272 374 2306 et
406 2266 555 2306 virtute
589 2266 745 2306 fortiori
778 2267 945 2307 celerius
977 2268 1194 2308 incederet.
1258 2267 1346 2307 Hoc
1377 2267 1494 2307 modo
1528 2279 1552 2305 a
1572 2275 1616 2308 ΕΒ
1649 2265 1700 2305 ad
1731 2271 1794 2308 ss
1826 2265 1912 2305 dies
1942 2262 2001 2306 90

197 2325 368 2374 circiter,
402 2325 602 2365 tardiores
634 2325 856 2377 nonaginta
887 2328 1140 2379 aequalibus,
1175 2326 1334 2367 circiter
1365 2324 1391 2365 2
1422 2326 1611 2365 horarum
1642 2325 1774 2376 spatio
1807 2323 1999 2363 metiren-

196 2392 260 2425 tur
291 2385 486 2436 majorem
518 2385 657 2424 Lunae
691 2391 852 2432 motum,
885 2398 1002 2438 quam
1034 2386 1176 2438 reliqui
1211 2399 1235 2425 a
1267 2393 1329 2428 ἑ
1363 2385 1414 2424 ad
1445 2387 1491 2434 ,ὅ
1521 2384 1680 2423 veloces
1713 2383 1892 2435 ejusdem
1923 2394 1999 2422 nu-

195 2444 305 2484 meri.
372 2443 519 2483 Cetera
551 2443 733 2484 similiter
765 2445 1051 2497 intelligantur.
1116 2446 1220 2486 Utra
1251 2444 1353 2484 ratio
1380 2444 1553 2483 valitura
1572 2442 1638 2487 sit,
1671 2446 1713 2481 et
1744 2441 1810 2494 qui
1841 2441 2001 2493 placeat

195 2509 381 2555 utraque,
428 2503 477 2542 ab
509 2503 586 2542 Ex.
621 2503 665 2541 T.
703 2503 896 2555 judicium
939 2509 1143 2556 exspecto.
1206 2505 1355 2543 Fateor
1387 2502 1563 2554 quidem,
1609 2500 1642 2540 si
1686 2512 1779 2540 vere
1825 2500 2001 2540 variaret

197 2575 383 2602 mensura
415 2567 564 2610 motus,
605 2575 720 2614 quam
755 2575 890 2602 omnes
924 2563 1248 2615 aequalissimam
1280 2566 1431 2614 ponunt
1462 2566 1503 2599 et
1534 2559 1759 2612 philosophi
1791 2564 1833 2599 et
1864 2563 1998 2599 astro-

198 2622 323 2671 nomi,
358 2635 407 2661 ex
439 2633 484 2660 eo
518 2634 595 2660 non
628 2622 766 2661 Lunae
801 2622 946 2661 saltem
979 2622 1050 2662 sed
1082 2628 1304 2662 ceterorum
1337 2620 1458 2660 etiam
1488 2619 1739 2671 planetarum
1771 2623 1903 2664 motus
1933 2616 1999 2657 in-

198 2681 386 2732 aequales
421 2680 686 2732 apparituros.
752 2679 833 2720 Sed
860 2680 898 2720 in
930 2681 1046 2721 Luna
1078 2681 1230 2721 duabus
1262 2679 1371 2719 horis
1402 2691 1501 2718 unus
1534 2677 1682 2729 gradus
1709 2677 1926 2726 conficitur,
1957 2675 1999 2728 in

197 2738 291 2779 Sole
325 2739 350 2779 5
384 2740 589 2791 scrupula,
634 2751 735 2791 quae
775 2753 798 2779 a
830 2739 1023 2792 principio
1056 2740 1211 2780 Arietis
1249 2742 1456 2778 numerata
1495 2735 1804 2776 declinationem
1839 2733 2001 2788 pariunt

197 2811 272 2837 non
305 2799 497 2851 majorem
524 2797 550 2838 2
583 2798 797 2850 scrupulis,
846 2803 887 2838 et
918 2799 1010 2851 quid
1042 2804 1144 2848 tum,
1193 2797 1226 2838 si
1259 2796 1435 2837 dicamus
1466 2796 1506 2836 in
1539 2793 1824 2834 constitutione
1857 2793 2000 2846 aequi-

197 2857 418 2898 noctiorum
459 2857 508 2897 ab
553 2857 878 2897 observatoribus
922 2862 1095 2897 erratum
1140 2869 1228 2897 esse
1267 2856 1461 2896 hactenus
1505 2854 1556 2893 ad
1600 2851 1628 2893 2
1658 2853 1777 2894 horas
1822 2857 1865 2893 et
1906 2864 1997 2892 esse

203 2914 255 2956 10
289 2916 484 2968 scrupulis
529 2917 718 2968 majorem
745 2916 1037 2956 semicirculum
1069 2916 1286 2963 aestivum,
1334 2925 1450 2966 quam
1486 2917 1652 2965 putatus
1684 2911 1739 2952 sit
1774 2910 1999 2952 hactenus?

198 2976 308 3014 Haec
341 2976 444 3015 enim
476 2980 593 3015 tanta
623 2988 700 3014 non
733 2980 843 3023 sunt,
884 2980 929 3015 ut
967 2976 1016 3015 ab
1048 2975 1402 3015 instrumentorum
1432 2971 1659 3012 subtilitate
1698 2970 1862 3023 coargui
1900 2981 1998 3022 pos-

199 3034 291 3073 sint.
356 3035 398 3073 In
433 3035 591 3074 Venere
625 3040 666 3074 et
685 3034 882 3074 Mercurio
913 3035 1090 3086 pauxillo
1123 3034 1250 3086 major
1280 3033 1348 3072 fiet
1377 3030 1602 3071 differentia
1634 3027 1660 3070 5
1687 3029 1894 3083 scrupulis,
1928 3027 2001 3069 sed
