2028 3242
203 115 219 157 l
230 113 286 156 60
882 112 1031 154 Mysterii
1057 112 1322 158 Cosmographici

690 253 747 294 IN
782 251 966 294 CAPUT
998 252 1262 294 DECIMUM
1294 253 1527 294 SEXTUM

898 335 1050 367 NOTAE
1077 335 1314 387 moronis.

303 405 345 452 a)
373 410 426 442 At
460 407 540 452 jam
581 406 617 441 in
648 407 763 441 lucem
799 408 956 453 prolatis
987 408 1358 453 contemplationibus
1395 407 1635 450 harmonicis,
1677 408 1802 444 decisa
1837 412 1895 443 est
1923 408 2016 443 haec

196 460 456 502 controversia,
499 460 564 496 lib.
595 460 638 495 V.
669 461 795 495 Harm.
852 461 1011 496 Primum
1052 461 1146 496 enim
1177 461 1388 506 corporibus
1418 461 1507 506 ipsis
1545 461 1703 508 quinque
1731 462 1901 497 ademtae
1931 465 2017 495 sunt

195 514 450 561 proportiones
481 513 621 548 orbium
651 525 700 548 ex
726 518 859 559 parte:
898 514 1030 549 ultima
1058 526 1106 549 sc.
1138 519 1177 549 et
1206 514 1482 549 absolutissima
1519 514 1659 550 orbium
1701 514 1892 561 proportio
1921 524 2015 548 com-

195 567 311 603 munis
341 571 399 601 est
427 567 530 601 facta
557 571 595 600 et
624 566 836 611 corporibus
867 571 906 602 et
933 568 1131 602 harmoniis
1163 579 1266 612 prop.
1298 568 1348 603 48
1378 572 1417 602 et
1447 568 1507 603 49.
1538 579 1620 613 cap.
1644 567 1707 604 IX.
1766 567 1846 609 Quo
1874 565 2017 602 nomine

196 621 287 656 nihil
329 633 376 655 ex
419 620 506 654 solis
536 620 749 665 corporibus
792 620 829 654 in
869 620 966 663 hanc
1006 621 1064 655 vel
1108 621 1208 656 illam
1247 625 1390 666 partem
1431 622 1476 655 de
1513 621 1620 656 Luna
1658 620 1839 667 disputari
1880 624 2015 665 potest.

195 674 338 709 Deinde
379 674 408 707 si
450 673 607 708 maxime
638 685 686 708 ex
716 673 802 708 solis
845 673 1003 719 quinque
1033 674 1246 719 corporibus
1287 674 1532 709 formarentur
1569 675 1826 721 proportiones
1864 672 2016 713 orbium,

195 727 305 772 hujus
335 731 460 762 tamen
489 726 717 761 formationis
748 728 872 762 modus
903 727 1019 768 alius,
1061 731 1103 761 ut
1131 727 1167 761 in
1196 738 1266 773 quo
1294 727 1483 773 inscriptio
1521 727 1663 763 orbium
1689 727 1848 774 physica
1877 727 2016 773 gradus

195 780 432 826 perfectionis
461 779 738 825 proportionum
766 780 1075 826 geometricarum
1105 781 1375 822 aemularetur,
1418 780 1607 815 stabilitus
1637 786 1696 816 est
1723 791 1830 827 prop.
1861 779 1925 815 46.
1953 779 2016 814 47.

196 833 320 868 Tertio
349 837 497 868 const-at
525 845 574 867 ex
603 833 767 867 omnibus
797 833 897 868 illius
929 833 1015 868 libri
1045 833 1294 868 axiomatibus
1323 838 1362 868 et
1391 833 1713 879 propositionibus,
1742 833 1909 869 ultimam
1927 831 2019 867 limi-

196 887 373 922 tationem
401 886 647 932 proportionis
678 886 938 921 diastematum
972 886 1050 921 fieri
1088 887 1332 922 necessariam
1367 892 1522 932 propter
1548 891 1668 922 mot-us
1694 888 1949 933 planetarum
1978 888 2020 919 ut

198 953 246 974 sc.
290 940 386 974 inter
424 943 609 974 extremos
651 944 770 974 motus
812 951 894 974 esse
936 944 1089 985 possent
1127 940 1341 975 harmoniae
1371 945 1509 975 certae.
1565 940 1602 975 Si
1642 941 1729 982 hoc,
1770 940 1877 975 nulla
1904 938 2019 985 igitur

200 998 327 1039 potest
354 991 486 1027 haberi
514 992 611 1027 ratio
639 993 768 1028 Lunae
798 993 948 1028 Terram
977 993 1342 1036 circumcursitantis,
1384 997 1427 1028 ut
1455 1004 1548 1039 quae
1589 993 1682 1029 nihil
1709 994 1851 1029 confert
1890 993 1936 1027 ad
1965 990 2017 1026 in-

200 1047 387 1081 citandum
415 1046 475 1080 vel
503 1047 768 1080 retardandum
797 1046 908 1081 ullius
937 1047 1113 1092 planetae
1142 1050 1289 1088 motum,
1319 1059 1386 1082 nec
1413 1047 1630 1082 curriculum
1649 1058 1753 1083 suum
1782 1046 1880 1082 circa
1897 1045 2019 1080 Solem

202 1104 366 1141 exercet,
396 1111 464 1134 nec
492 1111 539 1133 ex
562 1099 646 1133 Sole
676 1100 860 1146 regularis
890 1105 1048 1145 apparet
1077 1100 1156 1144 ejus
1186 1104 1317 1135 motus.
1375 1101 1469 1135 Nam
1497 1112 1546 1135 ex
1570 1100 1656 1136 Sole
1684 1100 1872 1147 inspectus
1890 1099 2019 1134 Lunae

200 1158 319 1189 motus
348 1153 535 1187 videretur
564 1153 754 1187 saltuatim
785 1153 965 1189 incedere.
1022 1153 1082 1189 Sic
1118 1153 1235 1199 igitur
1263 1154 1307 1188 de
1337 1154 1424 1188 orbe
1454 1153 1612 1188 Telluris
1653 1158 1711 1189 est
1748 1152 2017 1199 disputandum,

204 1218 246 1242 ac
275 1206 303 1241 si
332 1206 462 1241 Lunae
492 1207 634 1240 coelum
662 1207 800 1241 nullam
829 1206 862 1241 ei
893 1206 1095 1241 crassitiem
1121 1207 1283 1241 adderet.

308 1258 347 1302 b)
378 1260 480 1294 Haec
508 1259 655 1305 gemino
685 1271 793 1294 sensu
822 1264 980 1306 possunt
1009 1259 1147 1306 accipi;
1177 1260 1332 1305 primus,
1362 1259 1484 1295 textui
1512 1259 1750 1300 conveniens,
1779 1263 1838 1294 est
1864 1258 1940 1294 hic:
1978 1261 2022 1292 ut

205 1314 254 1348 sit
283 1312 425 1358 quidem
455 1312 552 1347 orbis
582 1324 660 1347 cum
688 1314 799 1354 nodo,
831 1315 893 1347 sed
923 1313 1132 1348 includatur
1161 1314 1283 1348 orbita
1311 1312 1508 1359 planetae,
1537 1317 1666 1349 tantae
1695 1311 1951 1358 spissitudinis,
1979 1314 2022 1346 ut

204 1367 319 1402 nodus
347 1366 408 1401 hic
437 1377 502 1400 seu
529 1366 656 1401 Lunae
686 1367 845 1408 coelum,
877 1367 998 1401 lateat
1026 1371 1143 1401 totum
1172 1366 1282 1408 intus,
1313 1366 1403 1402 nihil
1432 1366 1631 1413 impediens
1662 1365 1826 1401 extimae
1854 1364 2022 1400 intimae-

205 1431 276 1466 que
306 1419 510 1464 superficiei
539 1419 802 1455 rotunditatem
831 1420 1053 1454 absolutam.
1110 1420 1218 1455 Alter
1237 1431 1366 1455 sensus
1385 1420 1514 1455 horum
1532 1420 1725 1455 verborum
1752 1422 1881 1465 posset
1907 1417 2021 1463 arripi

208 1475 300 1508 iste:
344 1474 439 1518 quod
468 1473 503 1507 in
532 1484 671 1519 genere
701 1474 899 1508 absurdum
927 1473 990 1514 sit,
1033 1473 1175 1508 Lunam
1207 1473 1394 1508 circumire
1423 1474 1592 1516 Terram,
1635 1473 1718 1507 dum
1755 1472 1850 1508 haec
1876 1471 2021 1507 interim

206 1527 305 1561 circa
335 1526 458 1561 Solem
492 1526 637 1561 incedit.
696 1526 745 1561 Ut
784 1526 900 1572 igitur
936 1527 1031 1561 hanc
1060 1526 1170 1561 etiam
1213 1526 1455 1571 objectionem
1492 1527 1648 1562 diluam:
1691 1525 1788 1568 dico,
1829 1525 1925 1571 quod
1951 1525 2021 1560 hoc

208 1586 296 1614 tunc
325 1579 537 1614 concinnum
569 1579 679 1614 videri
709 1579 893 1625 potuerit,
937 1591 1015 1614 cum
1045 1581 1203 1614 nondum
1237 1579 1372 1615 detecti
1408 1585 1535 1615 essent
1560 1579 1726 1615 Joviales
1766 1579 1942 1624 planetae
1983 1581 2023 1612 et

205 1637 332 1667 cetera
361 1632 398 1667 in
428 1633 530 1667 coelo
561 1644 667 1667 nova.
725 1635 778 1667 At
805 1644 851 1668 ex
883 1644 953 1679 quo
983 1633 1050 1667 illa
1069 1633 1211 1675 scimus,
1243 1633 1455 1668 concinnum
1476 1643 1706 1680 nequaquam
1729 1631 1886 1678 amplius
1905 1629 2020 1666 videri

205 1687 325 1727 debet,
357 1698 427 1720 non
457 1698 550 1727 esse,
582 1687 675 1732 quod
706 1686 848 1720 omnino
879 1690 947 1726 est,
979 1688 1093 1720 nodus
1123 1698 1172 1722 sc.
1203 1687 1434 1733 quadruplex
1465 1687 1564 1723 circa
1591 1687 1740 1727 Jovem,
1771 1685 1803 1720 si
1830 1696 1896 1730 pro
1925 1685 2019 1720 nodo

205 1750 379 1785 corporeo
410 1739 534 1784 spatia
562 1739 821 1773 curriculorum
849 1739 1053 1785 intelligas,
1084 1739 1134 1773 sic
1164 1740 1260 1774 circa
1287 1741 1416 1775 Jovem
1445 1741 1704 1780 ordinatorum,
1737 1743 1781 1774 ut
1808 1737 1905 1773 circa
1933 1737 2019 1773 Ter-

205 1804 282 1827 ram
310 1793 439 1827 Lunae
476 1792 692 1827 curriculum
732 1792 937 1827 ordinatum
971 1798 1040 1827 est.
1097 1793 1191 1828 Nam
1228 1794 1272 1827 de
1302 1805 1478 1839 corporea
1507 1793 1646 1829 orbium
1685 1791 1873 1828 soliditate
1908 1800 2020 1836 supra

206 1845 297 1880 satis
329 1849 486 1887 cautum,
518 1850 557 1880 et
585 1850 738 1880 cavetur
766 1846 876 1880 etiam
906 1846 941 1880 in
971 1851 1080 1880 textu
1109 1846 1287 1892 sequenti.
1311 1842 1361 1891 ⁶⁸)

313 1896 347 1940 c)
378 1899 582 1933 Consensus
619 1899 654 1933 in
692 1899 762 1933 hoc
798 1899 992 1933 multorum
1030 1911 1098 1944 per
1126 1911 1248 1933 omnes
1278 1903 1423 1935 aetates
1457 1899 1775 1945 philosophorum,
1817 1896 1879 1944 qui
1905 1903 2019 1942 supra

208 1953 342 1998 vulgus
378 1962 511 1996 sapere
546 1956 632 1986 sunt
667 1951 764 1991 ausi;
805 1952 994 1997 Diogenes
1022 1953 1194 1987 Laertius
1224 1955 1478 1998 Anaxagorae
1503 1951 1666 1992 «tribuit3
1705 1951 1800 1986 libro
1833 1961 1931 1992 meo,
1961 1948 2019 1984 cui

208 2005 357 2040 titulus:
389 2006 435 2038 ad
466 2005 699 2039 Vitellionem
725 2005 1021 2050 Paralipomena,
1053 2006 1173 2050 capite
1202 2006 1246 2039 de
1274 2006 1355 2040 luce
1385 2006 1553 2046 siderum,
1587 2004 1752 2051 allegavi
1779 2003 2019 2042 Plutarchum

208 2059 251 2092 de
281 2057 374 2092 facie
402 2058 542 2092 Lunae.
600 2058 745 2092 Citatur
774 2062 812 2092 et
839 2058 1061 2093 Aristoteles
1090 2059 1137 2093 ab
1155 2061 1332 2093 Averroe.
1388 2060 1525 2093 Verum
1551 2058 1622 2092 hoc
1650 2059 1785 2104 dogma
1810 2061 2018 2102 postremus

209 2111 400 2146 Galilaeus
430 2110 631 2156 telescopio
659 2110 814 2157 Belgico
844 2111 1194 2146 confirmatissimum
1230 2111 1398 2148 reddidit.
1455 2111 1547 2146 Vide
1582 2110 1694 2146 etiam
1723 2109 2019 2150 dissertationem

206 2175 321 2199 meam
351 2175 429 2198 cum
458 2164 587 2198 nuncio
618 2164 759 2198 sidereo
790 2164 963 2199 Galilaei.

311 2214 348 2259 d)
379 2218 492 2251 Certa
519 2217 661 2263 quidem
691 2221 749 2252 est
776 2217 965 2263 proportio
995 2218 1088 2258 ista,
1130 2229 1178 2252 sc.
1210 2228 1303 2263 quae
1337 2219 1352 2252 l
1386 2218 1430 2252 ad
1462 2217 1511 2253 59
1552 2217 1713 2253 circiter:
1752 2220 1793 2252 at
1828 2214 2018 2262 proportio

205 2270 364 2316 corporis
394 2270 489 2304 Solis
527 2272 572 2304 ad
611 2271 733 2304 orbem
763 2271 933 2305 Mercurii
972 2275 1030 2306 est
1066 2271 1180 2316 paulo
1210 2270 1306 2313 alia;
1349 2282 1396 2306 sc.
1438 2283 1511 2306 non
1539 2270 1678 2306 medius
1709 2269 1806 2305 orbis
1833 2267 2016 2309 Mercurii,

205 2325 266 2359 sed
295 2323 441 2358 intimus
471 2328 510 2358 et
538 2323 819 2369 angustissimus
849 2329 907 2359 est
935 2325 1193 2364 assumendus;
1233 2324 1289 2359 cui
1317 2324 1354 2359 in
1383 2325 1528 2359 tabella
1558 2324 1688 2370 capitis
1721 2323 1768 2360 15
1806 2323 2018 2358 tribuuntur

210 2379 294 2418 14⁰,
338 2388 417 2411 cum
445 2376 539 2411 Solis
575 2377 844 2412 semidiameter
884 2390 933 2412 ex
960 2380 1088 2412 eadem
1123 2378 1270 2412 Tellure
1306 2377 1513 2423 inspectus,
1555 2377 1744 2412 contineat
1780 2376 1921 2411 minuta
1951 2374 2016 2415 15;

204 2442 315 2477 quare
345 2430 421 2464 fere
450 2434 509 2464 est
536 2431 724 2475 proportio
758 2441 852 2476 quae
886 2432 901 2465 1
936 2433 982 2466 ad
1011 2431 1074 2466 56.
2023 2433 2028 2436 ”

311 2481 347 2526 e)
377 2484 436 2518 Ita
465 2483 606 2529 quidem
635 2488 722 2518 tunc
751 2485 966 2525 censebam;
1007 2489 1048 2519 at
1075 2487 1208 2529 postea
1243 2483 1279 2518 in
1309 2484 1506 2519 Comment.
1548 2484 1592 2517 de
1619 2483 1741 2518 Marte
1769 2493 1814 2516 ne
1842 2482 1912 2516 hoc
1939 2480 2016 2527 qui-

206 2539 286 2572 dem
314 2537 506 2571 intellectu
535 2537 572 2571 in
600 2541 738 2571 motore
769 2549 859 2583 opus
889 2549 970 2572 esse
999 2537 1256 2572 demonstravi.
1312 2537 1405 2572 Nam
1424 2536 1494 2571 etsi
1514 2535 1768 2581 proportiones
1788 2539 1913 2570 certae
1933 2539 2019 2569 sunt

206 2590 460 2636 praescriptae
489 2590 645 2625 motibus
676 2590 863 2633 omnibus,
907 2591 1013 2637 idque
1043 2592 1091 2626 ab
1119 2589 1373 2636 intelligentia
1400 2589 1483 2635 ipsa
1509 2599 1682 2634 suprema
1712 2591 1751 2622 et
1778 2588 1907 2629 unica,
1948 2587 2018 2622 hoc

206 2649 272 2684 est,
306 2655 329 2678 a
356 2644 435 2678 Deo
465 2648 649 2678 creat-ore:
687 2643 775 2678 illae
805 2649 927 2679 tamen
962 2643 1219 2690 proportiones
1247 2648 1409 2678 motuum
1437 2642 1519 2677 inde
1558 2653 1581 2676 a
1609 2641 1796 2677 creatione
1828 2641 2017 2687 hucusque

205 2701 468 2731 conservantur
496 2696 755 2738 invariabiles,
787 2709 857 2732 non
886 2709 953 2743 per
980 2698 1210 2732 intellectum
1239 2696 1397 2742 aliquem
1426 2695 1556 2730 motori
1586 2699 1829 2736 concreatum,
1859 2694 1923 2728 sed
1949 2703 2018 2740 per

206 2751 295 2783 duas
323 2761 382 2783 res
413 2750 523 2789 alias;
554 2750 671 2795 prima
701 2755 767 2791 est,
800 2751 1099 2796 aequabilissima
1128 2755 1167 2784 et
1193 2748 1364 2795 perennis
1392 2748 1530 2783 rotatio
1559 2747 1720 2794 corporis
1748 2746 1908 2788 solaris,
1937 2757 2017 2782 cum

207 2802 326 2847 specie
357 2803 411 2837 sui
449 2803 714 2844 immateriata,
754 2803 791 2838 in
820 2808 936 2838 totum
971 2805 1139 2838 mundum
1169 2806 1385 2843 emanante,
1422 2812 1516 2846 quae
1556 2801 1696 2847 species
1724 2800 1839 2835 vicem
1867 2799 2016 2834 motoris

206 2860 394 2899 praestat;
426 2857 548 2891 altera
576 2867 689 2891 causa
718 2861 803 2891 sunt
831 2858 1054 2892 libramenta
1082 2861 1121 2891 et
1147 2855 1379 2902 magneticae
1400 2854 1617 2889 directiones
1638 2863 1829 2899 corporum
1856 2852 2017 2898 ipsorum

207 2908 390 2942 mobilium
418 2909 661 2944 immutabilia
689 2914 727 2944 et
754 2910 943 2955 perennia.
1001 2911 1050 2945 Ut
1078 2910 1129 2944 sic
1158 2919 1375 2955 aequenon
1402 2907 1520 2953 magis
1549 2906 1598 2942 sit
1626 2917 1716 2952 opus
1737 2906 1916 2941 creaturis
1936 2905 2016 2941 istis

208 2961 399 2995 intellectu
441 2963 486 2995 ad
521 2964 676 2997 tuendas
712 2967 874 2998 motuum
910 2963 1183 3009 proportiones,
1227 2966 1339 3006 atque
1379 2960 1498 2995 librae
1530 2959 1697 2994 lancibus
1726 2964 1766 2994 et
1795 2958 2016 3005 ponderibus

208 3018 328 3047 mente
358 3018 415 3047 est
444 3026 534 3059 opus
565 3017 610 3049 ad
638 3017 860 3060 prodendam
890 3017 1163 3062 proportionem
1190 3015 1403 3060 ponderum.
1460 3013 1543 3047 Etsi
1581 3017 1666 3047 sunt
1694 3012 1771 3047 alia
1797 3015 2018 3058 argumenta

211 3066 339 3111 quibus
370 3068 559 3111 probatur,
590 3068 709 3102 inesse
731 3069 766 3103 in
787 3070 1000 3115 corporibus
1021 3070 1256 3115 planetarum
1277 3067 1409 3101 saltem
1429 3066 1587 3101 Telluris
1607 3070 1647 3100 et
1665 3065 1760 3101 Solis
1789 3065 2016 3100 intellectum

209 3119 377 3165 aliquem,
408 3131 479 3154 non
508 3121 647 3166 quidem
676 3122 984 3165 ratiocinativum,
1018 3122 1117 3158 utin
1136 3120 1300 3161 homine;
1334 3123 1500 3155 attamen
1519 3119 1729 3154 instinctum
1755 3122 1797 3153 ut
1814 3118 1852 3153 in
1871 3118 2014 3164 planta,
