1982 3268
101 63 159 109 40
860 123 865 129 .
896 63 1111 101 Prooemium.

101 173 286 226 generale
319 176 432 213 esset
463 172 680 226 decretum,
711 173 897 227 princeps
930 169 1106 214 o'fficium
1136 173 1478 215 meumneutrale
1504 186 1593 214 esse
1613 179 1813 216 exemtum
1832 174 1906 215 de-

101 233 286 281 clararet,
320 245 369 272 ne
390 232 461 272 illo
482 232 642 273 decreto
662 233 820 274 veniam
839 233 878 274 in
909 234 1144 286 periculum,
1177 234 1211 274 si
1231 246 1360 274 morer
1383 234 1424 274 in
1444 233 1660 286 provincia.
1718 234 1907 287 Respon—
1970 259 1977 274 2

98 305 184 333 sum
216 296 278 332 est
310 291 373 332 his
406 291 560 332 verbisz
595 293 690 341 „Ihr
709 292 874 334 Durchl.
896 294 1040 334 wellen
1069 306 1164 333 auss
1196 294 1366 333 sondern
1399 293 1557 345 gnaden
1586 293 1799 346 verwilligt
1829 292 1907 334 ha-

0 339 4 361 *
37 322 59 410 l
98 353 201 401 ben,
253 352 348 392 dass
382 350 622 404 Supplicant
652 352 867 404 Ungeacht
900 353 972 392 der
1003 353 1167 406 general
1207 353 1491 405 ausschaffung
1527 357 1604 393 etc.
1639 353 1741 393 noch
1774 354 1910 406 lenger

35 414 40 424 ¹
100 411 219 451 allhie
251 411 480 467 verbleiben
514 417 643 463 moge.
707 412 820 452 Doch
853 412 929 452 soll
963 426 1006 452 er
1037 412 1120 452 sich
1143 412 1413 453 allenthalben
1440 412 1690 463 gebfirlicher
1707 412 1907 454 Beschai-

22 425 38 544 l
100 471 263 511 denheit
303 471 554 524 gebrauchen
599 471 677 511 und
722 471 806 511 sich
851 472 938 512 also
982 471 1298 512 anerweislich
1339 472 1568 521 verhalten,
1614 471 1741 512 damit
1771 473 1824 513 Ir.
1855 470 1906 513 D.

23 546 28 563 ι
99 530 263 572 solliche
295 530 409 586 guad,
433 530 553 570 wider
585 531 830 571 aufzuheben
864 531 921 572 nit
955 531 1385 572 verursacht·werde.“
1436 531 1593 572 Dicitur
1615 531 1802 584 princeps
1835 531 1907 573 de-

0 581 43 629 ll
102 589 244 631 lectari
274 585 374 631 meis
406 590 712 639 inventionibus,
747 597 788 630 et
819 591 1030 631 Manechio
1063 591 1222 643 quidam
1254 590 1504 632 consiliarius
1531 590 1635 631 solet
1655 591 1706 631 ad
1724 603 1786 631 me
1807 590 1909 631 scri-

99 651 207 696 bere,
240 650 345 690 unde
378 650 581 689 faventem
612 649 741 692 habeo
775 651 920 691 aulam.
986 649 1093 696 Quid
1125 650 1283 690 autem?
1315 650 1566 691 Manebone?
1608 650 1668 691 At
1699 663 1749 690 ex
1778 650 1907 694 omni-

99 709 174 750 bus
205 709 332 751 tribus
362 708 581 762 provinciis
620 709 750 749 exacti
791 709 964 750 ministri
1002 709 1163 762 publici.
1227 709 1378 750 Latent
1420 709 1511 750 hinc
1555 709 1645 750 inde
1682 710 1829 763 privati
1868 709 1908 750 in

99 769 270 810 arcibus.
335 768 393 809 At
425 768 459 809 si
491 768 578 821 quis
610 767 686 809 civi
719 769 909 821 principis
941 769 1116 809 venienti
1146 769 1301 821 petenti
1331 769 1500 821 porrigit
1531 774 1836 814 sacramentum,
1869 775 1907 809 et

100 830 187 882 ipse
219 826 393 881 pellitur.
457 826 622 868 Civibus
658 828 857 880 imperata
889 826 958 870 26.
991 829 1095 870 Nov.
1129 828 1320 880 parochia
1351 829 1471 877 urbis,
1506 843 1531 869 a
1550 841 1628 881 qua
1645 834 1788 881 petant
1807 829 1909 880 bap-

99 890 274 937 tismum,
309 887 609 928 benedictiones
642 888 915 940 conjugiorum
950 888 1054 937 „und
1088 888 1234 927 andere
1255 887 1521 940 'dergleichen
1541 888 1735 929 heilsame
1757 887 1908 929 Sacra-
1964 902 1968 904 “

99 952 230 989 mente
261 945 340 987 und
363 946 1000 1002 Gottesdienstbesuechungen“.
1048 947 1117 987 lbo
1151 947 1299 1014 igitpr?
1347 948 1408 988 At
1437 960 1537 989 uxor
1568 948 1763 988 adhaeret
1793 947 1908 988 bonis

102 1007 186 1050 suis
219 1013 260 1047 et
292 1006 377 1059 spei
409 1006 600 1046 boneium
626 1006 856 1059 pat1i01·.um
907 1007 1104 1048 Videntur
1136 1006 1266 1046 omnia
1297 1006 1530 1056 deserenda,
1565 1013 1684 1060 atque
1715 1007 1804 1060 ipsa
1835 1007 1910 1048 ad-

104 1080 151 1107 eo
182 1066 368 1120 privigna
393 1079 484 1107 mea
515 1064 542 1109 8
575 1079 778 1115 annorum,
811 1066 929 1119 paulo
948 1073 1043 1119 post
1061 1066 1230 1119 papatui
1248 1066 1454 1116 initianda,
1488 1067 1522 1108 si
1544 1073 1714 1108 matrem
1734 1067 1908 1108 amittat.

100 1127 200 1168 Tum
234 1126 321 1179 quis
355 1125 442 1173 scit,
478 1126 543 1178 qui
575 1131 709 1166 status
741 1124 813 1166 vos
847 1126 901 1166 sit
931 1127 1023 1179 post
1048 1127 1148 1167 haec
1180 1131 1432 1179 excepturus.
1483 1126 1682 1167 Maturuit
1710 1126 1912 1167 vindemia

100 1187 183 1227 irae
215 1185 291 1226 Dei
325 1186 446 1225 etiam
479 1185 586 1238 apud
617 1198 703 1226 vos.
768 1185 1079 1226 Tumultuantur
1109 1185 1254 1226 omnia.
1319 1186 1476 1239 Itaque,
1510 1186 1614 1239 quod
1646 1185 1733 1238 jam
1757 1186 1911 1239 pridem

100 1259 202 1299 ago,
248 1257 367 1297 agere
398 1257 579 1298 pergam.
643 1245 782 1296 Neque
814 1245 1151 1297 Wirtembergico
1185 1245 1442 1297 supplicabO,
1487 1245 1720 1299 priusquam
1749 1245 1909 1299 penitus
1961 1272 1963 1277 ι

104 1305 304 1354 extr,udar
339 1317 464 1356 neque
497 1304 531 1344 si
564 1317 641 1357 qua
673 1274 912 1345 St¹uccardia
943 1305 1037 1345 mihi
1070 1304 1250 1345 imminet
1282 1304 1451 1353 vocatio,
1486 1305 1699 1357 impediam
1730 1309 1801 1346 aut
1831 1305 1908 1345 im-
1956 1334 1963 1345 2

102 1356 281 1419 peditam
313 1363 475 1416 optabo.
537 1363 644 1405 Nam
677 1363 710 1403 si
742 1364 836 1404 talis
869 1377 994 1405 causa
1023 1364 1220 1417 horologii
1251 1364 1409 1404 vocatio
1436 1364 1604 1413 venerit,
1638 1377 1795 1417 semper
1813 1363 1910 1405 mihi
1962 1368 1965 1418 ᾗ

105 1425 181 1465 erit
211 1425 423 1476 integrum,
458 1423 679 1463 deliberare
714 1424 760 1462 de
795 1420 1074 1476 amplectenda
1105 1431 1174 1479 aut
1206 1423 1445 1465 declinanda
1475 1424 1558 1465 illa.
1621 1423 1713 1465 Nisi
1739 1424 1846 1464 aliud
1866 1429 1912 1464 tu
1963 1438 1965 1445 ·

104 1491 146 1525 et
165 1483 357 1536 Collegae
390 1487 431 1523 et
449 1483 500 1523 D.
523 1483 795 1523 Haferefferus
832 1484 1065 1531 consulatis,
1100 1496 1262 1538 quorum
1295 1483 1465 1524 omnium
1496 1483 1663 1524 consilia
1693 1483 1772 1525 etsi
1793 1483 1912 1524 foeda
1960 1487 1967 1522 ἑ

101 1544 177 1584 hac
208 1556 327 1583 manu
357 1547 399 1582 et
418 1542 574 1594 pictura
595 1542 752 1592 literae,
785 1555 834 1582 ex
861 1543 990 1583 animo
1011 1549 1144 1584 tamen
1167 1548 1208 1583 et
1228 1555 1315 1583 cum
1336 1542 1472 1583 debita
1491 1542 1719 1583 reverentia
1738 1548 1909 1596 expetoz
1962 1592 1965 1594 q

101 1607 334 1657 praestetne
377 1614 438 1642 me
482 1602 546 1642 hic
592 1614 711 1653 agere
751 1602 1101 1652 mathematicum,
1147 1603 1302 1655 qualem
1335 1602 1468 1657 Tycho
1510 1602 1684 1650 (ratione
1725 1602 1803 1643 loci
1833 1614 1910 1643 non

104 1661 358 1710 eruditionis)
389 1661 425 1701 in
445 1661 590 1710 Dama,
626 1661 848 1702 solitarium
882 1675 939 1702 sc.
974 1675 1046 1702 nec
1078 1662 1155 1702 nisi
1176 1661 1337 1713 scriptis
1358 1662 1453 1701 olim
1474 1662 1711 1715 loquentem,
1745 1674 1797 1702 an
1817 1673 1911 1702 vero

103 1722 240 1762 venari
272 1720 502 1762 occasiones
533 1720 720 1774 loquendi
761 1721 808 1760 de
854 1722 1047 1762 cathedra
1084 1721 1124 1761 in
1163 1722 1296 1774 aliqua
1334 1722 1436 1762 forte
1481 1721 1720 1763 academia?
1781 1719 1912 1768 Quam
1948 1721 1954 1727 ’

106 1781 378 1835 quaestionem
428 1781 515 1822 loco
562 1780 840 1820 valedictionis
879 1786 929 1821 et
959 1780 1160 1822 officiosae
1205 1781 1459 1845 salutationis
1498 1781 1679 1822 omnibus
1718 1793 1910 1848 propono.

105 1842 381 1893 Valete,p10
412 1840 527 1880 nobis
559 1844 683 1880 orate.
747 1837 787 1880 9.
821 1840 985 1882 Decem.
1048 1846 1100 1881 st.
1117 1852 1154 1881 11.
1189 1838 1285 1882 98

475 1899 551 1940 Ex.
585 1900 631 1939 T.
692 1898 824 1940 Notus
1036 1930 1039 1931 ν
1397 1898 1458 1939 Μ.
1490 1891 1670 1953 Kepler,

833 1997 838 2002 ,
1142 1958 1357 1999 Procerum
1390 1957 1551 2011 styriae
1582 1958 1910 1999 Mathematicus.

199 2076 426 2118 Keplerus‚
453 2080 491 2108 ut
515 2083 613 2118 supra
625 2075 1010 2118 Maestlinoscripserat,
1039 2076 1233 2121 Galilaeo
1258 2075 1471 2109 Prodromum
1496 2085 1590 2109 snum
1612 2074 1788 2108 Pataviam
1810 2076 1911 2114 misit,

107 2127 161 2170 qui
186 2126 311 2168 gratias
337 2125 405 2167 egit
431 2134 487 2166 pro
513 2134 647 2156 munere
672 2124 722 2155 his
747 2125 872 2156 verbis:

200 2195 334 2228 Librum
357 2199 470 2231 tuum,
496 2195 681 2227 doctissime
706 2195 771 2235 vir,
800 2205 821 2227 a
844 2194 882 2227 P.
909 2195 1107 2238 Ambergero
1134 2195 1176 2227 ad
1200 2204 1253 2227 me
1277 2195 1411 2227 missum
1437 2195 1573 2236 accepi,
1599 2203 1666 2226 non
1689 2192 1912 2239 quidemffdie-

107 2245 179 2280 bus,
205 2243 264 2276 sed
286 2243 400 2284 paucis
425 2242 543 2274 abhinc
567 2242 673 2279 horis;
701 2252 838 2284 cumque
863 2243 949 2274 idem
965 2242 1088 2275 Paulus
1115 2243 1154 2275 de
1180 2252 1238 2274 suo
1262 2243 1369 2275 reditu
1393 2243 1427 2274 in
1441 2242 1652 2274 Germaniam
1668 2250 1797 2273 mecum
1813 2241 1913 2273 verba.

108 2293 253 2328 faceret,
278 2292 399 2333 ingrati
424 2291 567 2331 profecto
594 2290 693 2322 animi
718 2290 862 2322 futurum
888 2300 958 2323 esse
984 2291 1181 2326 existimavi,
1215 2291 1279 2322 nisi
1302 2291 1392 2323 hisce
1418 2291 1518 2322 literis
1542 2289 1602 2321 tibi
1627 2289 1667 2322 de
1691 2297 1825 2320 munere
1851 2297 1911 2320 ac-

113 2343 206 2381 cepto
232 2339 356 2381 gratias
383 2347 525 2380 agerem.
576 2338 647 2379 Ago
672 2339 771 2380 igitur
796 2342 829 2370 et
853 2348 962 2370 rursus
988 2348 1086 2380 quam
1110 2339 1270 2370 maximas
1297 2348 1371 2381 ago,
1398 2338 1483 2380 quod
1506 2347 1559 2369 me
1583 2337 1644 2368 tali
1668 2337 1860 2378 argumento
1877 2336 1912 2367 in

112 2392 204 2419 tuam
229 2386 407 2418 amicitiam
433 2394 610 2417 convocare
636 2386 678 2416 sis
704 2386 868 2427 dignatus.
918 2386 966 2417 Ex
991 2386 1070 2417 libro
1096 2386 1143 2417 nil
1169 2385 1275 2418 adhuc
1301 2386 1386 2423 vidi,
1411 2386 1474 2417 nisi
1498 2384 1755 2426 praefationem,
1781 2392 1822 2414 ex
1845 2391 1912 2424 qua

112 2439 225 2467 tamen
249 2433 569 2476 quantulumcunque
594 2438 685 2464 tuam
709 2435 839 2474 percepi
863 2434 1100 2471 intentionem,
1128 2437 1162 2466 et
1185 2434 1328 2474 profecto
1354 2442 1556 2475 summopere
1580 2430 1748 2474 gratulor,
1781 2433 1912 2462 tantum

113 2492 165 2514 me
196 2483 230 2514 in
259 2481 450 2523 indaganda
479 2481 616 2512 veritate
650 2482 773 2512 socium
797 2481 918 2513 habere
945 2481 1090 2523 adeoque
1115 2482 1215 2523 ipsius
1239 2482 1385 2513 veritatis
1412 2481 1564 2513 amicum.
1613 2477 1799 2510 Miserabile
1825 2478 1912 2510 enim

115 2534 180 2566 est,
208 2530 290 2562 adeo
315 2538 404 2561 raros
430 2538 502 2560 esse
527 2528 672 2560 veritatis
697 2529 880 2567 studiosos,
908 2534 941 2560 et
965 2530 1020 2571 qui
1044 2540 1110 2561 non
1134 2539 1319 2570 perversam
1343 2526 1591 2574 philosophandi
1615 2526 1777 2558 rationem
1800 2534 1911 2567 prose-

115 2581 276 2619 quantur.
303 2580 338 2608 at
362 2577 439 2618 quia
463 2586 527 2608 non
553 2575 744 2617 deplorandi
767 2578 869 2608 nostri
894 2577 996 2609 seculi
1017 2577 1165 2610 miserias
1189 2577 1243 2609 hic
1265 2577 1355 2609 locus
1372 2581 1434 2612 est,
1459 2575 1517 2607 sed
1533 2579 1643 2606 tecum
1661 2571 1948 2615 congratulandi*

116 2625 156 2657 de
180 2624 400 2678 pulcherrimis
424 2624 457 2655 in
482 2624 627 2656 veritatis
653 2623 931 2656 confirmationem
955 2626 1119 2657 inventis:
1155 2625 1228 2656 ideo
1259 2624 1321 2656 hoc
1351 2626 1482 2655 tantum
1512 2621 1634 2654 addam
1665 2624 1698 2652 et
1721 2619 1908 2662 pollicebar,

116 2682 167 2704 me
193 2681 296 2714 aequo
322 2671 430 2703 animo
454 2671 569 2703 librum
595 2675 687 2702 tuum
711 2671 928 2712 perlectnmm
953 2682 1035 2712 esse,
1061 2683 1134 2705 cum
1159 2677 1266 2704 certus
1291 2672 1361 2708 sim,
1386 2680 1439 2702 me
1462 2668 1679 2711 pulcherrima
1701 2669 1735 2699 in
1752 2668 1822 2709 ipso
1839 2675 1911 2699 esse

117 2723 327 2760 reperturum.
376 2718 415 2750 Id
440 2723 552 2762 autem
577 2729 614 2751 eo
638 2718 790 2751 libentius
815 2719 948 2756 faciam,
974 2713 1059 2761 quod
1083 2721 1117 2752 in
1136 2719 1312 2762 Copernici
1323 2718 1519 2761 septentiam
1535 2716 1645 2748 multis
1670 2715 1789 2748 abhinc
1815 2714 1918 2759 annis
1944 2756 1947 2762 .

118 2767 278 2809 venerim,
313 2775 353 2797 ac
378 2776 417 2797 ex
441 2767 500 2798 tali
524 2766 694 2808 positione
699 2766 879 2798 multorum
905 2767 1005 2798 etiam
1029 2767 1229 2799 naturalium
1254 2765 1433 2798 affectuum
1457 2773 1579 2796 causae
1604 2764 1670 2794 sint
1695 2772 1716 2794 a
1738 2771 1791 2794 me
1817 2751 1909 2794 adin-

119 2816 255 2851 ventae,
294 2822 377 2854 quae
402 2813 497 2845 dubio
522 2814 633 2855 procul
656 2824 714 2855 per
739 2824 941 2846 communem
966 2815 1161 2856 hypothesin
1184 2812 1426 2854 inexplicabiles
1451 2814 1535 2843 sunt.
1586 2810 1710 2842 Multas
1737 2808 1911 2850 conscripsi

121 2863 155 2892 et
178 2861 320 2892 rationes
345 2863 378 2891 et
396 2866 657 2903 argumentorum
681 2862 715 2893 in
741 2863 937 2894 contrarium
962 2863 1154 2898 eversiones,
1180 2870 1260 2902 quas
1284 2865 1396 2892 tamen
1417 2860 1451 2891 in
1467 2859 1573 2890 lucem
1589 2858 1755 2899 hucusque
1770 2856 1912 2898 proferre
1945 2891 1948 2895 Δ

0 2923 18 2932 -
22 2931 51 2941 f
108 2917 186 2945 jaon
210 2917 280 2938 sum
306 2916 427 2944 ansus,
459 2909 589 2940 fortuna
613 2910 712 2950 ipsius
738 2909 907 2951 Copernici
930 2910 1151 2951 praeceptoris
1174 2907 1276 2940 nostri
1299 2907 1509 2949 perterritus:
1549 2906 1603 2948 qui
1633 2905 1711 2937 licet
1740 2904 1800 2936 sibi
1825 2902 1912 2946 apud

0 2953 5 2957 ’
123 2954 247 2995 aliquos
263 2954 476 2986 immortalem
492 2955 614 2987 famam
630 2957 804 2996 paraverit,
830 2958 917 2998 apud
940 2957 1081 2989 infinitos
1106 2961 1217 2989 tamen
1241 2953 1368 2994 (tantus
1386 2955 1472 2986 enim
1490 2957 1540 2986 est
1555 2953 1725 2984 stultorum
1741 2948 1910 2990 numerus)

122 3001 275 3034 ridendus
299 3004 333 3033 et
357 3001 574 3041 explodendus
599 3003 727 3043 prodiit.
777 3005 940 3037 Auderem
975 3004 1119 3046 profecto
1152 3011 1243 3035 meas
1278 3002 1491 3044 cogitationes
1526 3009 1694 3042 promere,
1732 2999 1760 3030 si
1792 2998 1912 3040 plures,

127 3048 230 3091 qualis
253 3051 290 3080 tu
312 3057 357 3087 es,
384 3052 552 3085 extarent3
579 3054 614 3080 at
639 3059 711 3081 cum
735 3061 801 3083 non
825 3052 906 3088 sint,
932 3051 1114 3092 hujusmodi
1137 3050 1269 3092 negotio
1294 3048 1518 3090 supersedebo.
1567 3046 1733 3088 Temporis
1757 3045 1912 3087 angustia

128 3100 162 3130 et
184 3095 289 3128 studio
312 3095 426 3127 librum
450 3099 542 3129 tuum
565 3095 695 3138 legendi
719 3107 824 3133 vexor
852 3108 951 3139 quare
975 3099 1050 3132 huic
1075 3097 1172 3133 finem
1196 3098 1364 3140 imponens
1388 3096 1436 3128 tui
1459 3105 1512 3127 me
1537 3093 1794 3128 amantissimum
1811 3096 1910 3142 atque
