2028 3242
566 685 640 733 IN
690 684 936 734 OPERA
987 686 1518 740 ASTROLOGICA

788 814 979 856 NOTAE
1011 816 1292 884 EDITORIS.

255 1031 291 1073 1)
317 1043 347 1074 p.
376 1030 455 1063 310.
506 1032 602 1064 Haec
626 1032 795 1065 literarum
819 1032 956 1074 Kepleri
980 1042 1059 1076 pars
1084 1035 1171 1076 prior
1196 1035 1238 1067 ab
1263 1036 1459 1068 amanuensi
1489 1035 1639 1077 imperito
1676 1034 1842 1077 descripta
1866 1035 1950 1068 adeo

135 1081 260 1114 lacunis
287 1086 321 1113 et
344 1080 472 1112 mendis
497 1079 683 1112 deformata
708 1083 778 1116 est.
810 1084 848 1112 ut
874 1090 974 1123 aegre
1000 1091 1041 1114 ex
1064 1083 1288 1124 manuscripto
1312 1082 1409 1120 haec,
1443 1092 1529 1124 quae
1553 1081 1683 1126 paginis
1709 1079 1778 1114 306
1803 1091 1847 1114 ss.
1873 1092 1946 1125 pro-

133 1129 311 1169 posuimus,
338 1127 628 1160 enucleaverimus.
679 1127 732 1160 Ne
758 1137 834 1170 ergo
861 1137 984 1172 aequus
1009 1129 1114 1162 lector
1139 1139 1198 1169 ea,
1235 1139 1319 1172 quae
1345 1130 1452 1162 minus
1477 1134 1554 1162 sunt
1577 1129 1753 1172 perspicua
1775 1129 1826 1163 vel
1850 1129 1949 1172 plane

133 1177 282 1212 obscura,
309 1175 401 1206 nobis
426 1175 566 1216 imputet
591 1175 743 1215 petimus.

253 1220 289 1262 2)
316 1233 347 1263 p.
375 1219 454 1253 331.
506 1221 555 1254 Jo
570 1231 709 1253 annes
735 1221 994 1255 Fernelius
1029 1221 1113 1263 (nat.
1141 1216 1309 1257 Arvernae
1334 1223 1547 1257 Picardorum
1571 1232 1603 1257 a.
1631 1221 1744 1261 1506·
1768 1223 1949 1265 professus

134 1270 274 1302 Lutetiis
299 1269 498 1301 Parisiorum
525 1272 629 1301 artem
654 1268 835 1307 medicam,
863 1269 1018 1302 archiatri
1042 1280 1177 1303 munere
1202 1271 1335 1304 functus
1359 1271 1513 1314 Reginae
1531 1270 1735 1304 Gathar-inae
1751 1269 1947 1309 nemnem

133 1322 225 1349 mort.
256 1314 363 1356 1558)
389 1316 520 1357 saepius
546 1325 567 1348 a
591 1316 735 1357 Keplero
759 1321 958 1349 memoratur
983 1327 1059 1350 cum
1082 1318 1115 1349 in
1141 1319 1236 1350 rebus
1260 1319 1523 1355 mathematicis,
1549 1322 1621 1351 tum
1645 1318 1773 1360 opticis.
1814 1317 1945 1356 „Incla-

131 1366 197 1397 ruit
222 1374 334 1406 opere,
371 1364 454 1406 quod
480 1363 665 1395 inscribitur
691 1363 1005 1397 Cosmotheoria
1030 1362 1121 1403 (Par.
1151 1363 1278 1405 1528).
1315 1367 1348 1398 in
1373 1375 1440 1408 qua
1464 1365 1656 1398 coelestium
1681 1373 1850 1406 corporum
1875 1375 1943 1398 mo-

135 1417 203 1443 tum
218 1435 226 1449 ,
254 1412 368 1448 situm,
394 1410 656 1452 magnitudinem
683 1414 716 1443 et
741 1410 921 1443 theoricam
948 1412 1132 1454 explicavit.
1182 1413 1281 1444 Porro
1309 1417 1446 1445 conatus
1471 1415 1522 1445 est
1545 1411 1706 1455 indagare
1731 1415 1842 1444 veram
1865 1421 1946 1456 gra-

134 1460 232 1491 duum
257 1459 430 1490 meridiani
448 1457 622 1489 Terrestris
648 1458 870 1499 quantitatem
895 1462 929 1490 et
952 1460 1052 1500 ipsius
1070 1459 1193 1492 Terrae
1217 1459 1444 1502 peripheriam,
1471 1469 1534 1502 quo
1557 1458 1670 1492 labore
1696 1458 1871 1491 defunctus
1896 1463 1947 1492 0111

135 1516 221 1538 011110
250 1504 375 1536 1550.“
414 1503 498 1545 (W.)
532 1505 627 1536 Haec
652 1505 722 1546 ipse
746 1505 915 1537 Fernelius
940 1507 1039 1539 refert
1064 1506 1105 1538 de
1129 1507 1192 1539 hoc
1218 1511 1358 1539 conatu:
1384 1506 1576 1539 Latitudiue
1600 1505 1782 1539 Parisiensi
1807 1509 1948 1548 accepts

134 1551 200 1586 48⁰
218 1551 274 1584 38‘
301 1552 463 1593 profectus
486 1562 557 1584 sum
581 1552 614 1583 in
638 1552 744 1584 locum
767 1549 804 1582 1⁰
826 1554 956 1594 propius
979 1563 1089 1586 versus
1106 1554 1239 1586 boream
1263 1555 1373 1592 situm,
1399 1554 1455 1596 qui
1478 1553 1567 1596 vulgi
1590 1553 1778 1586 testimonio
1802 1553 1954 1586 distabat

137 1610 158 1633 a
181 1600 314 1632 Parisiis
342 1599 385 1630 25
411 1599 552 1631 leucis..
602 1598 835 1640 .Vehiculum,
860 1601 946 1641 quod
970 1600 1113 1633 Parisios
1138 1605 1232 1633 recta
1257 1602 1309 1633 via
1331 1602 1479 1642 petebat,
1507 1599 1684 1634 conscendi
1708 1601 1742 1632 in
1768 1609 1871 1643 eoque
1895 1609 1946 1633 se-

137 1648 216 1680 dens
242 1650 315 1679 tota
340 1647 394 1678 via
422 1643 536 1676 17024
572 1650 665 1678 rotae
703 1647 1005 1680 circumvolutiones
1041 1648 1175 1691 collegi,
1210 1648 1346 1680 vallibus
1378 1652 1412 1680 et
1442 1647 1606 1682 montibus
1643 1647 1688 1680 ad
1713 1647 1949 1689 aequalitatem

134 1699 292 1736 quantum
319 1693 459 1726 facultas
487 1697 600 1725 nostra
623 1693 752 1725 ferebat
763 1690 928 1726 redactis.
979 1695 1062 1727 Erat
1094 1699 1204 1727 autem
1229 1699 1322 1727 rotae
1347 1695 1433 1727 illius
1458 1695 1621 1727 diameter
1644 1691 1678 1724 6’
1703 1702 1825 1735 sexque
1849 1693 1948 1735 paulo

133 1743 239 1784 magis
266 1742 440 1784 digitorum
465 1741 755 1783 geometricorum:
788 1741 828 1773 ob
853 1741 949 1783 idque
975 1744 1045 1783 ejus
1071 1743 1211 1774 ambitus
1238 1746 1310 1775 erat
1335 1741 1392 1773 20⁴
1418 1751 1477 1774 seu
1500 1750 1658 1783 passuum
1681 1738 1713 1772 4.
1777 1739 1839 1773 His
1871 1750 1949 1784 ergo

134 1789 387 1821 revolutionibus
412 1797 470 1829 per
495 1785 516 1818 4
543 1787 660 1824 ductis,
687 1788 792 1829 reperi
816 1797 932 1829 passus
959 1786 1088 1827 68096,
1115 1799 1200 1831 quae
1224 1794 1300 1822 sunt
1322 1789 1476 1822 milliaria
1490 1787 1613 1821 Italica
1630 1786 1676 1820 68
1699 1797 1774 1821 cum
1797 1788 1948 1830 passibus

139 1834 195 1866 96.
214 1859 222 1867 .
242 1858 250 1866 .
270 1859 277 1866 .
303 1835 386 1867 Inde
413 1839 583 1876 computat
608 1835 777 1867 Fernelius
803 1834 926 1868 Terrae
953 1837 1111 1868 ambitum
1135 1847 1183 1864 =
1209 1834 1326 1868 24514
1350 1836 1516 1868 milliaria.

254 1883 552 1914 Astronomicorum
585 1882 786 1923 quorundam
820 1883 1110 1915 instrumentorum
1135 1893 1229 1915 usum
1255 1883 1436 1916 declaravit
1460 1880 1628 1915 remelius
1652 1880 1686 1913 111
1710 1880 1812 1920 libro,
1850 1889 1947 1924 quem

135 1930 321 1970 inscripsit:
360 1928 682 1969 Monalosphaerium
709 1927 798 1969 (Par.
830 1928 960 1970 1526),
989 1931 1028 1962 de
1055 1930 1268 1962 arithmeticis
1294 1931 1364 1973 agit
1387 1931 1420 1962 in
1445 1929 1533 1962 libris
1557 1927 1591 1960 11
1617 1927 1658 1960 110
1681 1927 1974 1975 Propertionibus⁵

137 1975 227 2015 (Par.
258 1974 376 2015 1528).
429 1975 539 2017 Opera
563 1976 704 2007 Feruelii
730 1985 815 2017 quae
841 1977 883 2008 ad
908 1978 1106 2009 medicinam
1131 1981 1293 2018 spectant,
1320 1980 1472 2010 recenset
1494 1975 1687 2008 Joecherus.

254 2022 291 2063 3)
317 2034 348 2064 p.
378 2020 456 2053 337.
506 2022 710 2054 Abraham
735 2022 954 2055 Scultetus
980 2022 1217 2064 (Buchholzer)
1242 2023 1341 2056 theol.
1359 2023 1447 2056 Prof.
1464 2021 1704 2064 Heidelbergae
1729 2019 1815 2062 (nnt-
1839 2021 1947 2054 611111-

136 2071 238 2112 bergii
273 2071 306 2101 in
334 2067 452 2102 Silesia
487 2078 573 2101 anno
604 2067 712 2108 1566,
738 2073 833 2101 mort.
866 2068 965 2101 1625.
992 2071 1118 2102 Emdae
1148 2072 1288 2111 pastoris
1319 2079 1453 2102 munere
1487 2066 1634 2108 functus)
1665 2072 1797 2110 praeter
1829 2068 1948 2101 multos

137 2117 233 2148 libros
260 2117 303 2148 ad
329 2116 551 2158 theologorum
575 2117 750 2156 praecipue
774 2118 1009 2149 controversias
1032 2118 1234 2158 pertinentes
1258 2117 1448 2158 conscripsit
1467 2115 1739 2158 „Sphaericorum
1755 2114 1852 2147 libros
1870 2119 1948 2151 tres,

138 2161 442 2195 Heidelb.1595“
483 2162 596 2194 addita
621 2162 884 2230 Trigonometria
906 2164 1053 2196 Barthol.
1080 2164 1211 2201 Pitisci‚
1244 2174 1262 2196 e
1296 2165 1411 2206 quibus
1444 2163 1614 2196 Fabricius
1647 2171 1704 2200 ea,
1737 2170 1822 2204 quae
1851 2170 1950 2204 supra

137 2210 300 2252 leguntur,
328 2210 495 2242 desumsit.

258 2257 451 2289 Taurelli
479 2254 651 2295 (Nicolaus
678 2255 849 2294 Oechslin,
876 2261 945 2289 nat.
973 2257 1087 2289 Monte
1111 2257 1274 2290 Pelicardi
1301 2267 1388 2290 anno
1416 2251 1518 2294 1547,
1543 2256 1632 2298 prius
1655 2254 1830 2295 Basileae,
1857 2259 1948 2297 post-

136 2304 199 2336 hac
228 2304 366 2335 Altdorfi
392 2304 591 2336 medicinam
617 2303 848 2344 profitebatur3
881 2309 974 2335 mort.
1005 2302 1110 2344 1606)
1148 2309 1279 2346 praeter
1304 2314 1404 2346 opera
1428 2303 1655 2358 philosophica
1679 2306 1713 2335 et
1730 2302 1868 2334 medica
1892 2312 1945 2334 oc-

138 2356 272 2383 currunt
298 2351 405 2388 libri
405 2351 458 2388 ,de
484 2350 626 2383 mund0“
656 2355 689 2382 et
717 2351 779 2388 „de
805 2351 916 2383 coe10“
944 2356 1079 2393 uterque
1105 2352 1259 2384 adversus
1284 2351 1573 2392 Piccolomineum,
1607 2351 1642 2383 in
1666 2349 1781 2392 quibus
1805 2348 1946 2391 philoso-

137 2398 234 2438 phum
259 2399 366 2440 magis
392 2407 489 2439 quam
516 2402 738 2429 astronomum
765 2399 834 2440 agit
860 2399 1021 2430 disserens
1048 2399 1088 2430 de
1113 2399 1320 2440 planetarum
1344 2399 1495 2430 motibus.

255 2443 292 2484 4)
318 2455 348 2486 p
377 2443 455 2476 341.
507 2445 647 2485 Tycho
673 2445 704 2475 in
735 2444 994 2482 „Conclusione“
1033 2445 1103 2477 libri
1139 2446 1180 2477 de
1205 2445 1311 2478 Stella
1343 2446 1421 2477 anni
1448 2442 1538 2476 1572
1572 2441 1764 2486 (Progymn.
1789 2439 1822 2480 Ι)
1847 2442 1948 2475 aliam

137 2492 257 2532 profert
282 2493 482 2524 sententiam
508 2492 548 2524 de
574 2496 645 2523 ortu
671 2500 828 2523 novarum
854 2492 1043 2524 stellarum.
1081 2493 1248 2533 nuspiam,
1281 2493 1402 2534 inquit,
1437 2491 1597 2533 copiosius
1621 2490 1764 2523 materia
1787 2499 1844 2530 pro
1869 2499 1947 2522 con-

138 2539 334 2571 formatione
362 2539 540 2579 aliqu'us
528 2539 644 2571 stellae
669 2539 834 2571 ascititiae
860 2543 1034 2580 suppetat,
1060 2549 1157 2580 quam
1179 2541 1274 2579 juxta
1298 2540 1385 2571 viam
1409 2539 1571 2578 lacteam,
1604 2546 1704 2578 quam
1728 2535 1949 2568 substantiam
2014 2537 2028 2571 ’.ζ-

138 2586 302 2627 quandam
330 2586 506 2618 coelestem
533 2595 554 2618 a
579 2586 721 2617 materia
746 2586 942 2627 reliquarum
967 2586 1135 2618 stellarum
1160 2596 1225 2618 non
1252 2586 1503 2627 discrepantem,
1530 2584 1588 2617 sed
1607 2583 1759 2616 diffusam
1784 2582 1949 2625 certisque
2016 2592 2021 2596 ’

138 2633 216 2664 locis
244 2641 424 2674 expansam
450 2642 522 2664 esse
547 2636 674 2665 statuo:
712 2632 851 2674 hincque
877 2633 1001 2664 factum
1023 2633 1155 2673 judico,
1191 2632 1276 2674 quod
1302 2632 1396 2665 Nova
1420 2633 1503 2664 haec
1528 2632 1563 2663 in
1587 2630 1656 2672 ipso
1682 2629 1836 2673 galaxiae
1860 2637 1946 2661 mar-

138 2680 215 2720 gine
242 2680 438 2716 constiterit,
465 2680 561 2721 idque
586 2689 652 2711 non
679 2679 814 2711 obscure
839 2680 1040 2716 insinuabat,
1075 2689 1149 2712 eam
1174 2689 1214 2712 ex
1239 2679 1355 2712 eadem
1381 2689 1447 2722 qua
1471 2678 1604 2721 galaxia
1627 2678 1700 2718 ipsa
1722 2676 1874 2718 praedita
1897 2680 1949 2708 est
2016 2680 2019 2689 ¹

138 2726 326 2758 substantia
352 2726 589 2758 conformatam
613 2726 724 2758 fuisse.
791 2725 878 2765 Quin
904 2730 938 2758 et
963 2726 1070 2758 adhuc
1095 2726 1204 2758 hiatus
1230 2726 1362 2768 quidam
1386 2727 1420 2758 in
1445 2735 1484 2758 eo
1508 2726 1577 2766 ipso
1602 2724 1756 2766 galaxiae
1780 2723 1853 2755 loco
1877 2732 1946 2755 cer-

138 2774 234 2812 nitur,
263 2773 318 2804 ubi
344 2773 440 2804 stella
464 2773 548 2805 haec
574 2782 651 2805 suas
677 2772 771 2804 sedes
798 2773 948 2810 obtinuit,
975 2773 1070 2815 idque
1097 2773 1140 2804 ad
1164 2774 1385 2814 quantitatem
1410 2773 1505 2815 quasi
1530 2771 1730 2812 semiplenae
1747 2768 1891 2802 Lunae.

138 2820 218 2850 satis
256 2820 396 2851 discrete
432 2820 692 2852 animadvertere
731 2820 830 2851 cuivis
867 2820 988 2853 licebit.
1040 2820 1147 2859 Quem
1185 2823 1273 2852 certe
1304 2819 1431 2851 hiatum
1462 2829 1528 2850 non
1553 2817 1704 2850 recordor
1726 2826 1778 2848 1110
1802 2824 1947 2858 unquam

139 2871 256 2905 antea,
296 2875 393 2906 quam
420 2868 574 2898 extiterat
597 2867 681 2899 haec
707 2866 821 2903 stella,
847 2867 966 2898 ibidem
992 2866 1256 2908 deprehendisse.
1282 2882 1327 2888 —
1358 2867 1455 2899 Hanc
1479 2866 1679 2898 senteutiam
1701 2863 1865 2904 Keplerus
1890 2871 1946 2894 ac-

140 2913 217 2953 cipit
242 2915 274 2944 in
302 2913 382 2954 Cap.
410 2912 464 2943 22.
492 2914 563 2945 libri
589 2914 641 2946 De
668 2912 773 2945 Stella
797 2913 892 2945 Nova
917 2912 1132 2954 Serpentarii.
1150 2931 1186 2935 -

260 2958 297 2998 5)
323 2957 721 3002 p.346.K0p10rus
754 2970 832 3001 opus
859 2960 1039 2992 Gilberti
1072 2961 1111 2992 de
1136 2959 1296 3002 Magnete
1329 2958 1509 3000 (Guilielmi
1541 2957 1675 2990 Gilberti
1701 2955 1946 2992 Colcestrensis,

139 3005 262 3037 Medici
288 3006 529 3042 Londinensis
571 3008 611 3039 de
637 3007 797 3049 Magnete
830 3007 1089 3049 magneticisque
1127 3007 1311 3048 corporibus
1346 3011 1379 3039 et
1412 3007 1453 3039 de
1477 3014 1598 3048 magno
1621 3007 1779 3046 magnete
1803 3001 1944 3039 Tellure.
2002 3007 2007 3033 Ῑ

139 3052 350 3105 Physiologia
375 3063 471 3091 nova,
495 3054 640 3095 plurimis
666 3059 700 3086 et
725 3055 926 3095 argumentis
953 3058 986 3086 et
1012 3054 1240 3108 experimentis
1266 3053 1501 3086 demonstrata.
1548 3051 1690 3083 Londini
1718 3047 1824 3089 1600)
1850 3058 1958 3098 quum
1998 3036 2006 3074 .'

139 3099 275 3139 primun-
302 3100 463 3140 inspexit,
502 3110 621 3143 magno
663 3101 793 3141 accepit
826 3101 945 3142 gaudio
980 3102 1131 3142 omnique
1156 3100 1261 3133 studio
1286 3100 1451 3142 pervolvit.
1503 3098 1613 3138 Quare
1639 3097 1679 3130 ad
1706 3097 1784 3129 illud
1809 3106 1888 3139 opus
1912 3097 1946 3128 111
