2028 3242
802 35 844 67 (ιο
867 35 963 67 reims
988 33 1201 76 astrologicis.
1817 27 1903 71 375

105 143 296 188 ‹ii-ebus
339 141 462 184 ctiam
499 141 691 182 inferiora
731 140 947 182 intervalla
990 139 1175 180 similiter
1213 136 1404 178 dividere.
1468 133 1575 180 Quia
1611 136 1716 177 enim
1757 142 1904 177 natura

100 202 251 256 probat
274 201 530 245 intervallum
564 199 812 252 „paschali“,
846 199 912 248 fa,
953 197 1036 248 sol,
1081 198 1144 246 fa,
1181 196 1249 236 ubi
1277 202 1342 236 est
1370 201 1489 236 tonus
1520 194 1669 244 minor,
1712 195 1902 247 probabit

101 261 246 312 ctiam,
283 266 331 304 ut
359 260 410 302 ab
442 259 655 300 intervallo
686 273 748 308 re,
783 258 843 309 fa,
886 257 1100 306 „victimae
1130 255 1299 309 pasch.“
1333 254 1561 295 auferamus
1591 254 1733 295 itidem
1762 260 1901 310 tonum

100 319 293 371 ninom
320 316 555 369 „vidistin“,
586 323 680 359 tunc
711 317 819 375 enim
846 321 985 357 manet
1014 314 1194 368 superius
1220 312 1474 354 semitonium
1507 313 1683 361 „vidisv‘
1717 314 1897 366 ejusdem

100 374 341 433 quantitatis
382 390 473 419 cum
512 377 694 429 superius
725 375 944 417 constituto
975 374 1081 415 inter
1111 374 1158 423 d,
1205 372 1279 413 dis.
1345 371 1429 412 Sed
1460 384 1583 423 quare
1622 385 1704 413 non
1733 373 1900 413 inferius

102 437 348 487 collocamus
384 435 639 481 semitonium
678 430 791 489 Ὗ...
835 433 1019 486 superius
1059 433 1254 473 minorem
1292 435 1428 471 tonum
1475 426 1577 483 ’1,οῨ
1636 431 1900 484 Respondeo:

102 487 153 539 id.
174 495 338 550 quidem
365 495 490 542 etiam
519 495 578 544 fit,
608 494 681 535 sed
711 505 789 533 non
821 504 997 545 semper3
1030 496 1072 532 et
1101 491 1226 531 habet
1256 501 1419 530 causam
1451 490 1687 538 naturalem,
1718 495 1766 530 ut
1794 491 1902 531 inter

102 555 268 608 ΜΝ»
300 553 520 607 qli-,nepe
549 552 767 601 calcantur,
799 552 883 592 sint
911 549 1211 592 consonantiae.
1274 547 1446 594 Quando
1466 560 1562 600 ergo
1586 548 1627 589 in
1646 547 1771 602 ἀγωγῃ
1787 550 1900 590 vocis

95 607 413 669 >taurominitana
442 611 494 657 ad
525 611 585 660 d,
603 616 649 652 ut
677 624 726 652 ea
751 611 901 652 chorda
932 609 1093 662 saepius
1123 609 1317 662 pulsetur,
1349 612 1443 647 tunc
1471 620 1549 648 non
1569 607 1691 648 debet
1718 619 1799 648 vox
1827 621 1902 661 per

100 686 145 726 ᾗ.
173 671 252 726 gis.
280 670 321 721 b,
353 683 390 721 c,
422 671 450 712 d
478 670 551 720 ire,
593 670 687 723 quia
728 670 755 710 d
785 674 828 710 et
857 670 920 722 gis
952 681 1030 710 nou
1062 671 1298 709 consonant.
1360 664 1533 712 Quando
1571 670 1708 707 autem
1737 679 1817 707 vox
1847 668 1899 707 ad

103 731 222 781 b..c,‚
242 730 272 772 d
298 742 380 776 non
411 736 478 770 est
507 742 737 777 ascensura,
769 727 1078 781 nihilprohibet,
1111 741 1136 767 a
1166 738 1194 779 g
1217 727 1257 766 in
1288 724 1351 778 gis
1382 725 1613 773 ascendere,
1640 725 1812 778 indeque
1830 738 1898 767 re-

101 788 218 835 verti.
276 788 480 841 Denique,
520 787 556 829 si
587 800 863 840 comparemus
893 785 1123 827 harmonias
1161 783 1420 826 secundarias
1462 780 1534 837 75,
1584 780 1655 837 Ἃ,
1709 780 1751 837 Ἰ,
1771 816 1782 834 ,
1832 780 1899 839 ‘lv

101 858 300 898 matum
326 846 528 900 primariis
567 842 636 900 ²1„
676 843 748 900 Ἄ,
781 846 851 886 sed
883 859 971 886 cum
1003 844 1115 898 ipsis,
1148 850 1195 884 ut
1229 839 1276 895 Ἰ,
1315 847 1359 883 et
1394 838 1464 897 Ἃ,
1497 843 1562 884 vel
1602 838 1692 899 ²7„
1718 848 1762 884 et
1787 840 1898 898 ²730,

100 906 242 954 existit
269 905 522 949 intervallum
554 905 658 946 inter
687 906 715 946 h
745 911 788 946 et
810 906 835 945 b
868 905 1006 945 durum
1037 908 1079 944 et
1098 903 1229 951 molle,
1263 915 1320 943 sc.
1348 897 1467 955 ’Ἂν
1501 914 1619 955 quam
1638 903 1748 944 soleo
1769 904 1898 945 diesin

102 965 340 1018 appoline,
367 969 513 1018 estque
545 964 772 1005 differentia
801 963 1001 1004 semitonii
1042 976 1066 1002 a
1097 968 1191 1003 tono
1223 961 1388 1001 minore.
1449 960 1507 1001 Et
1543 961 1636 1013 quia
1663 975 1740 1003 usu
1770 963 1896 1012 venit,

101 1030 148 1071 ut
180 1024 304 1067 etiam
337 1023 382 1069 in
410 1028 504 1064 tono
535 1023 685 1076 majore
729 1023 1018 1064 constituamus
1057 1019 1309 1062 semitonium
1339 1019 1582 1068 imitatione,
1627 1022 1732 1075 quod
1774 1022 1899 1074 igitur

97 1075 355 1137 relinquimr,
404 1083 549 1132 λοιμμα
589 1082 677 1122 dico
727 1082 791 1122 vel
834 1082 963 1122 diesin
1004 1081 1212 1134 majorem,
1265 1077 1357 1131 quia
1405 1083 1570 1131 superat
1619 1076 1731 1133 ²⁴l25.
1794 1080 1897 1122 Cla-

101 1140 439 1190 'fiatneceesaria
480 1141 654 1194 organis,
697 1140 735 1181 in
767 1140 908 1194 quibus
939 1139 1103 1180 alternis
1136 1143 1278 1179 cautus
1309 1138 1430 1179 durus
1473 1142 1516 1178 et
1558 1139 1689 1181 mollis
1720 1142 1897 1181 exerceri

99 1199 449 1255 anteaquam-is
479 1212 552 1252 per
582 1196 790 1252 utramque
823 1199 937 1240 simul
970 1197 1222 1239 ascendendo
1253 1197 1319 1238 vel
1338 1196 1619 1238 descendendo
1650 1203 1794 1239 cantus
1818 1212 1897 1239 non

102 1259 360 1307 traducatun
391 1271 515 1300 causa
545 1265 661 1311 patet
692 1271 743 1298 ex
775 1258 940 1311 origine.
1001 1255 1301 1298 Portiunculam
1318 1269 1426 1305 vero,
1461 1268 1538 1308 qua
1564 1255 1752 1297 differunt
1780 1262 1900 1299 tonus

99 1311 226 1370 major
247 1323 300 1373 ,et
326 1316 456 1362 minor
492 1313 539 1371 Ἰ.
577 1323 617 1358 et
656 1312 752 1371 'sno’
791 1317 856 1357 vel
893 1312 985 1370 ’Ἴου
1023 1322 1066 1356 et
1100 1311 1216 1369 ⁸¹l,⁰,
1255 1326 1312 1355 sc.
1350 1311 1468 1367 ΨΜ,
1512 1314 1668 1367 placuit
1695 1316 1792 1357 mihi
1822 1330 1899 1370 ap·-

61 1398 68 1403 ·
97 1377 251 1430 peitate
282 1376 509 1427 „comma“.
570 1376 714 1424 Vides,
746 1376 897 1428 opinor,
937 1375 1040 1415 haec
1071 1373 1286 1415 intervalla
1315 1374 1354 1414 in
1387 1374 1494 1414 nullo
1527 1374 1687 1414 minimo
1718 1388 1900 1416 eommu-

98 1435 256 1489 nicare:
286 1434 434 1476 nullius
466 1435 567 1475 enim
614 1448 662 1474 ne
694 1435 905 1475 commatis
936 1434 1093 1486 quidem
1134 1432 1471 1483 multiplicatione
1497 1432 1621 1473 ullum
1651 1446 1701 1473 ex
1731 1435 1896 1487 majori-

98 1493 175 1548 bus
202 1493 426 1541 intervallis
456 1493 645 1546 prodibit.

119 1591 122 1592 ⁷
168 1575 287 1609 ‘flacc
309 1574 491 1616 Raptum
517 1576 643 1618 reliqua
667 1575 796 1607 desunt.
845 1574 898 1606 De
923 1575 1007 1610 viro,
1028 1583 1118 1621 ‘cum
1143 1583 1206 1615 quo
1231 1574 1301 1615 egit
1331 1572 1383 1605 his
1407 1573 1591 1616 Keplerus,
1624 1574 1710 1607 haec
1733 1578 1897 1608 notamus.

97 1621 230 1657 uun·
241 1621 540 1664 Regulontius
557 1624 707 1664 nuspiam
725 1623 865 1654 occurrit
877 1631 975 1663 quam
992 1622 1025 1652 in
1038 1620 1228 1652 Hanschio:
1246 1622 1278 1652 in
1292 1618 1373 1652 Mss.
1391 1620 1635 1654 Viennensibus
1650 1623 1700 1654 bis
1718 1621 1896 1664 deprehen-

98 1669 207 1704 dimus
218 1669 366 1710 eiusdem
382 1668 493 1702 literas
506 1679 588 1711 quas
604 1679 703 1711 supra
720 1670 952 1710 proposuimus,
971 1668 1094 1699 alteras
1112 1669 1312 1709 subscriptas
1331 1667 1601 1710 „christophorus
1616 1669 1896 1711 Regulonus‘z

72 1711 242 1753 -‚a1tei·'as:
269 1712 473 1757 ‚christoph
500 1716 759 1757 Heydonus“.
809 1715 988 1747 Joecherus
1019 1714 1108 1754 (Gel.
1135 1713 1295 1755 Lexicon)
1330 1715 1410 1746 dicit
1436 1716 1657 1758 „astrologum
1691 1721 1726 1748 et
1751 1717 1897 1751 cabbali-

75 1759 185 1795 'stam
209 1762 353 1805 Anglum
377 1762 598 1795 Christianum
623 1763 831 1803 Haydon“,
859 1772 955 1804 quem
988 1762 1127 1794 eundem
1165 1772 1237 1794 esse
1274 1771 1463 1798 censemus,
1499 1764 1553 1805 qui
1585 1764 1688 1796 literis
1718 1764 1899 1806 Keplerum

97 1810 191 1847 affl
216 1819 292 1843 oum
314 1814 402 1842 teste
424 1810 586 1842 Joechero
613 1810 754 1842 ediderit
779 1819 867 1842 anno
894 1807 984 1840 1603
1010 1809 1126 1840 librum
1152 1810 1357 1850 inscriptum:
1385 1819 1406 1841 a
1423 1810 1560 1842 defence
1576 1811 1613 1841 of
1632 1811 1769 1851 judicial
1786 1812 1899 1843 Astro-

97 1856 220 1901 logio-“
268 1856 407 1898 Kepleri
430 1858 530 1889 verba
554 1856 602 1899 (p.
631 1855 716 1896 370)
741 1857 927 1900 significare
951 1857 1118 1893 videntur,
1154 1856 1350 1896 Heydonum
1375 1867 1449 1889 cum
1474 1867 1553 1899 rege
1577 1857 1704 1889 Jacobo
1738 1857 1780 1890 de
1804 1859 1901 1891 rebus

101 1903 204 1938 mol
246 1903 306 1936 ‘cia
331 1905 437 1947 egisse'
439 1927 448 1935 .
530 1925 545 1930 -

128 1990 132 1993 ‘
194 1913 291 1990 ἔξω
326 1950 419 1983 addit
451 1951 615 1992 Keplerns
650 1950 852 1993 astrologicis
884 1950 1067 1986 musicalia,
1105 1950 1155 1982 his
1191 1949 1310 1981 similia
1334 1950 1559 1992 deprehendes
1583 1951 1616 1983 in
1650 1952 1826 1986 Prodromo
1851 1951 1898 1994 (p.

100 1994 242 2039 '8014
266 2001 303 2030 et
327 1995 412 2037 197)
437 2002 473 2030 et
495 1999 529 2029 in
554 1998 634 2029 libro
658 1998 700 2029 de
725 1997 820 2029 Nora
844 1997 950 2028 Stella
974 1995 1037 2035 (lit.
1064 1997 1108 2029 ad
1131 1996 1386 2039 Brenggerum).
1435 1997 1564 2030 Similia
1587 2003 1712 2031 tractat
1736 2000 1900 2042 Keplems

98 2045 136 2076 h
157 2044 259 2077 Buris
282 2045 327 2077 ul
349 2045 369 2078 J
377 2045 494 2077 uach.
520 2045 776 2081 Tanckium,
802 2045 918 2086 quibus
941 2045 1123 2084 praemissa
1148 2044 1387 2085 quadamtenus
1412 2045 1613 2087 supplentur.

192 2090 446 2126 Joaehimus
470 2092 686 2125 Tanckius
711 2091 890 2132 Lipsiensis
917 2089 1100 2130 (Professor
1124 2097 1216 2123 anat.
1243 2095 1276 2123 et
1302 2092 1465 2134 chirurg.‚
1492 2097 1586 2124 mort.
1602 2091 1707 2131 1609,
1733 2098 1790 2126 aet
1807 2092 1895 2133 52),

100 2137 191 2169 varia
213 2147 288 2170 cum
311 2138 456 2179 Keplero
480 2139 549 2180 egit
572 2149 630 2179 per
653 2138 765 2169 literas
792 2148 879 2170 anno
901 2136 999 2172 1608.
1027 2139 1171 2169 maxima
1197 2149 1235 2170 ex
1261 2143 1356 2179 parte
1382 2140 1423 2171 de
1446 2139 1527 2171 libro
1544 2139 1678 2181 Kepleri
1701 2141 1743 2172 de
1761 2141 1900 2173 Cometa

103 2185 182 2216 anni
223 2180 333 2221 16⁰⁷,
375 2195 470 2226 quem
494 2185 629 2225 Lipsiae
666 2185 915 2226 imprimendum
955 2187 1097 2221 curarit,
1133 2185 1336 2217 concedente
1366 2187 1478 2218 ordine
1512 2186 1612 2218 theol.
1650 2193 1685 2219 et
1720 2188 1899 2230 philosoph.

98 2230 271 2263 Nuncim
304 2231 450 2272 Keplero
486 2231 602 2262 librum
638 2231 725 2262 hunc
759 2233 903 2272 proxime
942 2232 1126 2263 absolutum
1162 2232 1274 2263 addit:
1315 2234 1387 2264 misi
1422 2233 1465 2265 ad
1498 2238 1532 2265 te
1567 2234 1901 2266 monochordum

100 2277 356 2314 Reinhardi‚
393 2279 448 2320 qui
472 2277 624 2309 dissentit
654 2279 688 2309 in
711 2279 843 2309 musicis
868 2287 890 2310 a
913 2283 1023 2309 nostro
1049 2277 1248 2309 Calvisio.
1297 2278 1482 2313 Pleniorem
1505 2280 1555 2311 his
1580 2281 1733 2312 nundinis
1758 2282 1899 2313 instruc-

99 2325 224 2357 tionem
256 2325 300 2356 ad
324 2334 377 2357 me
401 2326 511 2361 misit,
547 2334 645 2366 quam
670 2325 778 2356 obiter
801 2326 854 2356 vix
877 2324 1021 2366 perlegi;
1048 2326 1219 2356 occasione
1246 2325 1310 2356 hac
1335 2327 1448 2358 oblata
1472 2326 1515 2358 ad
1540 2331 1574 2358 te
1598 2328 1708 2360 mitto.
1741 2328 1901 2368 iudicium

104 2375 196 2413 mm
217 2376 334 2414 petens
360 2370 419 2403 ὄιε-
447 2371 576 2412 (Comp.
602 2371 750 2402 Hansch.
776 2382 808 2412 p.
836 2369 934 2409 408.)

195 2435 410 2477 Keplerus
446 2435 631 2477 respondit:
668 2430 757 2470 Non
792 2430 997 2469 fortuitum
1030 2430 1103 2469 tibi
1135 2442 1276 2469 nomen
1307 2435 1370 2470 est
1401 2430 1627 2482 assGratiis,
1664 2432 1900 2475 suavissime

102 2489 273 2537 Tancki,
319 2502 442 2541 usque
474 2489 574 2528 adeo
607 2500 770 2527 suavem
809 2492 850 2527 et
883 2487 1037 2527 Gratiis
1075 2488 1233 2540 plenam
1266 2490 1318 2528 ad
1350 2490 1604 2529 collationem
1641 2503 1703 2530 me
1735 2491 1899 2540 invitas,

102 2547 350 2597 transmissis
374 2547 597 2587 Reinhardi
628 2545 965 2598 speculationibus
996 2547 1248 2587 harmonicis
1310 2548 1371 2587 De
1403 2548 1453 2588 iis
1492 2549 1586 2600 quid
1616 2549 1813 2597 videatur,
1858 2550 1899 2590 in

101 2617 323 2658 progressu
353 2606 543 2659 aperiam,
576 2605 812 2657 principium
841 2617 936 2644 vero
968 2605 1113 2645 faciam
1144 2606 1194 2646 ab
1226 2619 1406 2656 excursu,
1440 2607 1492 2646 ad
1512 2620 1628 2659 quem
1658 2614 1799 2648 auctor
1822 2609 1901 2649 iste

95 2677 205 2705 suae
235 2665 433 2717 epistolae
462 2665 655 2717 principio
686 2669 843 2715 portam
874 2663 970 2703 mihi
1002 2664 1170 2716 aperuit.
1533 2690 1539 2694 -

219 2723 406 2776 Apparet
436 2724 594 2775 quidem
635 2731 684 2762 ex
715 2722 786 2761 illo
818 2722 956 2762 statim
997 2722 1189 2774 principio
1222 2722 1397 2763 auctoris
1435 2724 1510 2763 hac
1541 2723 1580 2763 in
1612 2737 1654 2764 re
1692 2725 1902 2777 multiplex

106 2781 274 2835 eruditio
317 2788 360 2822 et
399 2788 604 2822 auctorum
647 2787 827 2820 veterum
864 2780 1050 2832 cognitio.
1115 2780 1320 2821 Ciceronis
1365 2782 1522 2833 quidem
1564 2783 1676 2822 locos
1717 2784 1758 2823 in
1803 2790 1901 2838 typo

108 2838 282 2891 scriptos
311 2841 422 2889 novi,
463 2853 624 2893 quorum
661 2839 860 2891 posterior
891 2853 911 2878 e
938 2840 1101 2879 Timaeo
1132 2840 1315 2879 Platonis
1353 2841 1559 2881 desumtus
1591 2847 1666 2882 est.
1730 2841 1901 2888 Quinam

103 2908 199 2938 vero
230 2911 281 2938 ex
311 2899 514 2939 veteribus
545 2898 716 2938 hominis
748 2903 944 2938 staturam
983 2898 1252 2950 composuerit
1284 2911 1333 2937 ex
1364 2900 1470 2939 notis
1509 2912 1694 2940 sonorum
1726 2901 1900 2953 duplici-

106 2954 194 3004 bus,
224 2969 302 2996 non
332 2958 491 2998 memini
522 2970 583 2997 me
616 2957 782 3008 legisse;
827 2957 951 2996 vincit
983 2957 1039 2996 sic
1073 2957 1243 2997 lectione
1275 2957 1541 2998 Reinhardus.
1606 2958 1791 3000 Occurrit
1822 2961 1900 3000 ali-

112 3013 206 3066 quid
235 3027 286 3054 ex
314 3015 497 3062 Platone,
533 3015 609 3067 qui,
653 3027 813 3055 mensus
846 3016 1059 3055 intervalla
1091 3016 1277 3064 umbilici,
1318 3018 1637 3068 praecordiorum
1669 3025 1711 3058 et
1742 3019 1899 3068 frontis,
