2028 3242
0 0 9 152 <ww—wu-

890 35 999 79 cqm
1020 35 1124 69 xxn
1829 34 1911 78 183

104 142 174 196 qui
192 113 362 201 ,punitus
395 141 503 183 idem
541 147 782 184 statuerunt.
845 143 1000 196 Nempe
1030 142 1289 185 Ptolemaeus
1317 141 1357 183 D
1394 145 1600 186 centrum
1614 142 1826 194 aequantis
1869 149 1912 182 et

105 200 140 245 B
169 206 350 244 nomm
381 200 472 241 viae
502 200 760 253 planetariae
793 197 902 242 feeit.
965 200 1212 254 Cupernic-us
1242 210 1338 240 vero
1375 200 1483 241 circa
1513 199 1547 241 C
1585 206 1784 250 centrum,
1825 213 1913 243 me-

104 259 213 301 dim
239 259 347 300 inter
374 259 414 299 D
450 266 493 300 et
523 260 583 309 B,
629 266 855 301 eccentrum
900 259 1075 300 eccentri
1115 259 1180 299 vel
1220 259 1604 313 eccentrepicyclum
1642 260 1912 303 circumducit.

103 317 155 359 Ei
184 330 280 371 ergo
310 317 369 367 fit,
400 323 446 358 ut
475 318 541 359 via
571 319 758 371 planetae
791 319 846 360 sit
865 332 983 373 quam
1003 318 1183 372 proxime
1202 316 1368 366 EFGH‚
1403 319 1475 358 sed
1507 325 1639 358 motus
1670 319 1911 372 aequalitas,

104 376 211 434 sicut
236 376 365 432 ipsius
395 377 503 418 orbis
539 377 765 419 intermedii
802 378 909 418 inter
937 373 1091 418 EFGH
1130 382 1172 417 et
1202 376 1347 417 IKLM
1385 377 1492 416 circa
1524 376 1583 425 C,
1626 377 1687 417 ita
1721 377 1912 430 planetae

103 435 213 489 circa
239 436 299 485 D,
329 435 547 488 reguletur.
574 432 632 487 ⁸¹)

223 467 400 548 Causam
423 495 568 549 habes,
601 508 671 535 cur
689 494 901 548 aequantis
925 499 1105 535 centrum
1135 498 1253 546 parte
1285 493 1410 534 tertia
1441 494 1755 535 eccentricitatis
1788 495 1911 555 totius

105 569 131 594 a
161 558 301 596 centro
326 553 544 595 ecccntrici
575 553 711 594 distet.
733 552 771 602 δ)
818 553 974 606 Nempe
1006 552 1174 593 mundus
1205 556 1315 592 totus
1348 551 1480 593 anima
1504 553 1646 606 plenus
1673 560 1776 603 esto,
1810 567 1911 607 quae

104 612 256 666 rapiat,
288 611 473 666 quicquid
503 612 740 665 adipiscitur
770 612 980 652 stellarum
1012 612 1098 652 sive
1129 617 1392 659 cometarum,
1426 612 1545 663 idque
1577 626 1626 652 ea
1657 613 1908 663 pernicitate,

103 683 224 725 quam
252 670 420 724 requirit
449 671 525 711 loci
557 685 583 712 a
613 670 708 712 Sole
741 672 938 712 distantia
970 676 1012 712 et
1041 671 1095 711 ibi
1128 669 1321 710 fortitudo
1353 671 1527 711 virtutis.
1549 673 1586 718 ⁸)
1636 671 1792 711 Deinde
1823 678 1911 712 esto

103 730 144 772 in
174 729 354 786 quolibet
382 729 549 783 planeta
577 730 791 783 peculiaris
828 730 986 779 anima,
1027 730 1140 782 cujus
1179 729 1344 782 remigio
1382 730 1505 797 stella
1541 731 1738 770 ascendat
1767 730 1806 771 in
1839 744 1911 771 suo

103 788 282 831 ambitu:
314 795 355 830 et
386 788 547 830 orbibus
580 789 746 830 remotis
777 789 916 832 eadem
946 794 1176 845 sequentur.

217 847 356 902 Atque
387 847 487 888 haec
519 848 569 888 de
600 863 647 887 a
652 854 822 900 quante,
867 848 934 889 nbi
970 848 1144 901 legerint
1182 847 1330 900 aliqui,
1368 847 1451 888 scio
1489 848 1677 899 gestient.
1740 847 1845 888 Nam
1877 848 1910 887 si

102 906 296 952 mirantur
315 906 534 949 astronomi
554 907 829 948 Ptolemaeum
847 907 1209 948 indemonstratam
1238 905 1430 947 sumsisse
1462 906 1566 947 hanc
1596 907 1764 947 eandem
1795 919 1910 947 men-

102 979 238 1020 suram
266 966 394 1009 centri
425 966 648 1020 aequantis,
681 967 805 1007 multo
837 966 966 1018 magis
991 966 1079 1018 jam
1109 965 1357 1005 mirabuntur
1382 965 1554 1018 quidam,
1588 966 1714 1006 fuisse
1745 978 1910 1006 causam

100 1024 221 1078 hujus
251 1024 333 1074 rei,
377 1037 503 1079 neque
535 1030 671 1066 tamen
703 1026 751 1065 de
784 1038 834 1065 ea
864 1025 1098 1066 Ptolemaeo
1137 1023 1387 1073 suboluisse,
1429 1038 1518 1065 cum
1554 1025 1685 1077 ipsam
1723 1037 1807 1065 rem
1838 1025 1909 1072 ita,

101 1084 162 1127 uti
189 1082 339 1132 habet,
383 1088 583 1132 sumeret,
627 1089 669 1125 et
712 1084 826 1137 quasi
865 1083 998 1124 divino
1036 1089 1134 1124 nutu
1171 1096 1316 1124 caecus
1355 1084 1406 1123 ad
1444 1084 1573 1124 locum
1604 1084 1784 1124 debitum
1813 1096 1909 1137 per-

101 1143 269 1185 veniret.

220 1200 303 1243 Sed
342 1205 476 1242 tamen
515 1214 585 1242 eos
625 1201 852 1242 admonitos
897 1201 1041 1250 velim,
1086 1200 1184 1241 nihil
1229 1214 1319 1241 esse
1361 1213 1412 1240 ex
1449 1201 1554 1241 omni
1585 1206 1702 1254 parte
1734 1201 1908 1241 beatum.

99 1260 208 1304 Nam
235 1260 276 1302 ἰιι
308 1259 469 1300 Venere
501 1265 543 1300 et
572 1260 772 1300 Mercurio
809 1260 890 1301 ista
931 1260 1104 1301 tarditas
1146 1266 1189 1299 et
1224 1259 1420 1300 velocitas
1458 1272 1535 1299 non
1573 1261 1624 1300 ad
1664 1260 1855 1311 planetae
1886 1274 1911 1299 a

103 1315 199 1361 Sole
236 1318 547 1372 digressionem,
594 1319 663 1359 sed
708 1319 760 1358 ad
802 1319 930 1359 solum
961 1319 1110 1359 Terrae
1152 1324 1301 1360 motum
1338 1319 1675 1359 accommodatur.
1696 1317 1729 1366 ')
1788 1319 1846 1359 Et
1876 1318 1911 1358 si

102 1378 191 1432 quis
226 1377 318 1427 huic
353 1377 411 1418 rei
452 1382 668 1445 praetexat
712 1377 912 1418 diversam
955 1383 1087 1418 motus
1128 1378 1396 1418 conditionem
1440 1391 1465 1417 a
1500 1383 1608 1418 motu
1648 1377 1908 1430 superiorum,

103 1450 222 1491 quam
253 1436 421 1490 denique
453 1436 491 1477 in
524 1437 672 1477 Terrae
705 1449 834 1477 annuo
865 1442 975 1477 motu
1006 1449 1170 1477 causam
1200 1436 1374 1477 afferet?
1436 1437 1476 1477 Is
1507 1436 1611 1476 enim
1643 1449 1770 1489 neque
1802 1437 1907 1490 apud

102 1493 377 1548 Ptolemaeum
407 1509 533 1548 neque
574 1496 680 1548 apud
713 1495 978 1548 Copernicum
1018 1502 1215 1549 aequante
1254 1495 1436 1548 indiguit.
1454 1496 1493 1542 ⁸)
1555 1494 1691 1542 Quare
1729 1501 1773 1536 et
1807 1496 1909 1536 haec

102 1554 258 1598 incerta
287 1554 338 1596 lis
368 1552 441 1595 sub
474 1563 702 1595 astronomo
728 1554 864 1607 judice
894 1555 1084 1607 pendeat.

520 1707 578 1747 IN
611 1706 796 1748 CAPUT
827 1705 1148 1749 VICESIMUM
1179 1704 1488 1748 SECUNDUM

799 1788 951 1822 NOTAE
977 1788 1212 1822 AUCTORIS.
1891 1820 1926 1875 Ὗ

209 1857 252 1906 a)
282 1860 321 1896 Si
350 1850 445 1906 quae
473 1871 588 1896 causa
614 1862 736 1902 efficit,
772 1867 813 1896 ut
842 1862 1022 1899 Saturnus
1055 1862 1154 1896 altus
1187 1861 1235 1896 sit
1267 1861 1406 1896 tardior
1434 1862 1527 1896 Jove
1546 1861 1729 1896 humiliori
1760 1866 1800 1897 et
1830 1861 1923 1897 Soli

101 1913 276 1956 viciniori,
306 1915 433 1948 eadem
451 1913 599 1955 efficiat,
630 1920 670 1949 ut
690 1915 868 1950 Saturnus
887 1916 985 1950 altus
1006 1919 1044 1949 et
1064 1925 1257 1961 apog-aeus
1284 1915 1332 1949 sit
1351 1914 1491 1949 tardior
1510 1926 1550 1949 se
1570 1914 1649 1960 ipso
1669 1915 1848 1961 perigaeo
1868 1920 1934 1949 et.

1919 1886 1946 1930 S
2015 1899 2025 1911 s

2003 1914 2028 1957 ‘s

99 1962 243 2003 humili.
293 1967 417 2002 Causa
434 1966 623 2013 utriusque
643 1968 695 2002 rei
717 1973 775 2003 est
793 1968 982 2014 elongatio
1001 1968 1178 2015 planetae
1198 1979 1222 2003 a
1241 1968 1326 2003 Sole
1346 1968 1539 2002 rectilinea
1563 1968 1680 2012 major
1698 1968 1759 2002 vel
1777 1968 1904 2008 minor,
1929 1975 1948 2024 χ

103 2019 191 2067 quia
207 2021 319 2066 longe
337 2019 478 2055 distans
498 2031 523 2054 a
540 2020 626 2055 Sole
645 2025 816 2056 versatur
835 2021 869 2055 in
889 2022 1027 2056 virtute
1047 2021 1166 2056 Solari
1185 2021 1352 2056 tenuiore
1372 2026 1411 2055 et
1429 2021 1678 2055 imbecilliore.

207 2071 248 2115 h)
281 2073 399 2113 Quam
418 2074 742 2119 aequipollentiam
760 2075 1021 2120 hypothesium
1039 2074 1173 2108 docui
1162 2086 1200 2110 ιιι
1219 2074 1416 2109 Comment.
1438 2074 1568 2109 Martis
1588 2079 1686 2119 part.
1708 2074 1736 2108 Ι.

208 2123 244 2168 c)
274 2126 354 2160 Hoc
383 2137 472 2160 vero
490 2126 526 2160 in
547 2127 1145 2162 annotationibuszemendavimus.
1192 2128 1273 2162 Non
1291 2128 1406 2173 dupla.
1433 2132 1515 2162 erat
1534 2126 1765 2172 periodorum
1795 2130 1835 2161 et
1853 2126 1906 2160 sic

102 2178 319 2214 tarditatum
349 2178 538 2223 proportio
557 2181 604 2214 ad
623 2180 893 2225 proportionem
922 2180 1072 2228 orbium,
1105 2181 1169 2214 sed
1189 2179 1437 2226 sesquialtera
1456 2181 1599 2215 saltem.
1648 2183 1699 2214 At
1720 2179 1756 2214 in
1774 2180 1903 2224 plane·

102 2235 166 2267 tae
193 2231 300 2266 unius
319 2230 475 2266 motibus
505 2243 554 2266 ex
573 2232 659 2266 Sole
691 2233 969 2277 apparentibus,
1002 2233 1150 2278 aphelio
1180 2237 1219 2267 et
1249 2233 1440 2278 pefihelio,
1476 2237 1612 2279 regnat
1642 2232 1833 2278 proportio
1852 2232 1905 2266 di-

10 2268 29 2308 ἢ·
102 2285 320 2320 :nucinum
347 2283 512 2328 praecise
536 2285 652 2329 dupla
677 2285 714 2319 in
732 2285 890 2320 motibus
916 2285 1005 2330 ipsis
1025 2285 1173 2326 diurnis,
1206 2291 1247 2319 ut
1266 2290 1351 2319 sunt
1381 2296 1487 2320 arcus
1506 2285 1800 2325 eecentfieorum,
1821 2296 1904 2330 pro·

103 2338 223 2383 portio
251 2336 435 2383 ipsissima
465 2336 720 2372 distant-iarum
738 2337 881 2383 simpla,
914 2338 994 2373 vide
1014 2338 1211 2373 comment.
1231 2338 1362 2373 Martis
1383 2343 1479 2383 part.
1501 2339 1551 2374 ΠΙ
1578 2343 1617 2372 et
1640 2338 1693 2372 IV
1694 2365 1702 2372 .
1746 2338 1905 2373 Causam

101 2390 327 2427 diversitatis
345 2389 652 2425 evidentissimam
670 2390 785 2425 habet
803 2390 866 2425 lib.
887 2391 948 2426 IV.
968 2391 1068 2436 Epit.
1087 2393 1237 2426 Astron.

207 2441 249 2487 d)
274 2445 355 2479 Hoc
373 2443 417 2476 de
438 2442 637 2487 Copernico
657 2454 780 2477 verum
795 2449 867 2484 est,
888 2443 945 2478 cui
964 2444 991 2478 C
1006 2448 1168 2478 centrum
1187 2448 1245 2478 est
1265 2443 1470 2488 aequantis,
1494 2455 1558 2477 seu
1579 2443 1700 2488 potius
1720 2442 1898 2479 eecentri·

0 2541 28 2554 r
103 2496 308 2537 eccentrici,
335 2495 367 2530 B
387 2500 550 2530 centrum
578 2496 660 2530 viae
680 2496 868 2540 planetae,
898 2500 937 2531 et
966 2496 1081 2542 ipsius
1100 2497 1164 2531 AC
1191 2507 1278 2542 pars
1298 2497 1412 2531 tertia
1431 2496 1502 2531 Bc.
1553 2499 1606 2532 At
1636 2496 1674 2530 in
1690 2496 1904 2532 Ptolemaeo

105 2549 200 2585 ratio
228 2554 287 2584 est
318 2548 407 2584 alia.
462 2549 520 2584 Illi
549 2548 644 2583 enim
665 2549 698 2583 D
730 2553 789 2583 est
819 2553 981 2584 centrum
1012 2549 1218 2594 aequantis,
1247 2550 1277 2584 B
1310 2548 1515 2589 eccentrici,
1545 2559 1658 2596 quare
1690 2548 1803 2594 ipsius
1834 2549 1904 2583 AD

105 2602 266 2638 semissis
291 2606 350 2637 est
378 2601 460 2638 BD.

208 2651 249 2697 e)
274 2655 433 2690 Rursum
452 2665 518 2700 pro
537 2653 660 2688 anima
678 2653 849 2699 intellige
869 2653 964 2689 Solis
983 2654 1143 2698 speciem
1160 2653 1454 2696 immateriatam,
1485 2660 1680 2691 extensam
1707 2659 1751 2688 ut
1768 2655 1902 2695 lumen,

103 2712 144 2743 et
171 2707 328 2743 habebis
358 2707 418 2742 hic
442 2706 615 2742 brevibus
634 2706 756 2742 verbis
787 2717 962 2741 summam
991 2718 1096 2741 meae
1124 2706 1302 2752 physicae
1320 2708 1503 2749 coelestis,
1537 2707 1711 2743 traditam
1742 2707 1781 2742 in
1800 2707 1903 2742 Gom-

22 2768 32 2778 ”
101 2764 213 2797 ment.
233 2761 365 2796 Martis
384 2764 483 2805 part.
506 2760 568 2795 m.
588 2763 628 2794 et
643 2760 707 2795 IV.
728 2764 767 2794 et
784 2758 984 2804 repetitam
1001 2759 1064 2794 lib.
1086 2760 1151 2794 lv.
1171 2759 1270 2804 Epit.
1291 2763 1441 2795 Astron.

209 2811 249 2858 f)
274 2813 378 2850 Nihil
402 2824 494 2858 opus
520 2812 757 2857 exceptione:
785 2823 872 2846 vero
898 2812 1019 2846 verius
1048 2816 1107 2846 est
1134 2811 1247 2847 etiam
1266 2813 1309 2846 de
1330 2814 1475 2848 Venere
1503 2818 1542 2848 et
1561 2813 1769 2849 Memmio.-
1809 2815 1903 2850 Nam

5 2845 31 2901 f
104 2868 200 2913 qnod
227 2866 448 2911 Copernicns
478 2865 623 2911 aliquas
652 2866 779 2900 horum
810 2865 1042 2910 planetarum
1073 2865 1363 2910 inaequalitates
1394 2866 1532 2912 alligat
1560 2869 1607 2902 ad
1637 2871 1774 2902 motum
1804 2868 1903 2902 orbis

32 2944 38 2965 4
104 2919 229 2960 annui,
259 2919 297 2954 id
326 2921 371 2954 de
394 2930 518 2954 errore
549 2923 617 2955 est.

167 3001 171 3004 ,
209 2969 256 3018 g)
287 2973 399 3019 Apud
415 2971 667 3006 Ptolemaeum
685 2969 827 3016 quidem
846 2973 884 3004 et
904 2969 1153 3015 Copernicum.
1204 2973 1256 3005 At
1274 2982 1346 3017 ego
1364 2971 1402 3006 in
1421 2972 1621 3008 comment.
1641 2972 1773 3015 Martis
1791 2983 1901 3018 prae-

106 3024 293 3070 eipuomm
310 3024 395 3060 libri
413 3024 651 3059 membrorum
682 3023 751 3057 hoc
775 3033 884 3057 unum
913 3022 985 3057 feci
1016 3027 1055 3057 et
1072 3024 1177 3058 velut
1195 3024 1414 3071 angularem
1432 3025 1592 3071 lapidem
1610 3024 1648 3060 in
1666 3025 1900 3063 fimdamento
