2028 3242
127 70 214 113 220
926 68 1144 102 Prooemium.

122 177 231 209 ferret.
282 176 327 207 At
352 185 451 217 quam
477 178 707 217 competenter
734 176 835 207 etiam
860 175 1018 208 ulteriora
1042 183 1201 211 excusas,
1226 175 1312 216 quod
1335 175 1644 208 mathematicorum
1668 185 1734 208 non
1759 174 1803 207 sit
1825 183 1940 217 garru-

121 225 217 263 litas,
250 225 379 262 nescio,
416 232 460 255 an
494 223 562 255 tale
595 222 672 264 quid
697 226 777 255 tunc
803 223 891 264 apud
915 227 949 255 te
974 223 1077 255 tacite
1103 222 1262 259 senseris,
1294 223 1393 265 genio
1418 223 1466 255 sic
1491 226 1703 266 suggerente.
1749 221 1940 260 Praeterea,

122 271 208 314 quod
232 281 344 302 omnes
370 270 458 302 docti
482 270 596 313 magni
621 271 729 312 ipsum
754 271 894 308 faciant,
922 281 996 303 eum
1021 274 1269 312 praeceptorem
1291 270 1451 312 appellas,
1476 270 1672 312 hypotheses
1697 279 1790 303 meas
1813 269 1859 301 illi
1882 270 1942 301 tri-

121 319 210 356 buis,
246 322 280 350 et
310 315 447 350 tandem
472 318 659 355 concludis,
692 321 728 351 ut
759 318 917 350 sideribus
953 316 1105 362 (quorum
1130 317 1354 359 permodicam
1381 318 1484 350 habet
1507 315 1676 358 notitiam)
1708 321 1743 350 et
1767 317 1940 356 scientiae,

121 375 219 407 quam
243 365 305 397 sibi
328 365 405 398 hinc
430 365 507 397 inde
534 363 576 405 (si
603 375 669 407 qua
695 363 761 405 est)
797 366 939 398 corradit
973 369 1008 397 et
1032 365 1230 402 suffuratus,
1267 369 1427 407 tanquam
1459 366 1561 399 decus
1587 365 1786 398 Germaniae
1811 364 1942 397 valeat:

120 413 205 445 talia
242 413 282 445 de
320 413 434 456 ignoto
466 413 709 445 inconsiderate
741 414 908 454 scripsisse
938 413 1075 445 videris:
1113 422 1199 455 quae
1235 423 1295 454 ego
1328 413 1459 454 quidem
1489 413 1681 445 nullatenus
1712 422 1838 444 moror:
1875 412 1942 444 imo

120 460 270 497 mallem,
302 469 381 492 vera
406 470 498 497 esse,
534 460 585 492 vel
611 460 751 502 aliquem
778 461 977 501 ejuscemodi
1003 461 1091 498 dari,
1130 461 1182 492 cui
1207 464 1306 494 tanta
1329 461 1363 492 in
1389 461 1616 493 astronomicis
1642 463 1676 492 et
1699 459 1943 492 mathematicis

121 512 346 549 competerent
371 507 499 550 elogia;
533 518 594 550 ego
620 518 685 539 non
710 509 843 540 ultimus
869 518 993 546 essem,
1021 509 1075 550 qui
1101 510 1171 549 ejus
1197 508 1380 540 celebraret
1404 508 1554 550 gloriam.
1604 507 1681 540 Non
1704 510 1819 540 tmen
1843 516 1944 548 supra

120 555 348 588 Ptolemaeum
374 559 433 587 aut
458 554 675 596 Copernicum
701 556 847 596 aliosque
877 555 1012 588 eximios
1047 557 1150 592 viros,
1186 556 1290 598 qualis
1323 556 1358 587 in
1384 556 1566 588 Germania
1588 554 1804 592 Maestlinus‚
1839 555 1943 586 verior

120 602 174 635 ille
199 611 275 634 tuus
299 606 512 644 praeceptor,
545 612 635 635 nunc
661 607 730 640 est,
765 603 933 640 efferrem,
968 603 1031 635 nisi
1057 603 1192 645 dignum
1217 604 1284 635 fore
1310 604 1391 635 satis
1423 606 1631 644 perspectum
1656 601 1825 634 haberem.
1876 600 1943 634 Sed

121 651 187 682 sint
210 650 294 683 haec
321 650 562 692 qualiacunque
587 650 709 687 velint,
735 650 769 683 id
794 651 944 692 equidem
969 660 1035 682 non
1063 651 1202 688 arridet,
1228 650 1314 692 quod
1338 654 1400 682 tua
1423 651 1470 683 sic
1494 651 1528 682 in
1553 650 1635 682 libro
1659 650 1723 681 isto
1749 653 1866 682 contra
1889 658 1942 681 me

120 698 281 730 maledico
308 699 464 730 abutatur
490 698 639 739 epistola,
666 702 703 729 ut
727 698 790 730 hac
816 699 909 740 quasi
935 708 970 729 se
994 707 1148 740 purgare,
1177 702 1277 739 atque
1303 702 1446 739 quantus
1471 698 1513 729 sit
1529 707 1692 740 quamque
1717 696 1857 729 multum
1880 697 1942 738 ipsi

120 745 329 777 tribuendum
356 744 399 785 (si
425 744 496 776 Diis
522 743 646 786 placet)
673 746 811 786 probare
837 746 923 784 velit,
952 755 987 777 se
1014 746 1122 786 ipsum
1145 746 1195 777 ita
1211 745 1348 777 nimium
1365 745 1550 778 extollendo
1568 749 1603 777 et
1626 745 1757 777 sibimet
1780 743 1942 786 placendo

121 796 221 834 atque
247 793 319 824 aliis
345 793 449 825 tacite
475 792 691 824 detrahendo.
741 793 788 824 At
813 794 967 835 quoniam
991 793 1026 824 in.
1057 795 1231 834 juventute
1264 802 1306 824 ea
1336 802 1394 834 per
1425 793 1647 835 ignorantiam
1672 791 1846 834 scripsisti,
1878 801 1943 824 nec

121 840 205 875 {orte
231 841 450 877 existimares,
477 850 552 872 eum
576 849 723 882 unquam
746 840 858 872 literas
883 840 956 872 illas
979 840 1233 881 publicaturum,
1260 840 1383 872 nedum
1406 843 1445 872 ut
1467 840 1507 871 iis
1531 840 1567 872 in
1592 839 1730 872 aliorum
1753 839 1943 881 despectum

120 891 154 919 et
180 888 415 920 contumeliam
439 897 584 929 unquam
609 888 769 919 abusui-us
794 887 889 924 foret,
915 888 1116 925 idcirco-est,
1145 897 1204 919 cur
1219 887 1304 920 haec
1321 887 1482 929 placidius
1498 887 1613 920 feram.
1647 886 1808 928 Cuperem
1823 885 1942 918 nihilo-

119 935 242 972 minus,
269 938 307 967 ut
331 935 432 976 primo
458 944 586 976 quoque
611 939 768 976 tempore
784 935 873 976 apud
898 945 951 967 me
977 935 1182 968 declaratum
1206 935 1427 977 relinqueres,
1463 943 1507 967 an
1531 934 1592 967 tibi
1615 938 1748 977 gratum
1773 935 1832 974 sit,
1859 933 1946 976 quod

119 983 166 1014 sic
190 982 306 1015 fecerit
332 986 366 1014 et
389 982 467 1024 quid
493 982 533 1014 de
559 983 679 1023 scripto
705 983 770 1014 isto
795 982 955 1014 virulento
981 983 1127 1014 sentias:
1152 987 1222 1014 tum
1240 992 1367 1024 quoque
1386 982 1441 1014 alii
1459 982 1591 1018 eruditi,
1615 982 1660 1014 ad
1676 991 1811 1024 quorum
1826 990 1945 1014 manus

118 1030 207 1061 istud
231 1030 390 1071 pervenit.
432 1028 548 1071 Neque
575 1030 663 1061 enim
689 1030 814 1067 dubito,
843 1030 951 1062 isthuc
977 1030 1151 1071 perlatum,
1177 1030 1336 1072 siquidem
1353 1030 1483 1072 Pragae
1509 1039 1667 1062 excusum
1691 1030 1745 1066 sit,
1772 1038 1947 1071 suppresso

118 1081 233 1109 tamen
259 1077 454 1119 typographi
480 1077 624 1112 nomine,
649 1077 699 1108 uti
724 1077 762 1108 fit
786 1079 822 1109 iti
848 1077 982 1110 famosis
1007 1078 1134 1109 libellis.
1172 1077 1272 1109 Plura
1290 1077 1330 1110 de
1347 1077 1398 1109 his
1414 1087 1481 1109 non
1501 1077 1597 1109 addo.
1633 1076 1706 1110 Nec
1731 1077 1819 1109 enim
1843 1076 1947 1120 digna

119 1128 196 1156 sunt
220 1128 258 1156 ut
282 1125 392 1156 multis
417 1128 622 1157 revocentur.
673 1124 779 1156 Tuum
806 1129 879 1162 est,
921 1125 1005 1157 haec
1030 1126 1104 1166 ipsa
1129 1125 1234 1157 obiter
1268 1125 1445 1166 subjuncta
1479 1124 1620 1157 candide
1650 1124 1879 1166 interpretari,
1912 1127 1947 1156 et

119 1171 276 1205 schedam
300 1172 388 1204 hanc
406 1172 558 1204 Vulcano
577 1172 719 1204 tradere.
758 1172 898 1215 Jamque
924 1173 1043 1205 iterum
1070 1177 1103 1205 et
1128 1173 1262 1214 saepius
1287 1173 1371 1205 vale.
1419 1172 1639 1214 (Postscripta
1662 1175 1739 1204 sunt
1761 1171 1847 1205 haec
1870 1171 1944 1204 lite-

119 1219 173 1255 ris,
198 1229 280 1262 quas
305 1229 381 1262 pag.
408 1217 451 1251 43
479 1230 526 1261 sq.
554 1217 808 1261 proposuimus.)

215 1302 379 1344 Keplerus
404 1302 455 1335 his
481 1302 646 1343 Tychonis
670 1303 773 1335 literis
797 1306 906 1334 motus
932 1302 1107 1344 epistolam
1132 1303 1163 1334 ei
1200 1302 1291 1335 misit
1324 1303 1584 1341 excusatoriam,
1619 1311 1718 1346 quam
1749 1301 1947 1344 descriptam

120 1350 220 1383 etiam
245 1349 423 1382 Maestlino
450 1350 541 1383 dedit
564 1351 614 1382 his
642 1351 763 1383 additis
790 1351 918 1383 verbis:

238 1408 344 1455 Quid
385 1409 563 1463 Tychoni
602 1410 879 1462 responderim
920 1409 1096 1461 (quando
1129 1413 1170 1448 te
1203 1409 1243 1449 id
1282 1413 1468 1462 satagere
1507 1409 1658 1458 video),
1698 1421 1748 1449 ex
1786 1407 1944 1461 adjecto
1978 1443 1986 1447 ,

120 1468 338 1520 exemplari
370 1481 602 1519 cognosces.
667 1469 803 1509 Velim
835 1473 971 1510 autem
1004 1467 1230 1517 existimes,
1269 1481 1368 1508 vera
1398 1481 1460 1508 me
1495 1473 1536 1509 et
1567 1481 1618 1509 ex
1649 1468 1780 1508 animo
1813 1467 1946 1508 omnia

120 1527 344 1580 scripsisse,
380 1527 474 1580 quia
505 1529 658 1568 veritas
691 1541 762 1580 pei·
795 1541 837 1568 se
872 1529 963 1580 ipsa
995 1532 1061 1567 sat
1093 1532 1183 1567 tuta
1214 1532 1290 1568 est.
1355 1526 1472 1574 Quod
1503 1527 1946 1568 autem-vehementior

119 1587 158 1626 in
190 1587 318 1639 ipsum
352 1587 498 1627 Ursum
533 1600 609 1627 non
651 1601 762 1636 sum,
809 1587 958 1640 partim
995 1587 1146 1639 pudore
1183 1587 1252 1635 fit,
1293 1587 1441 1639 partim
1479 1592 1601 1627 metu.
1665 1585 1794 1632 Quem
1826 1586 1943 1638 enim,

119 1646 219 1698 proh
252 1647 383 1695 dolor,
426 1651 638 1698 tantopere
677 1647 859 1695 laudavi,
900 1660 976 1686 non
1017 1658 1182 1697 possum
1222 1646 1313 1692 sine⁴
1340 1646 1636 1686 inconstantiae
1668 1645 1827 1686 macula
1858 1645 1944 1698 jam

120 1705 258 1745 statim
289 1705 517 1759 turpissime
562 1706 785 1747 traducere.
851 1705 969 1752 Quod
1010 1705 1046 1744 si
1085 1705 1298 1756 epistolam
1344 1706 1466 1745 etiam
1503 1718 1635 1745 meam
1666 1704 1803 1759 Tycho
1836 1703 1944 1758 typis

118 1765 308 1804 mandare
343 1765 459 1813 velit,
500 1765 715 1804 verendum
749 1765 911 1812 fuisset,
953 1777 999 1804 ne
1045 1764 1084 1803 in
1118 1765 1311 1817 majorem
1342 1778 1472 1805 meam
1504 1763 1784 1805 contumeliam
1814 1764 1943 1805 Ursus

116 1823 217 1863 alias
249 1837 360 1863 meas
393 1823 639 1875 publicaret,
675 1829 715 1864 et
749 1837 825 1876 qua
856 1829 971 1877 parte
1005 1823 1274 1864 modestiores
1314 1830 1407 1864 sunt
1445 1825 1715 1872 adulteraret,
1759 1828 1830 1863 aut
1862 1823 1945 1863 alia
1984 1824 1994 1828 “

115 1882 183 1922 via
214 1883 309 1923 mihi
340 1882 611 1922 insidiaretur.
1027 1892 1098 1934 (Ex
1123 1904 1174 1935 ep.
1203 1894 1246 1927 ad
1271 1894 1318 1927 M.
1346 1895 1376 1927 d.
1405 1895 1435 1927 d.
1465 1893 1521 1927 26.
1549 1894 1644 1927 Febr.
1674 1890 1794 1934 1599.)

210 1974 346 2016 Kepleri
368 1978 483 2007 autem
507 1975 606 2008 verba
631 1976 715 2009 haee
741 1981 839 2009 sunt:

117 2046 354 2101 Exemplar
378 2047 651 2100 puryatz'onis
682 2061 798 2106 meae

284 2106 343 2147 ad
377 2106 633 2160 Tychonem.

923 2163 967 2205 S.
1002 2165 1047 2205 P.
1086 2164 1139 2205 D.

237 2232 338 2275 Cuni
381 2235 674 2276 intellexissem
713 2248 763 2275 ex
793 2235 1002 2275 Maestlini
1047 2235 1201 2283 literis,
1248 2248 1346 2287 quas
1393 2236 1445 2276 ad
1489 2249 1551 2277 me
1597 2236 1710 2276 dedit
1746 2227 1942 2288 superiori

118 2293 317 2345 Augusto,
353 2296 609 2347 respondisse
643 2301 683 2335 te
717 2295 768 2334 ad
801 2295 1026 2346 epistolium
1055 2307 1197 2343 meum,
1233 2295 1396 2347 ejusque
1429 2295 1702 2348 responsionis
1735 2295 1941 2348 exemplar

117 2353 222 2404 apud
242 2353 504 2394 Maestlinum
536 2368 647 2395 esse:
682 2354 864 2406 proxima
897 2355 1106 2394 occasione
1141 2355 1246 2406 apud
1279 2354 1388 2394 illum
1414 2355 1556 2403 institi,
1591 2360 1637 2394 ut
1667 2354 1712 2406 id-
1736 2354 1942 2406 exemplar

118 2412 168 2452 ad
199 2425 261 2452 me
295 2412 486 2458 mitteret,
522 2415 678 2466 quando
712 2414 853 2454 literae
883 2419 977 2453 tuae
1005 2413 1099 2453 mihi
1127 2426 1203 2453 non
1232 2414 1506 2454 redderentur.
1554 2413 1621 2455 Sic
1649 2426 1746 2454 casu
1777 2418 1819 2452 et
1845 2412 1942 2453 dili-⁷

116 2471 253 2522 gentia
284 2477 355 2511 tua
387 2472 549 2522 factum,
584 2479 629 2513 ut
661 2473 844 2526 quamvis
883 2473 1142 2524 pereuntibus
1174 2473 1254 2512 tuis
1288 2473 1428 2520 literis,
1457 2480 1591 2513 tamen
1624 2473 1717 2525 quid
1743 2485 1804 2512 me
1837 2472 1939 2512 scire

116 2530 242 2570 velles
262 2536 356 2582 post
376 2532 570 2572 decimum
591 2545 767 2572 mensem
799 2532 1080 2572 intellexerim.
1145 2533 1295 2572 Horum
1323 2531 1435 2572 initio
1466 2538 1505 2573 te
1533 2532 1744 2572 certiorem
1769 2530 1937 2580 reddidi,

117 2589 210 2640 quia
240 2590 280 2629 in
312 2590 382 2630 illa
414 2592 577 2643 querela
609 2598 702 2641 tua,
737 2604 797 2631 me
832 2590 1014 2631 Christe!
1063 2604 1181 2658 quam
1214 2591 1444 2643 justissima
1481 2592 1684 2643 postulas,
1738 2595 1782 2630 ut
1811 2590 1938 2643 primo

118 2660 271 2715 quoque
303 2655 482 2702 tempore
515 2664 645 2691 meam
678 2651 752 2691 tibi
785 2650 1027 2691 sententiam
1060 2650 1258 2703 aperiam:
1294 2663 1342 2690 ne
1378 2664 1428 2690 ex
1465 2651 1539 2690 hac
1567 2649 1798 2700 decimestri
1828 2661 1940 2690 mora

118 2707 243 2758 major
273 2708 346 2747 tibi
379 2709 427 2748 de
460 2723 521 2750 me
555 2710 728 2762 suspicio
762 2710 902 2761 culpae
935 2709 1193 2749 suboriretur.
1254 2707 1461 2755 Quantum
1494 2709 1618 2761 igitur
1650 2709 1799 2749 attinet
1829 2721 1940 2748 meas

119 2766 169 2804 ad
201 2766 348 2806 Ursum
379 2768 543 2821 literas,
593 2782 642 2808 ex
674 2769 741 2817 iis,
790 2781 891 2820 quae
925 2761 1189 2820 excerpsisti,
1222 2768 1356 2808 verbis
1393 2768 1583 2819 pleiaque
1616 2781 1706 2807 mea
1749 2779 1938 2819 agnosco.

118 2823 181 2862 Ex
213 2837 258 2864 eo
290 2826 347 2873 fit,
382 2833 425 2866 ut
457 2828 639 2880 quamvis
672 2829 723 2868 ad
755 2828 905 2879 aliqua,
939 2828 989 2867 de
1027 2827 1169 2879 quibus
1202 2827 1353 2873 dubito,
1385 2839 1485 2878 pene
1513 2827 1813 2866 cohorrescam:
1846 2826 1938 2866 nul-

120 2882 199 2921 lum
231 2889 364 2923 tamen
397 2898 545 2937 negare
578 2887 743 2939 possim.
812 2888 855 2926 In
891 2887 965 2927 hac
999 2886 1134 2938 itaque
1167 2891 1281 2938 parte
1322 2886 1471 2925 nullum
1505 2885 1632 2925 adhuc
1665 2885 1759 2925 Ursi
1790 2885 1937 2926 crimen

120 2946 195 2988 est,
231 2942 333 2992 quod
367 2943 530 2994 liqueat.
585 2947 729 2986 Utrum
756 2951 890 2986 autein
918 2946 1121 2998 integram
1141 2945 1353 2997 epistolam
1371 2944 1650 2995 publicaverit,
1683 2945 1808 2997 major
1833 2943 1940 2995 apud

119 3011 181 3038 me
215 3000 434 3041 dubitatio:
478 3016 576 3054 quae
613 3005 730 3045 facile
764 3005 1057 3053 discuteretur,
1098 3003 1133 3044 si
1164 3003 1259 3043 mihi
1292 3003 1496 3055 exemplar
1528 3003 1614 3056 typi
1646 3009 1768 3044 esset.
1830 3002 1939 3042 Nam

119 3057 158 3098 in
191 3057 332 3098 iisdem
365 3059 492 3102 literis
526 3063 769 3103 desiderium
788 3076 921 3105 meum
940 3068 1100 3105 tuorum
1120 3074 1282 3115 operum
1302 3061 1558 3115 legendorum
1586 3062 1780 3115 expressi,
1811 3073 1936 3115 eaque
