1982 3268
0 918 64 935 „bars

274 26 280 34 x
361 5 371 28 ι
432 3 434 7 ’
451 6 469 21 ι-
492 6 514 28 <51
525 7 589 34 π’...)
602 22 605 25 .
619 19 624 21 -
662 23 666 25 .
695 0 754 29 σί...
766 0 801 37 fx
886 16 950 29 ae---w
1083 0 1098 2 *⁷
1120 0 1279 38 ''142⁸“
1311 25 1316 31 ,
1337 7 1558 53 ι””Χ,Λκ”ι,,μχ,.,,ς

589 86 598 131 l
618 102 631 113 ⁴²>
679 91 693 119 *X
885 74 938 125 ...v-3
958 119 965 125 ,ἢ
984 130 990 139 η
1011 104 1064 118 ru„

989 140 992 147 ,

634 133 635 136 ¹
700 114 907 141 Jfflfwi--s‘xe

131 178 188 221 98
407 155 428 158 Λ
489 155 529 170 ²⁷
604 163 615 219 l
788 177 965 211 Dedicatio
992 150 1142 210 editionis
1166 179 1291 220 prioris.

130 285 295 325 laudent
323 284 453 324 instar
490 283 691 324 hominis?
746 284 837 325 Nisi
869 285 992 336 quod,
1033 285 1125 325 dum
1163 290 1398 337 argumenta
1429 284 1689 337 suppeditant
1720 263 1982 337 hominibus?

129 343 320 384 laudandi
344 343 434 390 Dei,
466 342 596 383 Deum
628 342 740 394 ipsae
773 344 937 383 laudare
968 344 1162 385 dicuntur.
1215 343 1347 390 Quam
1378 356 1517 384 vocem
1548 344 1669 384 coelis
1701 338 1982 385 et¹naturae3³

127 414 259 442 rerum
289 401 382 441 dum
413 402 612 454 aperimus
644 401 707 442 his
744 402 934 455 pagellis,
978 403 1263 455 clarioremque
1303 403 1518 443 efficimus:
1561 415 1676 442 nemo
1714 414 1786 442 nos
1823 388 1982 466 vani-S

128 461 226 501 tatis
259 466 330 501 aut
361 461 556 501 inutiliter
588 460 708 500 sumti
739 461 888 501 laboris
923 467 1079 513 arguat.

246 520 391 566 Taceo,
419 520 522 574 quod
550 519 649 559 haec
670 520 840 560 materia
867 520 1095 568 creationis3
1124 534 1241 573 quam
1263 526 1459 573 negarunt
1482 519 1722 573 philosophi,
1757 532 1942 572 magnum

129 584 408 631 argumentum
440 583 528 619 est:
563 579 654 618 dum
678 579 887 628 cernimus,
922 579 981 619 uti
1000 580 1110 620 Deus
1133 581 1262 620 instar
1282 580 1449 632 alicujus
1469 592 1519 619 ex
1539 579 1785 619 nostratibus
1807 579 1941 618 archi-

124 638 265 687 tectis,
307 638 443 677 ordine
477 642 518 677 et
548 650 687 677 norma
719 639 770 678 ad
803 638 937 678 mundi
968 639 1214 679 molitionem
1246 638 1482 687 accesserit,
1526 638 1759 691 singulaque
1799 637 1852 677 sit
1884 637 1942 677 ita

126 697 342 747 dimensus,
377 696 491 749 quasi
511 709 587 736 uon
610 709 676 736 ars
697 703 882 751 naturam
906 697 1146 757 imitaretur,
1180 698 1252 738 sed
1272 698 1382 738 Deus
1414 698 1501 751 ipse
1533 697 1584 737 ad
1617 697 1787 737 hominis
1820 695 1941 736 futuri

1166 750 1189 757 .,;
1197 752 1261 758 0...-
1267 751 1468 760 ..mmm-o
1466 743 1939 760 -ΜΝ-ιι-Ἢ

80 759 87 795 ‚³
124 768 275 797 morem
308 754 570 806 aedificandi
574 749 836 808 respexisse}-

71 806 81 835 ἱ

61 2302 66 2306 ·
120 2285 227 2325 ffcit:
271 2284 331 2325 ita
369 2299 444 2327 non
477 2287 673 2328 immerito
707 2289 837 2329 dicere
868 2296 1098 2356 possumus,
1138 2294 1353 2342 propterea
1390 2295 1546 2331 tantam
1578 2290 1616 2330 in
1648 2290 1768 2330 rebus
1799 2289 1930 2329 inesse

244 813 484 867 Quanquam
503 814 597 866 quid
616 821 782 856 necesse
804 821 881 864 est,
915 809 1139 855 divinaru'sn
1170 820 1301 855 rei-'um
1330 820 1427 856 ‘usus
1453 815 1584 855 instar
1607 798 1760 854 obsonii
1781 826 1939 854 nummo

125 874 372 914 aestimare?
424 874 529 915 Nam
563 874 656 926 quid
689 887 836 926 quaeso
868 874 1036 926 prodest
1067 875 1197 915 ventri
1230 875 1414 915 famelico
1446 874 1621 926 cognitio
1654 886 1785 914 rerum
1818 877 1938 912 natu-

123 933 279 982 ralium,
316 933 409 984 quid
440 938 530 972 tota
561 933 715 986 reliqua
746 933 1024 974 astronomia?
1085 933 1225 986 Neque
1259 939 1394 974 tamen
1426 933 1592 974 audiunt
1624 932 1779 973 cordati
1810 931 1938 972 homi-

124 1004 196 1032 nes
228 992 341 1031 illam
374 991 612 1040 barbariem,
648 1005 749 1044 quae
771 993 994 1034 deserenda
1013 997 1228 1044 propterea
1254 993 1334 1033 ista
1359 992 1494 1033 studia
1514 992 1710 1032 clamitat.
1755 990 1939 1030 Pictores

125 1050 302 1099 ferimus,
336 1050 403 1103 qui
422 1051 571 1100 oculos,
605 1051 927 1105 symphoniacos,
961 1052 1026 1104 qui
1045 1055 1164 1091 ‘aures
1186 1052 1417 1092 oblectant:
1451 1050 1631 1104 quamvis
1652 1051 1801 1091 nullum
1819 1049 1938 1090 rebus

122 1109 274 1150 nostris
306 1111 614 1150 emolumentum
646 1111 830 1151 afferant.
892 1110 949 1150 Et
980 1123 1057 1150 non
1089 1115 1247 1150 tantum
1279 1111 1469 1160 humana,
1510 1110 1581 1149 sed
1615 1109 1735 1150 etiam
1768 1109 1938 1148 honesta

123 1173 311 1208 censetur
341 1169 541 1221 voluptas,
575 1180 675 1221 quae
710 1179 759 1209 ex
788 1175 1045 1221 utrorumque
1078 1169 1263 1221 operibus
1296 1170 1467 1222 capitur.
1518 1163 1634 1214 Quae
1664 1168 1788 1220 igitur
1819 1168 1937 1208 inhu-

95 1213 316 1282 imanitas,
357 1240 457 1280 quae
491 1227 685 1276 stultitia,
723 1229 847 1268 menti
886 1241 1001 1268 suum
1033 1228 1210 1269 invidere
1242 1228 1451 1269 honestum
1481 1228 1689 1278 gaudium,
1734 1226 1858 1267 oculis
1897 1232 1939 1266 et

102 1278 283 1345 {auribus
327 1299 405 1326 non
454 1285 666 1327 invidere?
739 1287 890 1327 Rerum
930 1292 1099 1327 naturae
1150 1293 1372 1340 repugnat,
1426 1287 1491 1340 qui
1541 1295 1629 1327 cum
1672 1286 1736 1326 his
1786 1283 1940 1353 pugnat

102 1327 448 1386 recreationibus.
521 1345 628 1386 Nam
672 1346 739 1399 qui
784 1346 881 1386 nihil
929 1346 966 1386 in
1014 1352 1199 1387 naturam
1240 1347 1486 1395 introduxit,
1533 1345 1705 1387 Creator
1748 1344 1933 1398 optimus,

122 1404 184 1444 cui
233 1417 310 1444 non
365 1417 452 1444 cum
501 1404 553 1444 ad
603 1406 912 1453 necessitatem,
975 1411 1061 1446 tum
1111 1406 1162 1446 ad
1211 1406 1548 1459 pulchritudinem
1599 1411 1639 1444 et
1688 1404 1937 1456 voluptatem

122 1463 277 1503 abunde
309 1464 590 1515 prospexerit.
622 1465 658 1504 is
676 1470 853 1515 mentem
872 1464 1055 1513 hominis,
1090 1465 1213 1505 totius
1233 1470 1403 1506 naturae
1424 1465 1638 1515 dominam,
1673 1476 1786 1504 suam
1812 1462 1936 1515 ipsius

120 1522 346 1574 imaginem,
381 1523 507 1562 solam
538 1523 648 1562 nulla
676 1524 886 1584 voluptate
917 1523 1131 1563 beaverit?
1182 1525 1264 1564 Imo
1292 1524 1351 1564 uti
1376 1537 1451 1563 non
1480 1523 1720 1591 quaerimus,
1754 1535 1832 1575 qua
1863 1534 1934 1574 spe

121 1581 316 1620 commodi
337 1581 520 1621 cantillet
549 1573 718 1631 avicula,
753 1595 840 1622 cum
867 1582 1039 1622 sciamus
1059 1582 1193 1622 inesse
1214 1583 1492 1635 voluptatem'
1482 1596 1520 1622 ιιι
1542 1588 1674 1628 cantu,
1707 1587 1932 1634 propterea,

124 1639 218 1692 quia
249 1639 301 1679 ad
333 1645 493 1680 cantum
524 1640 647 1679 istum
679 1641 791 1680 facta
823 1642 911 1681 e'st:
944 1641 1004 1680 ita
1035 1652 1108 1681 nec
1134 1641 1208 1682 hoc
1224 1642 1509 1694 quaerendum,
1543 1651 1612 1682 cur
1631 1654 1743 1681 mens
1763 1641 1936 1680 humana

119 1703 276 1738 tantum
307 1703 440 1738 sumat
470 1699 620 1739 laboris
651 1699 691 1738 in
722 1700 996 1752 perquirendis
1021 1699 1130 1739 hisce
1151 1701 1353 1741 coelorum
1379 1701 1551 1740 arcanis
1601 1700 1679 1740 Est
1707 1699 1814 1740 euim
1845 1699 1934 1739 ideo

120 1769 232 1797 mens
265 1757 457 1809 adjuncta
495 1758 677 1798 sensibus
716 1759 767 1798 ab
801 1757 954 1810 Opifice
992 1764 1155 1808 nostro,
1202 1773 1277 1800 non
1310 1765 1467 1800 tantum
1499 1765 1542 1799 ut
1573 1773 1615 1799 se
1650 1759 1778 1811 ipsum
1817 1758 1933 1797 homo

121 1821 379 1865 sustentaret,
414 1817 518 1869 quod
550 1817 667 1869 longe
701 1818 887 1858 solertius
919 1822 1088 1869 possunt
1119 1819 1182 1858 vel
1214 1819 1356 1859 brutae
1382 1819 1527 1859 mentis
1554 1818 1775 1858 ministerio
1808 1817 1934 1856 multa

122 1875 383 1915 animantium
414 1888 587 1927 genexwa
622 1876 694 1915 sed
725 1876 860 1926 etiam,
893 1882 937 1916 ut
969 1877 1018 1916 ab
1050 1876 1111 1925 iis,
1147 1885 1259 1929 quae,
1295 1879 1398 1929 quod
1431 1878 1530 1926 sint,
1564 1877 1688 1917 oculis
1721 1876 1930 1924 cernimus,

122 1933 174 1973 ad
206 1946 348 1973 causas
382 1946 503 2003 quare
537 1935 618 1974 sint
647 1940 689 1974 et
720 1936 838 1985 fiant,
871 1936 1227 1976 contenderemus:
1262 1947 1442 1988 quamus
1476 1936 1571 1976 nihil
1604 1936 1711 1976 aliud
1743 1934 1932 1976 utilitatis
1981 1964 1982 1985 3

120 1991 213 2048 inde
245 1991 491 2051 caperemus.
554 1995 690 2046 Atque
722 1995 824 2034 adeo
855 1999 901 2034 nt
933 1994 1122 2034 animalia
1154 1990 1311 2044 cetera,
1345 1989 1576 2049 corpusque
1576 1991 1931 2035 Ἠιιῆιαῆιιιιιῖἰὸὃ
1981 1990 1982 1995 ’

120 2055 296 2103 'potuque
329 2049 633 2092 sustentantur.
680 2054 738 2093 sic
770 2053 923 2092 animus
956 2053 1042 2105 ipse
1082 2053 1277 2102 hominis,
1313 2054 1519 2094 diversum
1551 2053 1739 2122 quiddam
1772 2053 1823 2093 ab
1854 2053 1931 2092 lto-

120 2109 303 2159 mine⁰)‚
349 2115 586 2162 vegetatur,
628 2117 822 2163 augetur,
863 2117 905 2151 et
950 2112 1147 2152 adolescit
1191 2113 1480 2164 quodammodo
1521 2112 1762 2165 cognitionis
1798 2111 1930 2152 isthoc

119 2168 292 2221 pabulo:
335 2174 568 2222 mortuoque
598 2182 719 2222 quam
749 2171 841 2210 vivo
875 2171 1040 2211 similior
1067 2176 1151 2218 est,
1190 2172 1224 2211 si
1256 2172 1396 2212 harum
1427 2182 1558 2212 rerum
1586 2171 1788 2232 desiderio
1818 2170 1928 2210 nullo

1762 2218 1930 2233 was-ov

120 2227 311 2294 tangitur.
365 2226 499 2273 Quare
533 2229 590 2268 uti
612 2236 791 2269 naturae
815 2230 1074 2282 providentia
1104 2229 1290 2283 pabulum
1325 2230 1593 2271 animantibus
1623 2222 1823 2283 nunquam
1856 2229 1930 2270 de-

119 2345 382 2394 varietatem,
424 2351 584 2399 tamque
622 2348 850 2388 reconditos
882 2349 922 2388 in
955 2350 1154 2389 coelorum
1186 2349 1339 2389 fabrica
1371 2350 1607 2398 thesauros,
1649 2354 1693 2388 ut
1730 2356 1930 2415 nunqnam

120 2404 283 2463 deesset
313 2404 508 2445 humanae
541 2407 663 2446 menti
695 2420 835 2447 recens
867 2407 1072 2459 pabulum,
1114 2421 1162 2448 ne
1197 2409 1401 2449 fastidiret
1431 2409 1672 2457 obsoletum,
1707 2419 1782 2447 neu
1810 2407 1927 2460 quie-

103 2468 270 2511 sceiet,
311 2464 382 2502 sed
415 2464 581 2504 habeiet
612 2466 650 2505 in
685 2467 758 2506 hoc
789 2467 935 2506 mundo
966 2471 1202 2532 perpetuam
1234 2468 1445 2508 exercendi
1478 2468 1538 2507 sni
1569 2467 1782 2507 officinam.
1804 2464 1841 2514 ¹¹)

237 2495 375 2574 Neque
408 2535 501 2563 vero
534 2524 673 2564 harum
706 2524 922 2577 epulaium‚
956 2527 1056 2578 quas
1089 2529 1138 2566 e'x
1166 2524 1375 2567 ditissimo
1380 2516 1617 2567 Cnnffitoris
1647 2534 1752 2578 penu
1782 2525 1822 2565 in
1857 2524 1930 2564 hoe

120 2579 253 2619 libello
286 2581 455 2621 velutin
485 2595 625 2623 mensa
645 2585 847 2636 depromo,
878 2591 1095 2637 piopterea
1121 2586 1248 2625 minor
1273 2591 1338 2625 est
1357 2586 1561 2635 nobilitas,
1584 2585 1687 2638 quod
1714 2597 1738 2624 a
1756 2584 1931 2624 maxima

121 2639 225 2690 vulgi
259 2645 374 2690 parte
407 2641 470 2680 vel
511 2654 588 2681 non
626 2643 911 2694 gustabuntur,
954 2645 1018 2683 vel
1057 2650 1306 2696 respuentur.
1368 2644 1566 2684 Anserem
1597 2644 1765 2684 laudant
1793 2643 1929 2696 plures

118 2709 236 2748 quam
267 2698 524 2749 phasianum,
565 2702 657 2752 quia
688 2702 755 2741 ille
789 2703 1004 2743 communis
1037 2709 1119 2751 est,
1162 2704 1239 2743 iste
1270 2702 1409 2743 rarior.
1474 2704 1613 2755 Neque
1645 2708 1778 2742 tamen
1806 2701 1929 2742 *uilius

118 2756 247 2806 Apitii
278 2758 439 2808 palatus
471 2760 572 2798 hunc
605 2761 662 2800 illi
694 2766 925 2813 postponet.
978 2761 1045 2802 Sic
1077 2762 1192 2814 hujus
1218 2762 1412 2801 materiae
1445 2762 1621 2814 dignitas
1652 2766 1768 2801 tanto
1796 2760 1929 2812 major

118 2814 218 2862 erit,
254 2827 328 2866 quo
361 2818 569 2867 pauciores
597 2820 841 2869 laudatores,
875 2821 1148 2873 intelligentes
1174 2821 1291 2860 modo
1319 2820 1411 2869 sint,
1446 2820 1630 2872 reperiet.
1675 2819 1767 2860 Non
1783 2820 1928 2860 'eadem

120 2872 236 2922 vulgo
269 2876 507 2915 conveniunt
545 2883 586 2917 et
624 2879 894 2930 plincipibus:
942 2893 1068 2932 neque
1108 2880 1206 2919 haec
1248 2879 1440 2919 coelestia
1475 2879 1700 2932 promiscue
1740 2878 1954 2926 omnium„

121 2929 191 2967 sed
223 2933 406 2980 generosi
439 2935 582 2975 saltem
615 2937 734 2976 animi
765 2938 953 2989 pabulum
986 2944 1103 2978 sunt:
1137 2951 1216 2977 non
1242 2950 1329 2978 meo
1359 2943 1453 2978 voto
1486 2938 1547 2977 vel
1577 2949 1710 2990 opera,
1745 2950 1822 2978 nou
1852 2946 1951 2986 sua„

119 2992 273 3036 natura,
308 3002 382 3028 non
403 2991 478 3030 Dei
506 2993 665 3044 inxidia,
701 2997 771 3035 sed
802 2997 1059 3048 plurimorum
1091 2997 1292 3036 hominum
1313 2996 1377 3036 vel
1400 2996 1637 3048 stupiditate
1662 2996 1724 3035 iel
1750 2995 1925 3048 ignavia.

119 3044 262 3085 Solent
291 3047 490 3100 principes
530 3052 664 3103 aliqua
695 3055 829 3105 magni
860 3055 978 3106 pretii
1009 3056 1115 3095 inter
1149 3055 1346 3094 secundas
1378 3054 1530 3095 habere
1557 3067 1740 3104 mensae,
1784 3054 1951 3107 quibusj.

118 3107 281 3143 utantur
313 3118 390 3144 non
422 3107 496 3147 nisi
529 3112 664 3159 saturi,
701 3113 860 3153 levandi
881 3114 1035 3153 fastidii
1056 3124 1190 3153 causa.
1242 3112 1311 3153 Sic
1341 3113 1440 3153 haec
1468 3119 1508 3153 et
1539 3087 1762 3166 hujusmodi
1792 3112 1948 3168 studia)

117 3162 425 3214 generosissimo
458 3172 498 3206 et
530 3169 826 3221 sapientissimo
860 3173 999 3226 cuique
1031 3177 1115 3213 tum
1153 3173 1310 3213 demum
1344 3172 1523 3226 sapient,
1566 3172 1631 3213 ubi
1670 3185 1690 3213 e
1728 3183 1825 3213 casa
1853 3178 1945 3225 per.
