1982 3268
201 114 229 159 4
990 120 1201 155 Prooemium.

201 225 434 266 distantiam
451 225 565 266 Jovis
586 231 627 267 et
644 227 803 278 Martis,
836 229 1072 282 quadratum
1092 230 1162 269 &c.
1191 228 1378 270 adhibere
1394 214 1583 275 conatus,
1607 240 1695 269 cum
1720 240 1798 269 non
1822 227 1982 269 meliore

199 309 386 337 successu
416 298 628 349 gauderet,
659 299 710 339 ad
741 299 989 353 regularia
1019 299 1314 353 geometrica
1345 311 1566 352 corpora,
1605 303 1649 339 ut
1678 289 1805 350 globis
1837 300 1982 351 (neque

195 379 312 417 vero,
359 368 461 421 quod
498 368 582 420 ipse
615 382 801 422 expresse
833 372 1025 417 cavebat,
1071 370 1243 411 realibus
1282 356 1351 410 seu
1390 369 1681 419 materialibus,
1725 370 1861 423 quales
1898 375 1982 410 tum

195 438 383 490 temporis
420 439 533 480 multi
576 440 823 493 fingebant),
869 442 1007 496 quibus
1045 442 1360 494 circumscriptos
1397 441 1582 493 planetas
1619 439 1768 480 moveri
1797 440 1978 492 putabat,

192 509 320 562 magis
352 522 536 563 congrua,
569 524 686 564 quam
716 512 864 565 figurae
888 514 1033 565 planae
1058 517 1162 562 sunt,
1196 525 1422 561 conversus,
1454 525 1550 552 vera
1581 511 1655 552 sibi
1685 511 1834 551 vidisse
1864 510 1979 551 vide-

189 579 323 630 batur,
357 581 594 635 inventaque
625 583 839 626 Prodromo
871 584 1046 637 pluribus
1079 596 1261 624 enarrare
1294 588 1335 622 et
1365 583 1636 622 demonstrare
1667 585 1846 622 conatur.

306 653 446 707 Itaque
477 654 643 706 primum
675 655 780 708 (cap.
804 654 847 704 1)
880 656 1018 709 quibus
1050 655 1181 696 causis
1214 655 1406 695 adductus
1439 651 1754 706 Copernicanam
1783 652 1978 693 rationem

189 723 394 774 amplexus
420 723 486 771 sit,
514 729 695 774 enarrat;
728 725 869 766 deinde
896 727 1002 778 (cap.
1025 724 1072 775 2)
1098 725 1160 775 iis,
1188 738 1287 778 quae
1312 723 1629 778 ipseinvenerit,
1662 729 1850 777 tanquam
1875 732 1976 763 novo

187 793 424 835 adminiculo
454 796 651 836 rationem
682 796 791 836 illam
823 791 952 837 fulciri
978 797 1129 845 credit3
1161 801 1243 836 tum
1271 797 1378 848 (cap.
1401 793 1565 845 3—17)
1598 807 1764 848 corpora
1788 808 1860 835 sua
1884 795 1975 846 pla-

185 869 366 905 netarum
396 866 554 906 orbibus
587 868 882 908 accommodare
912 868 1067 916 studet,
1099 880 1170 907 nec
1202 879 1300 915 non,
1333 879 1432 920 quae
1464 867 1512 907 de
1544 865 1717 906 numeris
1750 865 1975 918 non-plane

183 948 254 975 nec
285 935 323 976 in
357 937 535 978 omnibus
568 939 739 991 planetis
766 951 928 991 prorsus
953 939 1258 992 congruentibus
1279 938 1528 991 objiciuntur,
1562 937 1775 989 explanare
1807 941 1877 976 aut
1906 949 1973 976 re-

180 1005 317 1046 fellere
327 1019 341 1056 3
380 1019 523 1048 novam
561 1007 721 1061 insuper
752 1014 793 1049 et
822 1009 898 1049 huc
928 1022 1051 1062 usque
1082 1009 1275 1049 intactam
1306 1009 1506 1061 ingressus
1543 1008 1673 1055 viam,
1712 1008 1802 1048 loca
1830 1007 1972 1060 plane-

178 1080 308 1117 tarum
339 1076 483 1130 Capite
515 1078 616 1127 XV,
648 1093 724 1119 non
756 1080 807 1120 ad
837 1080 1027 1130 medium,
1062 1081 1134 1121 sed
1165 1081 1216 1120 'ad
1249 1085 1506 1134 apparentem
1537 1079 1644 1120 Solis
1676 1080 1805 1119 locum
1834 1079 1970 1119 refert.

176 1147 384 1189 Postremo
418 1151 524 1202 (cap.
563 1149 752 1200 18—21)
784 1165 936 1192 errores
974 1152 1024 1192 ab
1063 1152 1300 1193 astronomis
1331 1152 1371 1191 in
1403 1149 1661 1191 observandis
1691 1149 1864 1203 planetis
1895 1149 1971 1189 ad-

175 1219 318 1260 missos
349 1233 561 1262 recensens
595 1227 636 1262 et
667 1222 908 1275 dijudicans,
952 1236 1074 1276 opera
1104 1228 1146 1264 et
1174 1223 1340 1264 consilio
1371 1221 1624 1264 Maestlini
1654 1233 1894 1274 magnopere
1925 1232 1969 1260 se

176 1290 355 1343 adjutum
388 1305 477 1333 esse
509 1298 623 1346 grato
656 1294 785 1335 animo
810 1295 1016 1348 profitetur
1025 1308 1038 1344 3
1071 1308 1292 1348 quanquam
1312 1294 1480 1346 posthac
1505 1292 1609 1342 illas,
1644 1304 1744 1345 quae
1773 1291 1968 1332 videban-

176 1367 257 1409 tur,
299 1364 596 1405 emendationes
633 1360 804 1406 numeris
842 1379 863 1406 e
902 1367 1148 1419 regularibus
1180 1366 1408 1419 corporibus
1440 1364 1631 1404 desumtis
1661 1364 1720 1404 ita
1749 1367 1966 1404 retractat:

175 1438 363 1492 „ceterae
395 1435 612 1476 errantium
643 1450 889 1478 numerorum
921 1438 972 1478 ad
1004 1438 1214 1478 veritatem
1247 1436 1474 1485 allusiones,
1511 1448 1609 1489 quas
1639 1433 1791 1488 passim
1821 1434 1964 1486 allego,

176 1504 364 1545 fortuitae
390 1511 493 1555 sunt,
527 1519 600 1547 nec
621 1507 775 1559 dignae,
810 1521 909 1561 qnae
929 1507 1202 1557 excutiantur3
1228 1507 1427 1560 jucundae
1458 1511 1592 1546 tamen
1623 1505 1716 1546 mihi
1747 1504 1964 1557 recognita,

165 1575 266 1627 quia
296 1581 474 1626 monent,
515 1578 654 1630 quibus
686 1579 930 1628 maeandris,
973 1592 1133 1633 quorum
1163 1579 1357 1632 parietum
1387 1577 1635 1630 palpatione,
1673 1587 1744 1628 per
1779 1575 1965 1626 tenebras

171 1646 438 1698 ignorantiae,
473 1648 524 1688 ad
554 1649 791 1701 pellucidum
822 1650 968 1691 ostium
987 1650 1183 1697 ‚veritatis
1212 1649 1481 1689 'devenerimf
1545 1648 1673 1696 (Nota
1703 1647 1755 1687 ad
1786 1659 1874 1700 cap.
1908 1644 1958 1687 21

171 1718 402 1769 posterioris
436 1719 656 1769 editionis.)
716 1721 880 1762 Duobus
913 1722 1107 1775 supremis
1139 1712 1335 1774 capitibus
1367 1718 1458 1768 (22.
1491 1717 1583 1767 23.)
1623 1719 1671 1758 de
1711 1719 1963 1770 planetarum

171 1794 346 1830 motuum
377 1790 520 1840 causis,
555 1791 602 1831 de
635 1791 747 1832 initio
780 1797 822 1832 et
851 1793 927 1833 fine
958 1793 1092 1833 mundi
1124 1793 1342 1846 disputans,
1376 1804 1474 1844 opus
1507 1803 1620 1831 sunm
1650 1790 1750 1831 finit.

287 1859 370 1901 Sed
401 1874 518 1914 quum
548 1862 758 1903 maximam
788 1868 943 1915 partem
968 1864 1030 1904 hic
1062 1847 1220 1905 libellus
1257 1868 1429 1917 exponat
1454 1863 1622 1916 quinque
1647 1860 1846 1914 regularia
1868 1871 1959 1901 cor-

169 1943 285 1984 pora,
318 1932 417 1972 haec
447 1933 621 1973 habeto:

287 2003 460 2044 Veteres
486 2003 566 2044 illis
591 2005 818 2057 corporibus
843 2005 1050 2058 plurimum
1074 2004 1316 2045 tribuebant.
1366 2002 1636 2058 Pythagoraei
1657 2002 1813 2056 quidem
1831 2015 1960 2044 rerum

140 2122 141 2130 ἵ
171 2074 342 2115 omnium
373 2074 572 2115 elementa
602 2075 681 2115 illis
719 2076 912 2117 contineri
950 2077 1200 2124 statuebant,
1241 2072 1487 2115 dodeca'edro
1524 2086 1655 2114 rerum
1684 2073 1959 2116 universitatis

168 2144 380 2198 imaginem
411 2146 571 2196 referri,
606 2147 808 2187 tetraedro
839 2147 992 2200 ignem,
1026 2147 1124 2188 cubo
1149 2151 1315 2195 terram,
1349 2145 1536 2186 octaedro
1569 2148 1721 2194 aerem,
1752 2145 1958 2186 icosaedro

169 2228 311 2268 aquam
344 2216 557 2269 significari
589 2218 781 2258 dicentes.
826 2219 921 2259 Illos
947 2218 1213 2272 sequebantur
1238 2217 1383 2257 similia
1407 2216 1650 2257 somniantes
1679 2216 1836 2271 mystici
1865 2216 1958 2270 phi-

128 2277 131 2281 *
167 2287 322 2339 losophi
354 2289 486 2328 seculo
511 2289 595 2329 XV
624 2293 665 2328 et
690 2288 816 2329 XVI:
850 2290 988 2343 quibus
1020 2289 1161 2330 iisdem
1191 2289 1238 2328 de
1270 2289 1387 2330 rebus
1419 2288 1540 2328 etiam
1568 2287 1790 2341 posteriore
1821 2292 1956 2338 aetate

166 2358 322 2410 Anglus
354 2358 419 2399 ille
448 2359 647 2400 Robertus
680 2360 728 2400 de
753 2361 958 2400 Fluctibus
990 2372 1078 2424 cum
1103 2359 1277 2411 Keplero
1308 2358 1346 2398 in
1378 2358 1503 2398 rixam
1534 2358 1656 2398 venit.
1706 2358 1753 2399 In
1776 2357 1965 2409 Euclidis

166 2430 373 2470 elementis
398 2430 486 2471 libri
507 2429 619 2480 XIII,
652 2431 764 2480 XIV,
792 2431 887 2481 XV,
920 2444 995 2471 non
1022 2430 1098 2471 nisi
1122 2429 1320 2482 regularia
1344 2442 1510 2483 corpora
1539 2433 1752 2481 exponunt,
1783 2428 1831 2468 de
1864 2428 1952 2482 qui-

165 2501 237 2540 bus
258 2513 363 2554 quae
389 2501 505 2541 affert
529 2501 736 2554 Keplerus‚
770 2502 849 2542 illis
881 2502 992 2542 libris
1018 2501 1154 2541 innixa
1178 2500 1420 2553 geometrica
1450 2500 1602 2541 ratione
1633 2499 1684 2540 ab
1708 2499 1793 2539 'illis
1825 2499 1951 2539 dedu-

164 2576 316 2613 cuntur.
356 2587 411 2599 —'
450 2571 637 2613 Calculus
674 2573 1017 2626 trigonometricus
1056 2573 1162 2612 haud
1198 2572 1330 2627 inepte
1368 2572 1441 2614 hoc
1482 2572 1568 2611 loco
1605 2570 1865 2620 adhibeatur,
1908 2573 1952 2610 ut

163 2642 295 2694 posita
325 2656 350 2682 a
379 2643 552 2696 Keplero
585 2645 785 2684 sententia
823 2644 1066 2684 examinetur
1103 2648 1144 2683 et
1180 2643 1323 2683 calculi
1359 2643 1461 2684 ratio
1498 2640 1653 2681 facilius
1690 2646 1952 2693 cognoscatur

164 2712 212 2751 ab
244 2708 311 2762 iss,
347 2713 484 2765 quibus
515 2714 721 2755 Euclidica
752 2715 853 2756 ratio
884 2715 1030 2763 minus,
1064 2727 1179 2767 quam
1208 2714 1279 2755 illa
1308 2714 1346 2753 in
1378 2726 1450 2753 usu
1481 2717 1556 2752 est.

278 2784 346 2823 Ad
376 2784 631 2826 inveniendos
663 2786 794 2833 radios
828 2787 882 2834 (r,
920 2786 976 2834 R)
1010 2785 1215 2837 globorum
1243 2785 1346 2825 intra
1377 2788 1418 2823 et
1448 2783 1592 2823 circum
1623 2794 1788 2835 corpora
1817 2782 1946 2834 scrip-

163 2858 290 2893 torum
321 2866 418 2905 opus
450 2861 512 2895 est
543 2857 712 2908 cognitis
744 2857 898 2909 angulis
929 2856 1227 2896 inclinationum
1257 2856 1474 2908 planorum.
1535 2853 1600 2893 Illi
1631 2858 1763 2893 antem
1793 2845 1852 2893 ita
1882 2852 1946 2892 in-

162 2922 380 2964 veniuntur.
444 2924 488 2965 Si
521 2940 570 2966 ex
599 2928 747 2968 vertice
780 2928 912 2980 anguli
944 2927 1059 2968 solidi
1098 2924 1336 2979 descriptu'm
1372 2924 1611 2977 cogitaveris
1649 2936 1803 2977 quoquo
1833 2922 1944 2964 radio

162 2994 334 3046 globum,
361 2995 422 3034 hic
441 2996 571 3047 planis
593 2999 724 3049 anguli
744 2999 859 3038 solidi
880 3004 1049 3048 secatur,
1077 2998 1217 3038 deinde
1244 2996 1490 3038 describatur
1507 2994 1754 3048 sphaericum
1771 2995 1942 3048 polygo-
1978 3006 1979 3010 ¹

161 3078 252 3105 num
272 3066 513 3117 respondens
534 3068 677 3119 angulo
705 3069 843 3117 solido,
871 3071 979 3121 cujus
1005 3070 1134 3109 latera
1160 3068 1234 3109 sibi
1255 3073 1347 3108 sunt
1373 3066 1567 3119 aequalia,
1593 3065 1815 3119 angulique,
1846 3064 1942 3105 item
1974 3102 1979 3114 Ε

1971 3122 1979 3166 ,ἴ
