2028 3242
181 80 267 123 346
414 107 420 113 ,
747 81 879 112 Literae
909 80 1041 121 Kepleri
1068 80 1269 122 aliorumque
1294 86 1429 114 mutuae
1844 78 1870 99 ⁹

179 190 276 224 valet,
304 192 339 219 et
362 197 414 219 res
439 187 483 218 ad
501 186 654 228 Opticam
681 187 812 228 aliaque
837 187 1040 228 pertinentes
1068 188 1291 219 astronomica
1315 187 1625 222 sollicitum'tenent
1638 189 1838 222 Fabricium.
1866 187 1991 228 ,Quare

179 236 335 278 prioribus
360 244 470 276 pauca
486 238 617 266 tantum
635 235 850 276 adjungenda
866 238 960 270 sunt,
987 243 1072 276 quae
1090 238 1242 275 spectant
1257 235 1345 267 hauc
1363 245 1495 277 operum
1512 237 1648 279 Kepleri
1666 241 1811 278 partem,
1838 237 1890 269 oui
1907 236 1992 276 haec

179 283 418 324 praemisimus.
467 281 622 314 Proxima
645 282 783 323 Kepleri
809 281 967 323 epistola,
996 281 1076 313 data
1102 281 1132 313 d.
1164 281 1217 313 18.
1238 282 1319 315 Dec.
1340 280 1426 313 1604
1441 307 1452 318 ,
1477 284 1575 325 plane
1592 284 1671 316 nihil
1689 284 1802 320 habet,
1827 283 1913 326 quod
1929 280 1992 314 huc

178 331 330 372 pertinet.
390 329 416 361 Ε
434 330 584 371 sequenti
603 327 651 369 (d.
674 329 728 360 11.
751 329 826 361 Oct.
850 327 956 367 1605)
976 327 1124 370 apparet,
1150 340 1215 361 non
1228 331 1390 362 remisisse
1408 331 1550 363 Fabricii
1568 332 1728 364 scribendi
1746 331 1900 367 studium,
1918 340 1992 362 cum

178 378 341 418 Keplerus
367 377 410 409 ad
426 375 449 417 β
477 379 547 418 ejus
572 377 684 409 literas
701 387 760 418 per
774 387 896 409 annum
918 375 1006 407 1605
1027 377 1070 408 ad
1086 377 1192 418 ipsum
1210 377 1306 409 datas
1324 378 1419 419 simul
1435 378 1647 420 responderit.
1689 379 1858 421 Pergimus
1875 378 1992 410 eadem
2013 392 2017 395 ’

179 435 244 468 qua
269 429 372 457 antea
395 425 535 462 ratione,
568 435 681 456 omnes
703 425 764 456 has
782 425 923 456 Fabricii
942 425 1130 456 omittentes
1138 419 1371 466 'quaestioneS,
1397 426 1439 458 ad
1456 435 1537 468 quas
1554 436 1620 458 non
1637 426 1802 468 respondit
1818 426 1990 468 K'eplerus.

273 472 498 504 Fabricius
525 469 573 512 (4.
594 470 682 513 [14]
697 472 774 505 Jan.
797 469 923 511 1605):
951 471 1121 511 Quomodo
1139 473 1253 505 linea
1277 473 1517 506 meridiana
1541 473 1795 515 deprehenditur
1812 473 1874 506 sub
1885 471 1991 516 polis?

301 520 568 572 Kepleru's:
614 520 676 559 De
711 519 931 559 meridiana
963 519 1036 559 sub
1067 520 1160 571 polo
1194 522 1422 571 quaerenda
1462 521 1673 573 scripsisse
1705 534 1769 562 me
1801 521 1896 561 olim
1927 525 1993 561 sat

180 579 355 619 memini.
421 577 595 625 Quaeris
629 580 856 631 oppositum
888 579 925 618 in
963 579 1144 630 adjecto,
1178 580 1217 619 id
1250 593 1410 632 nempe,
1454 582 1556 632 quod
1602 593 1678 621 non
1711 585 1777 621 est
1815 579 1894 620 nisi
1924 593 1991 620 re-

180 645 321 690 spectu
354 637 431 678 loci
464 639 632 690 alicujus
666 639 703 678 in
738 639 874 687 Terra,
909 644 954 678 ut
984 638 1268 691 Non-dwegiae,
1302 639 1555 687 Moscoviae,
1586 640 1818 680 Hiberniae.
1882 639 1992 679 Tunc

183 711 257 737 non
293 698 460 745 coelum,
495 698 566 738 sed
599 698 724 738 Tema
755 698 1020 746 consulenda;
1067 703 1303 750 prospectus
1331 711 1492 751 nempe,
1527 705 1599 740 aut
1629 699 1663 739 si
1697 700 1799 739 forte
1828 711 1993 751 magnes

179 758 402 805 intueatur,
450 758 498 797 de
543 770 619 809 quo
665 756 893 804 Gilbertus;
939 756 1115 796 declinat
1159 770 1299 811 nempe
1345 772 1369 798 a
1412 759 1504 811 polo
1547 759 1598 833 ad
1640 764 1779 813 partes
1812 758 1990 845 potiores

180 824 386 863 te11··‚a1um
422 816 668 856 exstantium
701 829 752 855 ex
784 816 911 868 aquis.
924 813 958 863 ⁶)

274 876 298 907 F
310 876 358 908 ab
368 884 516 908 rlelus
546 875 581 908 Si
607 885 647 907 ex
673 876 796 916 aliquot
821 875 1026 916 acronychiis
1050 874 1087 915 Β,
1123 875 1220 917 longo
1246 879 1392 917 tempore
1426 876 1644 914 distantibus,
1684 876 1727 908 ad
1751 863 1923 908 minimum
1947 874 1994 907 20

179 925 284 959 annis,
313 923 543 955 eccentribitas
570 927 603 954 et
628 932 813 966 apogaeum
837 923 954 965 inquiri
979 922 1111 960 debent,
1138 924 1316 964 quaeritur,
1343 933 1386 956 an
1412 934 1477 956 non
1503 924 1616 966 aliqua
1639 925 1784 956 varietas
1807 924 1990 966 ingeratur,

177 972 227 1002 ita
253 975 289 1002 ut
314 980 423 1002 verum
464 980 649 1012 apogaeum
682 971 733 1002 vel
770 970 935 1011 aphelium
971 971 1041 1002 dari
1075 981 1141 1002 nou
1175 971 1300 1012 possit,
1337 981 1411 1002 cum
1447 972 1593 1003 diversae
1626 972 1870 1004 observationes
1895 970 1916 1011 Β
1941 971 1989 1002 di-

177 1028 272 1057 versa
298 1019 399 1049 etiam
424 1019 603 1059 respiciant
629 1016 807 1060 apogaea?
859 1018 1085 1059 thuomodo
1112 1019 1210 1050 errori
1236 1015 1278 1058 (si
1295 1019 1367 1060 quis
1393 1019 1468 1051 inde
1494 1016 1677 1059 redundet)
1708 1018 1906 1051 obviandum
1929 1018 1992 1050 sit?

295 1066 454 1116 Keple
469 1079 570 1105 rus:
607 1066 747 1114 Putas,
781 1065 887 1105 iutra
920 1064 976 1106 30
1010 1079 1134 1105 annos
1167 1066 1320 1105 reditus
1352 1064 1379 1118 Β
1411 1067 1558 1107 mutari
1586 1079 1809 1118 apogaeum
1842 1066 1991 1107 intole—

177 1125 370 1165 rabiliter.
435 1124 621 1174 Quaeris,
656 1126 851 1178 quomodo
885 1125 1122 1165 medendum
1153 1125 1193 1165 in
1215 1125 1468 1165 restitutione
1502 1126 1614 1178 ejus?
1675 1125 1770 1166 Jam
1791 1125 1986 1166 hoc‘Pto-

177 1186 353 1225 lemaeus
387 1184 425 1223 in
459 1185 575 1224 Luna
607 1185 754 1225 docuit.
819 1184 1021 1225 Utendum
1054 1190 1118 1224 est
1149 1197 1226 1224 non
1260 1185 1430 1226 arcubus
1463 1185 1535 1224 sub
1567 1185 1746 1234 zodiaco,
1781 1184 1855 1224 sed
1886 1197 1987 1225 auo-

175 1245 308 1284 maliis
342 1243 589 1296 simplicibus
623 1249 664 1283 et
696 1244 943 1296 coaequatiS,
979 1244 1160 1296 quamvis
1193 1244 1326 1284 hercle
1358 1242 1622 1297 perexiguum
1649 1243 1724 1285 hoc
1757 1249 1834 1293 est,
1869 1243 1993 1297 quid—,

177 1304 267 1355 quid
311 1308 386 1343 est.
451 1303 599 1343 Martis
643 1316 768 1356 aeque
814 1303 932 1343 velox
971 1309 1035 1343 est
1074 1303 1276 1355 aphelium
1317 1317 1435 1356 quam
1466 1304 1668 1356 proxime,
1715 1303 1813 1344 nihil
1857 1308 1991 1343 tamen

177 1363 271 1402 mihi
304 1363 440 1402 nocuit
471 1362 535 1402 hic
567 1368 699 1402 motus
732 1363 953 1414 neglectus,
989 1363 1170 1415 quamvis
1204 1363 1238 1402 ei
1272 1363 1400 1416 major
1433 1362 1727 1404 eccentricitas.

271 1422 521 1454 Fabricius:
550 1421 824 1463 Compendiosam
857 1427 948 1454 tuam
976 1421 1092 1454 Lunae
1119 1422 1194 1454 loca
1219 1432 1259 1454 ex
1285 1422 1468 1454 canonibus
1494 1422 1690 1464 Tychonicis
1716 1421 1914 1464 supputandi
1938 1429 1992 1453 ra-

176 1471 298 1501 tionem
325 1469 402 1500 mihi
430 1471 663 1508 communices,
691 1479 826 1511 quaeso.

295 1518 573 1569 Keplerus:
620 1518 681 1556 De
727 1518 866 1556 Lunae
906 1517 1140 1568 compendio
1180 1518 1267 1569 jam
1312 1529 1434 1570 saepe
1481 1516 1681 1568 respondi.
1756 1517 1854 1556 Plus
1898 1515 1992 1557 mihi

177 1577 324 1617 laboris
358 1576 634 1616 insumendum
666 1577 703 1616 in
747 1577 1021 1625 describendo,
1066 1589 1185 1628 quam
1231 1577 1367 1616 decem
1414 1575 1483 1616 alii
1515 1576 1677 1628 capient
1718 1574 1908 1616 utilitatis
1952 1574 1990 1613 in

177 1637 338 1676 utendo.
405 1635 693 1688 compendium
726 1642 789 1676 est
822 1636 1031 1687 dispendio
1065 1636 1215 1684 simile,
1262 1635 1299 1675 in
1341 1648 1416 1688 quo
1448 1648 1548 1687 pene
1581 1635 1680 1676 nihil
1715 1632 1881 1683 tollitur,
1914 1633 1993 1674 nisi

177 1695 438 1747 triangulum,
486 1696 589 1747 quod
628 1708 705 1734 non
740 1695 933 1743 solvitur,
977 1700 1017 1734 et
1062 1701 1239 1735 motuum
1272 1695 1491 1735 mediorum
1535 1699 1613 1734 non
1645 1694 1690 1734 fit
1722 1699 1804 1735 tam
1835 1693 1994 1746 prolixa

177 1755 342 1794 additio.
408 1754 453 1794 Si
485 1755 711 1806 exemplum
744 1754 945 1802 haberem,
980 1755 1099 1805 plane
1133 1767 1208 1794 non
1244 1767 1445 1805 negarem.

270 1815 519 1846 Fabricius:
549 1813 651 1854 Cupio
679 1824 718 1845 ex
736 1818 769 1845 te
797 1812 1008 1855 cognoscere,
1035 1824 1079 1845 an
1105 1814 1211 1845 nullus
1238 1823 1278 1846 ex
1302 1814 1448 1855 professo
1474 1813 1707 1854 scripserit-de
1730 1812 1908 1845 collatione
1932 1821 1992 1844 au-

177 1872 290 1893 norum
317 1863 581 1893 observationum
606 1862 751 1893 omnium
775 1860 979 1893 Ptolemaei?
1033 1885 1035 1887 .

294 1922 564 1976 Keplerus:
611 1920 834 1960 Ptolemaei
867 1921 1085 1960 observata
1128 1921 1318 1972 pleraque
1359 1920 1599 1972 Buntyngus
1645 1919 1682 1958 in
1719 1917 1991 1969 Ohronologia

178 1981 224 2020 ad
259 1981 451 2020 calculum
488 1979 805 2031 Copernicanuin
838 1979 1096 2019 examinavit.
1162 1980 1329 2033 Praeter
1360 1979 1463 2018 hunc
1497 1979 1580 2018 scio
1607 1977 1816 2019 neminem.
1871 1984 1874 1985 ’

270 2052 511 2083 Fabricius.
504 2060 525 2068 ·’
553 2050 746 2089 Quaeritur,
787 2059 829 2082 an
855 2051 992 2081 variatio
1019 2050 1275 2081 eccentrieitatis
1302 2048 1424 2080 Solaris
1461 2058 1574 2080 revera
1605 2049 1824 2080 mutationem
1849 2047 1990 2088 aliquam

177 2101 306 2141 ingerat
331 2103 512 2130 ceterorum
536 2096 703 2128 motibus?
755 2098 897 2129 Dubium
923 2099 1010 2129 enim
1048 2097 1110 2129 hoc
1135 2098 1274 2138 primum
1300 2097 1362 2128 erit
1387 2096 1697 2132 demonstrandum,
1737 2105 1811 2127 cum
1837 2095 1989 2127 observa-

176 2148 281 2178 tiones
308 2147 489 2178 Ptolemaei
521 2146 586 2176 sint
612 2145 678 2176 lato
705 2145 800 2176 modo
827 2149 997 2186 acceptae,
1033 2155 1094 2176 nec
1120 2149 1231 2176 veram
1257 2145 1540 2176 ecc‘entricitatem
1579 2143 1622 2175 ad
1646 2143 1732 2175 illius
1756 2147 1906 2184 tempora
1936 2151 1990 2175 ex·

176 2195 287 2227 hibere
312 2198 460 2236 possunt.

295 2253 479 2306 Keple1
493 2266 572 2292 us:
606 2252 902 2292 Eccentricitas
925 2250 1048 2299 Solis,
1083 2250 1118 2290 si
1150 2250 1244 2290 olim
1277 2251 1354 2291 fuit
1384 2251 1523 2303 major,
1557 2250 1595 2290 in
1617 2256 1651 2296 ὀ
1687 2247 1756 2291 16’
1787 2262 1822 2290 c.
1855 2250 1989 2289 varie-

179 2319 303 2352 tatem
342 2318 479 2364 potest
517 2312 710 2362 ingerere.
773 2311 900 2350 Ecce:
945 2310 998 2350 sit
1037 2315 1070 2355 ὅ
1113 2310 1149 2349 in
1190 2310 1402 2361 perihelio,
1451 2303 1583 2360 Q'in
1626 2308 1798 2361 aphelio.
1861 2307 1927 2349 Sit
1958 2313 1990 2354 <3

179 2372 373 2412 distantia
407 2385 430 2410 a,
464 2369 516 2421 Θ
551 2368 739 2418 438300,
778 2369 829 2421 Θ
872 2368 1055 2410 102100.
1121 2370 1165 2409 In
1198 2370 1347 2409 tabulis
1380 2369 1479 2409 meis
1511 2369 1646 2425 prodit
1677 2368 1798 2408 index
1833 2365 1988 2408 15058.

180 2433 236 2470 At
267 2431 360 2472 Sole
396 2431 572 2470 distante
613 2428 803 2474 101800,
846 2435 888 2469 ut
922 2429 1058 2478 hodie,
1101 2428 1221 2468 index
1261 2434 1323 2468 est
1362 2427 1516 2470 15202.
1580 2427 1776 2468 Doctrina
1815 2426 1988 2467 indicum

179 2491 341 2530 exhibet
378 2488 444 2531 16¹
478 2488 578 2530 38‘¹.
643 2491 686 2529 In
722 2489 754 2537 S?
788 2489 915 2540 major
948 2493 1083 2540 potest
1115 2488 1359 2542 contingere,
1393 2488 1432 2528 in
1460 2487 1607 2528 ceteris
1639 2486 1780 2526 minor.
1842 2486 1991 2524 Modus

179 2551 275 2589 haec
315 2550 549 2602 explorandi
585 2550 671 2601 jam
707 2549 860 2601 pridem
908 2548 1002 2587 mihi
1046 2547 1272 2587 destinatus
1307 2551 1371 2587 est
1410 2559 1481 2598 per
1511 2558 1629 2586 unam
1663 2544 1988 2585 observationem

178 2609 399 2648 Ptolemaei
434 2610 471 2648 in
506 2614 538 2654 <3¹
571 2609 773 2655 habitam,
821 2621 869 2647 ex
898 2606 922 2647 5
958 2608 994 2646 in
1028 2607 1276 2647 universum:
1322 2606 1363 2646 in
1394 2606 1465 2646 illa
1496 2610 1529 2650 ὀ
1562 2604 1636 2644 fuit
1673 2604 1839 2656 junctus
1871 2603 1988 2644 fixae.

180 2668 232 2707 Et
266 2680 427 2719 possein
466 2668 558 2708 hinc
592 2668 708 2708 facile
741 2668 910 2719 probare
951 2665 1264 2706 eccentric-itatis
1299 2663 1351 2715 Θ
1387 2665 1461 2714 (ὃ)
1494 2663 1759 2704 variationem
1797 2663 1860 2703 vel
1893 2675 1988 2703 con-

179 2728 384 2772 stantiam,
417 2728 553 2779 posita
585 2727 788 2766 constanti
821 2725 1127 2766 excentricitate
1161 2730 1215 2773 d,
1251 2725 1284 2764 si
1317 2725 1432 2763 modo
1468 2724 1576 2762 locus
1605 2721 1658 2774 Θ
1686 2735 1737 2762 ex
1756 2722 1989 2762 Ptolemaeo

180 2787 251 2825 sub
286 2787 373 2825 fixis
412 2787 513 2826 bene
546 2791 686 2838 posset
719 2787 769 2825 ad
803 2786 874 2825 illa
907 2791 1088 2836 tempora
1122 2782 1357 2835 computari,
1421 2782 1480 2822 At
1523 2789 1676 2830 metuo,
1723 2786 1767 2821 ut
1797 2781 1872 2821 hoc
1906 2781 1986 2820 fieri

181 2857 254 2884 non
288 2846 429 2897 possit,
465 2846 556 2897 quia
588 2858 682 2899 usus
717 2845 880 2885 orientis
904 2845 1041 2883 Lunae
1076 2843 1336 2883 occumbente
1358 2841 1452 2881 Sole
1477 2855 1552 2881 non
1575 2847 1694 2881 cavet
1713 2840 1987 2880 refractiones.

274 2916 516 2947 Fabricius:
556 2916 681 2952 Audio,
718 2920 752 2947 te
787 2916 939 2947 diuturno
979 2919 1011 2947 et
1037 2914 1160 2947 difficili
1192 2914 1302 2945 morbo
1336 2913 1398 2945 hoc
1426 2922 1512 2944 anno
1540 2913 1726 2944 divexatum
1750 2911 1861 2943 fuisse.
1911 2911 1990 2952 EJus

180 2962 274 2994 initia
298 2962 357 2994 dte.
384 2964 466 2994 scire
493 2964 586 3004 cupio
615 2963 744 3005 aliaque
770 2973 854 3005 quae
880 2964 938 2994 tibi
965 2962 1167 2994 acciderunt.

299 3021 566 3071 Keplerus:
613 3022 675 3061 De
716 3023 852 3062 morbo
894 3035 980 3061 meo
1024 3020 1209 3073 quaeris?
1271 3019 1411 3059 Febris
1453 3018 1623 3058 erratica
1668 3017 1742 3056 fuit
1773 3022 1815 3057 et
1845 3016 1986 3063 bilosa,

183 3086 365 3130 quartum
398 3079 592 3127 recidiva,
627 3094 714 3120 cum
747 3082 912 3121 subinde
947 3081 983 3120 in
1018 3081 1155 3119 diaeta
1186 3091 1407 3131 peccarem.
1473 3076 1540 3117 29.
1560 3076 1661 3127 Maji
1694 3082 1746 3116 st.
1780 3089 1818 3116 n.
1852 3076 1990 3128 adegit
