1982 3268
818 91 1031 128 Prooemium
1787 89 1814 132 3

41 198 183 240 mundo
212 183 465 251 musasque
495 187 732 238 coelestibus
763 197 807 238 fit
842 197 1018 247 initium,
1059 198 1131 238 sed
1166 198 1352 239 brevibus
1388 198 1461 238 5112
1489 197 1645 250 paginis
1676 197 1813 238 absol-

39 275 204 318 vuntur3
241 269 454 323 praecipua
490 282 583 310 vero
619 269 708 309 libri
746 269 869 309 moles
908 269 1180 322 complectitur
1217 268 1504 320 descriptiones
1542 269 1744 321 regionum
1774 274 1816 308 et

40 339 206 381 urbium.
263 341 405 393 Italiae
434 340 577 392 vulgus
606 339 930 391 cosmographiae
961 351 1032 391 pro
1055 338 1328 391 'geographiae
1360 338 1530 378 dictione
1561 339 1707 380 utitur:
1738 338 1814 379 im-

40 408 247 464 posuitque
270 423 349 451 vox
379 410 472 458 ista,
502 423 527 449 a
549 410 691 450 mundo
709 410 812 451 licet
835 410 1018 458 deducta,
1049 409 1216 450 officinis
1250 409 1433 458 librariis,
1465 409 1589 462 iisque
1610 410 1675 462 qui
1699 414 1814 450 cata-

31 478 154 532 logos
184 480 370 521 librorum
411 480 683 529 conscribunt,
723 486 767 521 ut
804 480 979 520 libellum
1014 493 1141 520 meum
1177 480 1280 520 iuter
1314 479 1582 532 geographica
1610 481 1815 521 referrent.

41 550 283 605 Mysten-ium
304 557 438 592 autem
465 564 538 604 pro
568 563 711 591 arcano
743 552 951 603 usurpavi,
981 560 1023 591 et
1051 563 1123 603 pro
1154 551 1224 599 tali
1256 550 1459 591 venditavi
1490 551 1690 591 inventum
1720 551 1815 591 hoc.

43 619 186 674 quippe
214 622 255 662 in
285 622 429 663 nullius
458 621 681 674 philosophi
711 621 810 662 libro
841 621 942 676 talia
970 632 1137 673 unquam
1170 620 1383 672 legeramf‘

73 697 79 702 '
159 692 204 733 In
245 691 461 733 Prodromo
511 692 598 745 ipso
642 692 726 732 falli
769 692 961 740 diximus,
1010 691 1076 744 qui
1118 691 1227 743 leges
1270 691 1371 730 istas
1416 696 1637 744 quaerant;
1688 691 1816 743 magis

42 767 174 803 autem
205 762 407 808 falluntur,
441 763 475 803 si
508 763 571 816 qui
602 769 753 804 certum
782 763 856 803 viri
888 763 937 803 de
967 763 1183 815 astrologia
1216 762 1400 815 judicium
1432 774 1475 802 se
1507 762 1817 814 deprehensurus

39 837 203 884 putant,
238 832 290 873 ab
315 845 466 886 eoque,
505 833 571 886 qui
601 834 700 874 artis
730 847 803 874 sua
833 834 946 874 initia
975 838 1119 887 ponat,
1158 838 1285 873 totam
1316 832 1557 885 astrologiae
1587 845 1817 885 compagem

40 903 122 956 peti
153 909 273 956 atque
302 903 521 956 impugnari
551 905 773 956 opinantur.
833 903 991 945 Etenim
1028 905 1094 944 vix
1131 904 1333 956 digressus
1364 917 1390 944 a
1424 909 1704 956 praeceptore,
1742 903 1818 952 cui,

39 973 217 1026 quamvis
247 973 370 1014 invito
392 971 442 1022 ¹),
476 974 716 1027 astrologiae
748 980 854 1015 certe
886 987 1077 1015 summam
1108 975 1301 1027 tradendi-
1321 987 1459 1015 munus
1490 979 1599 1025 esset
1629 975 1816 1022 delatum,

38 1055 127 1085 cum
156 1051 200 1103 et
226 1044 313 1097 ipse
343 1045 510 1085 eandem
540 1051 665 1085 artem
695 1044 867 1096 profiteri
898 1044 1053 1096 publice
1084 1057 1206 1096 nuper
1229 1045 1365 1097 jussus
1391 1051 1512 1093 esset,
1542 1044 1578 1085 si
1605 1044 1816 1085 destruen-
1872 1043 1877 1054 ¹

39 1115 115 1163 dis,
145 1127 246 1167 quae
274 1114 465 1155 hactenus
496 1115 741 1164 obtinebant,
775 1116 985 1156 sententiis
1019 1116 1161 1156 famam
1193 1121 1411 1167 quaereret,
1445 1115 1576 1156 nimiis
1601 1115 1818 1156 difficulta-

41 1185 146 1225 tibus
176 1185 464 1240 implicabatur.
515 1186 699 1238 Idemque
724 1186 776 1226 ad
807 1186 1000 1238 imagines
1033 1186 1220 1226 vividiore
1251 1186 1381 1226 animo
1413 1186 1691 1238 concipiendas
1721 1198 1816 1238 pro-

40 1255 192 1304 clivior,
222 1267 298 1295 nou
328 1260 488 1308 poterat
519 1269 595 1296 nou
622 1257 788 1309 probare
814 1257 1073 1309 disciplinam,
1106 1269 1206 1309 quae
1238 1257 1372 1297 sidera
1402 1257 1440 1296 vi
1471 1257 1641 1309 quadam
1672 1269 1820 1297 arcana

40 1325 91 1366 ad
120 1338 186 1366 res
214 1326 407 1366 humanas
437 1326 672 1380 omninoque
704 1333 913 1368 terrestres
949 1327 1083 1368 valere
1121 1333 1339 1377 statueret,
1380 1334 1422 1367 et
1452 1327 1504 1366 ad
1535 1327 1820 1369 astronomiam

39 1395 409 1437 melius'colendam
433 1402 476 1437 et
499 1398 719 1450 augendam
744 1404 829 1438 toto
854 1404 1013 1450 pectore
1038 1387 1234 1447 incensus,
1267 1398 1337 1438 illa
1359 1397 1460 1450 ipsa,
1493 1410 1611 1450 quam
1636 1397 1819 1446 diximus,

40 1472 206 1507 naturae
234 1466 366 1507 indole
398 1467 650 1508 deferebatur
679 1469 730 1515 ad
761 1469 841 1509 ista
871 1482 1027 1509 arcana.
1076 1469 1136 1509 De
1168 1469 1230 1509 his
1261 1475 1392 1509 autem
1423 1469 1462 1509 in
1487 1469 1702 1510 Prodromo
1734 1469 1820 1521 ipso

40 1536 198 1577 nonnisi
227 1549 355 1590 panca
385 1537 703 1589 deprehenderis.
765 1539 916 1579 Verum
947 1539 1057 1580 libris
1086 1540 1254 1592 posthac
1293 1539 1549 1592 conscriptis,
1589 1553 1678 1589 cum
1715 1540 1820 1589 aliis,

39 1606 124 1648 *tum
140 1605 369 1656 Harmonia,
402 1608 506 1648 haud
532 1610 654 1650 semel
682 1609 837 1650 illarum
867 1622 1000 1666 rerum,
1027 1610 1172 1650 mentio
1204 1610 1385 1662 injicitur,
1419 1623 1532 1663 quae,
1565 1610 1819 1663 quotiescun-

41 1689 116 1729 que
145 1683 370 1727 occurrunt,
401 1691 522 1731 prope
554 1679 758 1732 attingunt
788 1679 848 1728 id,
879 1681 982 1733 quod
1012 1680 1074 1721 hic
1105 1681 1261 1721 libellus
1294 1681 1416 1721 habet
1444 1666 1701 1735 propositum.

11 1764 14 1765 ⁷
70 1797 81 1800 1
157 1746 287 1794 Quam
315 1749 356 1789 in
387 1749 684 1801 quaestionibus
714 1749 969 1793 instituendis
998 1756 1157 1791 secutus
1183 1751 1237 1790 sit
1261 1751 1376 1800 viam,
1409 1764 1496 1791 cum
1515 1751 1712 1804 Keplerus
1737 1751 1822 1803 ipse

30 1810 147 1870 Xet'in
170 1819 418 1876 praefatione
438 1826 480 1861 et
503 1821 636 1862 libello
660 1821 761 1874 ipso,
795 1823 897 1874 quod
928 1822 1030 1862 idem
1056 1822 1096 1862 in
1121 1822 1232 1862 libris
1256 1822 1424 1874 posthac
1454 1822 1689 1874 conscriptis
1715 1822 1822 1869 fecit,

42 1885 144 1928 sati's
173 1901 246 1929 nos
283 1889 467 1939 edoceat,
512 1891 610 1931 haec
646 1898 802 1932 tantum
840 1894 1133 1945 praemittenda
1172 1901 1276 1934 sunt.
1338 1895 1394 1935 Ut
1424 1901 1574 1935 certam
1611 1895 1822 1948 quandam,

34 1971 144 2012 quae
173 1961 447 2002 intercederet·
467 1962 572 2004 inter
601 1964 866 2005 revolutiones
899 1971 939 2005 et
970 1965 1183 2005 distantias
1218 1965 1488 2017 planetarum,
1529 1965 1724 2006 rationem
1758 1965 1822 2005 in-

39 2029 208 2079 veniret,
239 2031 419 2083 primum,
453 2033 556 2082 „via‚
589 2034 725 2074 mirum
756 2048 872 2087 quam
902 2036 1083 2084 audaci,“
1116 2035 1287 2088 planetis
1306 2035 1399 2076 Jovi
1423 2042 1465 2076 et
1483 2036 1617 2085 Marti,
1650 2037 1822 2088 pariter-

43 2108 119 2153 que
147 2100 296 2142 Veneri
331 2107 372 2142 et
407 2102 605 2155 Mercurio
641 2104 919 2157 interpositum
957 2106 1032 2146 sibi
1068 2106 1242 2158 fingebat
1278 2119 1421 2159 nouum
1456 2107 1658 2158 planetam
1701 2119 1824 2160 „quos

42 2169 142 2210 duos
179 2170 282 2211 forte
322 2172 372 2212 ob
410 2173 627 2214 exilitatem
665 2187 740 2214 non
779 2175 1027 2216 videamus“.
1095 2175 1186 2223 Qua
1221 2177 1287 2217 via
1325 2190 1441 2230 quum
1477 2177 1605 2218 minus
1642 2177 1683 2217 id
1721 2177 1824 2229 quod

42 2238 168 2279 vellet
197 2247 486 2293 assequeretur,
517 2255 580 2291 ea,
612 2256 728 2296 quam
758 2245 882 2296 figura
911 2245 1040 2296 prima
1070 2245 1108 2285 in
1133 2248 1378 2299 praefatione
1403 2247 1566 2300 Kepleri
1594 2248 1729 2295 refert,
1760 2247 1826 2287 via

42 2308 237 2350 rationem
254 2310 364 2350 illam
382 2311 674 2364 deprehendere
695 2315 894 2361 studebat,
920 2316 1182 2365 intervallum,
1210 2330 1285 2370 quo
1302 2319 1467 2370 planeta
1485 2331 1510 2358 a
1529 2317 1622 2358 Sole
1643 2318 1824 2366 distaret,

41 2383 90 2419 ut
116 2379 245 2420 sinum
275 2392 432 2421 versum
462 2394 636 2434 ponens,
676 2385 784 2436 cujus
823 2383 972 2426 motum
1010 2391 1196 2439 tanquam
1234 2388 1409 2428 cosinum
1443 2402 1602 2429 versum
1633 2389 1684 2428 ad
1714 2388 1823 2428 illum

7 2462 13 2506 ζ’
42 2455 181 2501 posset
208 2450 368 2492 referre.
430 2450 546 2498 Quod
583 2466 670 2494 cum
706 2455 947 2508 improspere
986 2458 1269 2508 successisset,
1309 2459 1349 2499 in
1387 2459 1631 2511 explicandis
1668 2459 1822 2511 magnis

6 2516 380 2572 §conjunctionibus
410 2523 658 2574 planetarum
687 2525 800 2566 Jovis
832 2532 874 2566 et
902 2525 1068 2567 Saturni
1098 2528 1331 2580 colligebat,
1366 2530 1512 2577 lineas,
1554 2530 1691 2581 quibus
1722 2541 1820 2569 cou-

4 2581 33 2623 ἕ
37 2588 264 2642 junctiones
291 2591 394 2633 istae
426 2593 744 2646 depingerentur,
777 2596 835 2635 ita
865 2609 909 2636 se
940 2609 1097 2647 secare,
1129 2606 1173 2639 ut
1202 2600 1378 2652 punctis,
1411 2599 1549 2652 quibus
1581 2604 1820 2647 secarentur,

39 2672 168 2719 ,novus
197 2662 364 2702 circulus
394 2663 624 2714 efficeretur,
659 2665 770 2716 cujus
801 2666 934 2707 radius
965 2669 1083 2719 paulo
1108 2669 1232 2721 major
1257 2676 1378 2715 esset,
1412 2682 1529 2722 quam
1552 2664 1715 2721 majoris
1741 2669 1820 2710 cir-

144 2731 278 2773 radius
303 2733 501 2775 dimidius.
549 2733 727 2783 (0,5225
748 2749 758 2775 :
784 2735 820 2776 1.
864 2736 1060 2789 Compara
1084 2739 1248 2791 figuram
1273 2740 1487 2780 secundam
1510 2740 1550 2779 in
1574 2740 1821 2792 praefatione

7 2796 240 2855 epleri.)
289 2802 441 2849 Quodsi
466 2805 593 2846 lineae
618 2807 774 2858 trigona
800 2808 1043 2859 aequilatera
1069 2811 1282 2854 efficerent,
1315 2822 1355 2861 re
1382 2822 1476 2850 vera
1498 2810 1696 2851 radiorum
1719 2810 1820 2850 ratio

31 2889 105 2935 {''‘·
123 2877 157 2912 t
184 2870 255 2918 0,5
277 2886 288 2913 :
313 2873 349 2914 1.
396 2873 489 2914 Jam
520 2887 612 2915 vero
643 2883 731 2916 cum
762 2877 865 2916 inter
894 2878 1124 2918 distantiam
1153 2879 1266 2919 Jovis
1293 2887 1339 2934 et
1368 2879 1531 2920 Saturni
1560 2880 1662 2920 ratio
1693 2881 1819 2921 inter-

10 2946 164 3005 ‚struat
193 2943 274 2983 fere
309 2943 329 2984 1
353 2957 364 2983 ε
384 2942 429 2992 2,
472 2943 563 2993 (5,2
584 2959 594 2985 :
616 2944 706 2994 9‚5)
744 2947 981 2998 trigonum
1011 2954 1108 3000 apta
1137 2949 1199 2989 his
1228 2950 1400 3001 planetis
1431 2951 1556 3003 figura
1585 2963 1674 2991 esse
1704 2950 1818 2990 vide-

41 3005 63 3042 ³=
139 3029 174 3054 ·.
233 3012 499 3073 Haud'aliter
529 3015 581 3055 ad
599 3022 766 3057 ceteros
795 3018 979 3069 planetas
1010 3019 1181 3072 reliquas
1211 3020 1354 3072 figuras
1387 3022 1601 3073 regulares,
1634 3035 1668 3062 e.
1702 3034 1736 3061 c.
1769 3021 1818 3060 ad

1486 3091 1500 3123 1
1517 3092 1539 3111 {v
