1982 3268
85 50 142 94 72
883 53 1100 86 Prooemium.

83 158 338 200 Benathkam
368 158 473 199 veni.
538 158 603 199 Ab
637 171 683 198 eo
717 158 780 198 die
813 172 935 212 usque
969 159 1020 199 ad
1053 158 1142 200 Cal.
1176 159 1367 208 Jun.,”si
1399 157 1424 200 3
1457 159 1617 200 circiter
1649 158 1899 212 septimanas

85 218 251 267 eximas,
285 218 470 257 continue
503 230 591 257 cum
623 218 812 270 Tychone
843 219 962 271 inque
995 218 1179 259 convictu
1211 219 1295 271 ejus
1327 218 1422 258 vixi.

202 276 454 316 Invitaverat
485 276 519 316 is
551 289 612 316 me
646 277 775 316 altera
805 277 891 317 vice
935 278 1005 324 (de
1036 277 1167 329 prima
1198 277 1303 317 enim
1342 276 1581 317 invitatione
1611 276 1684 316 tibi
1716 278 1898 324 constat)

84 347 275 388 perquam
307 335 488 375 humanis
534 335 586 375 ad
617 348 679 374 me
723 336 883 388 scriptis
921 337 1062 376 literis.
1127 335 1208 376 Sed
1236 349 1306 376 eas
1345 349 1419 388 ego
1452 336 1592 376 literas
1626 335 1664 375 d.
1706 333 1769 380 lQ.
1802 335 1895 376 Jun.

87 395 246 435 demum
276 394 461 434 Viennae
493 394 533 434 in
571 394 703 434 reditu
749 395 899 447 accepi.
969 394 1037 436 Sic
1076 407 1169 447 ergo
1213 408 1289 435 non
1328 401 1485 435 tantum
1526 399 1667 446 gratus
1713 394 1785 434 sed
1827 407 1900 433 ex-

84 458 272 506 pectatus
313 453 437 493 etiam
481 453 558 494 fuit
597 454 794 494 adventus
826 466 952 494 meus,
1017 453 1130 500 Quae
1164 454 1348 502 viderim,
1383 467 1484 507 quae
1517 453 1751 503 didicerim,
1782 452 1898 493 nimis

18 518 21 519 ’
80 513 167 565 jam
210 512 372 564 longum
411 517 522 552 esset
563 525 786 553 recensere.
867 511 1076 554 Summam
1123 513 1364 554 narrationis
1411 513 1497 565 ipse
1547 512 1643 553 mibi
1688 512 1901 552 delineasti

83 570 306 611 verissimis
338 570 499 611 verbis:
532 584 609 611 non
641 576 793 612 metum
824 585 926 621 esse,
973 578 1017 612 ut
1060 586 1123 612 me
1163 572 1370 625 poeniteat
1409 572 1578 612 itineris.
1634 572 1742 612 Nam
1773 576 1815 612 et
1852 572 1901 611 de
1964 578 1965 581 ’

87 630 282 670 sumtibus
315 643 503 670 accessus
535 630 614 670 mei
645 636 807 671 cautum
839 644 929 670 esse
960 632 1056 672 mihi
1087 632 1227 679 voluit,
1261 632 1295 672 si
1326 631 1564 680 voluissem,
1598 635 1641 670 et
1672 631 1720 670 de
1751 630 1901 671 viatico

85 689 138 729 ad
168 688 339 729 reditum
372 689 600 729 necessario
634 688 834 730 Viennam
866 703 990 741 usque
1022 691 1241 742 prospexit.
1312 690 1475 731 Summa
1513 702 1607 730 vero
1645 689 1902 730 tractationis
1955 696 1963 720 ’ἑ

85 753 247 788 nostrae
283 747 357 788 fuit
386 748 500 795 haec,
532 753 577 788 ut
606 755 843 800 procuraret
872 749 969 789 mihi
1002 750 1136 804 Tycho
1169 750 1308 790 literas
1343 748 1546 798 Caesaris,
1580 748 1721 801 quibus
1755 753 1796 788 et
1825 761 1901 788 vo-

85 819 197 847 carer
227 807 268 847 in
301 807 501 848 biennium
533 807 571 846 in
603 807 862 856 Bohemiam,
898 808 1147 848 maturandis
1169 808 1369 862 Tychonis
1402 807 1656 856 editionibus,
1687 812 1729 848 et
1753 807 1901 848 nihilo·
1964 829 1969 837 =

85 865 214 906 minus
255 865 446 906 salarium
488 879 618 906 meum
655 866 693 906 in
733 866 871 920 Styria
909 867 1088 907 obtinere
1127 880 1314 920 possem:
1358 866 1637 920 suppeditaret
1674 872 1716 907 et
1748 872 1903 908 sumtus
1962 856 1971 903 5⁴

84 924 219 965 itineri
250 926 500 966 necessarios
533 926 583 965 ad
617 925 808 966 familiam
848 927 1198 967 transferendam:
1239 927 1381 980 quibus
1414 940 1439 966 a
1479 939 1542 966 me
1579 926 1798 979 propositis
1838 926 1902 966 in—

88 996 207 1035 super
238 984 390 1036 adjecit
425 990 654 1025 curaturum
691 998 754 1034 se,
788 990 834 1026 ut
864 985 1067 1026 minimum
1104 984 1186 1027 100
1207 986 1381 1038 insuper
1413 985 1591 1026 thaleros
1631 985 1670 1025 in
1707 985 1905 1025 Bohemia
1942 995 1944 997 ’

88 1055 295 1096 acclplam.
1510 1084 1517 1091 ,
1947 1077 1974 1096 ,ἓ

203 1103 306 1143 Huic
349 1106 486 1143 nostro
536 1107 656 1154 pacto
703 1116 780 1142 non
813 1103 952 1144 dubito
997 1103 1089 1156 quin
1130 1101 1299 1144 faveass
1348 1103 1500 1143 Verum
1539 1115 1631 1143 ecce
1664 1104 1903 1156 tibi‘impe-
1944 1131 1950 1138 κ

87 1161 307 1202 dimentum
340 1167 382 1202 et
413 1161 557 1201 faciem
589 1175 720 1202 rerum
764 1175 941 1203 mearum
980 1164 1099 1215 plane
1138 1162 1394 1204 contrariam.
1455 1162 1586 1202 Domo
1625 1162 1774 1204 discesi
1815 1176 1904 1204 cum

84 1219 202 1260 venia
231 1220 495 1273 magistratus
527 1221 632 1270 mei;
665 1222 835 1262 reditum
867 1233 997 1262 meum
1022 1222 1089 1262 nbi
1115 1223 1196 1262 illis
1217 1221 1452 1272 significavi,
1477 1221 1724 1273 diligentiam
1745 1222 1904 1275 quidem
1939 1225 1943 1279 {

86 1279 389 1327 collaudarunt,
424 1285 600 1320 ceterum
633 1282 876 1321 verbotenus
908 1286 1147 1328 suaserunt,
1193 1294 1234 1320 re
1272 1281 1362 1334 ipsa
1393 1280 1466 1320 sub
1499 1280 1742 1322 dimissionis
1775 1281 1902 1322 inter·
1935 1286 1941 1334 ᾗ

86 1339 303 1378 minatione
336 1339 603 1390 imperarunt,
652 1344 698 1379 ut
721 1339 908 1394 *reposita
945 1340 985 1380 in
1015 1353 1211 1392 praesens
1252 1339 1499 1380 astronomia
1537 1340 1775 1381 medicinam
1814 1353 1903 1380 am·
1943 1377 1951 1387 ,f

87 1398 309 1449 plecterer,
347 1397 598 1450 animumque
631 1412 655 1438 a
694 1399 1036 1451 speculationibus
1080 1400 1258 1452 pulchris
1296 1400 1425 1451 magis
1481 1411 1598 1452 qnam
1641 1400 1715 1440 hoc
1753 1399 1904 1440 difficili

86 1462 265 1509 tempore
298 1457 543 1497 salutaribus
587 1459 638 1498 ad
671 1471 806 1498 curam
837 1458 1026 1499 utilitatis
1058 1460 1243 1511 publicae
1275 1459 1538 1499 traducerem.
1931 1461 1945 1514 J

203 1515 260 1556 Et
292 1516 385 1568 quia
416 1517 687 1568 experimento
719 1518 997 1569 probaveram,
1031 1530 1151 1570 posse
1185 1531 1249 1558 me
1283 1518 1400 1558 domo
1432 1530 1522 1557 mea
1554 1529 1704 1565 carere,
1739 1515 1764 1559 5
1787 1530 1902 1558 men-
1935 1570 1938 1572 v

85 1575 194 1616 sibus
227 1574 370 1615 itinere
402 1575 620 1616 Bohemico
659 1577 903 1624 consumtis,
957 1582 1194 1622 suaserunt,
1246 1583 1291 1616 ut
1333 1577 1407 1616 sub
1446 1577 1626 1617 autumni
1645 1579 1822 1628 ”tempus
1863 1577 1902 1616 in

85 1634 246 1674 Italiam
278 1634 388 1681 irem,
423 1635 645 1683 medicinae
678 1649 814 1676 causa.
879 1634 924 1676 Si
957 1647 1101 1676 causas
1134 1649 1271 1676 omnes
1310 1635 1512 1688 explicare
1549 1635 1719 1684 vellem,
1760 1636 1902 1688 quibus
1934 1657 1938 1666 2

83 1693 170 1745 jam
201 1693 242 1732 in
273 1693 509 1732 Bohemiam
541 1695 687 1747 rapior,
716 1695 805 1746 jam
837 1694 875 1734 in
908 1695 1082 1742 Italiam,
1115 1700 1272 1747 tempus
1304 1701 1487 1735 tererem.
1549 1693 1715 1735 Summa
1746 1694 1901 1734 delibe-
1934 1694 1938 1701 '

84 1751 252 1791 rationis
284 1765 398 1791 meae
430 1753 531 1793 haec
563 1760 651 1793 est:
698 1754 812 1806 cupio
857 1754 985 1794 adhuc
1027 1767 1153 1794 annos
1186 1755 1339 1806 aliquot
1368 1754 1408 1794 in
1441 1753 1720 1794 astronomicis
1753 1759 1901 1794 consu-

86 1823 206 1859 mere,
239 1816 404 1863 propter
436 1812 665 1864 Tychonem
698 1812 940 1852 ditissimum
972 1826 1101 1853 rerum
1133 1814 1273 1854 harum
1304 1825 1608 1865 possessorem:
1642 1812 1726 1852 sive
1749 1812 1804 1853 —id
1832 1813 1905 1853 fiat
1940 1860 1942 1862 ¹

87 1870 124 1909 in
156 1870 373 1915 Bohemia,
408 1871 503 1920 sive,
541 1872 645 1924 quod
677 1872 832 1920 malim,
866 1871 930 1911 hic
965 1871 1136 1913 Graetii.
1173 1873 1364 1921 ‚Interea
1394 1872 1606 1925 paullatim
1637 1871 1679 1912 in
1709 1871 1907 1916 medicina
1940 1871 1947 1896 ῗ

83 1929 361 1980 progrederer.
425 1930 492 1969 Ad
537 1931 611 1970 hoc
652 1931 880 1971 institutum
919 1944 1017 1983 opus
1049 1932 1145 1972 mihi
1183 1937 1248 1972 est
1285 1931 1583 1972 continuatione
1615 1931 1764 1979 salarii,
1798 1931 1902 1984 quod
1935 1950 1949 1986 3

86 1987 136 2027 ab
170 1986 387 2028 Ordinibus
418 1989 535 2040 hujus
567 1990 794 2042 provinciae
827 1990 967 2039 habeo,
998 2002 1097 2041 opus
1130 1996 1170 2030 et
1190 1991 1407 2031 securitate
1434 1991 1471 2029 in
1499 1990 1703 2042 religionis
1723 1990 1899 2042 negotio,

85 2059 204 2098 quam
234 2052 444 2098 praestare
475 2049 660 2100 princeps
691 2053 847 2100 potest,
888 2049 993 2101 quali
1027 2050 1149 2089 etiam
1181 2049 1317 2103 Tycho
1350 2049 1422 2089 sub
1457 2047 1635 2089 Caesare
1668 2049 1811 2090 fruitur
1843 2048 1902 2096 (in
1940 2063 1942 2101 j

87 2118 221 2157 marg:
254 2106 531 2159 utrinque-me
559 2113 675 2157 extra
707 2113 856 2160 metum
887 2121 976 2162 esse
1006 2111 1204 2160 oportet).

201 2163 242 2204 A
274 2169 314 2204 te
346 2178 453 2213 vero,
487 2167 545 2206 M.
580 2166 673 2215 Vir,
707 2167 781 2206 hoc
812 2172 932 2218 peto,
964 2168 1132 2219 primum
1164 2173 1209 2207 ut
1239 2167 1445 2207 consultor
1476 2166 1571 2206 mihi
1603 2166 1777 2218 optimus
1810 2178 1900 2206 esse

83 2222 204 2271 velis,
239 2223 400 2272 deinde,
434 2225 519 2264 sive
552 2225 678 2272 aliud,
713 2225 798 2265 sive
831 2226 926 2273 hoc,
960 2227 1063 2278 quod
1097 2239 1170 2278 ego
1204 2227 1332 2279 elegi,
1366 2226 1559 2274 suaseris,
1607 2225 1666 2266 uti
1696 2225 1830 2266 media
1860 2230 1902 2265 et

84 2282 235 2321 indices
269 2287 310 2322 et
342 2283 646 2333 subministres,
681 2297 844 2337 quorum
877 2285 1046 2325 alterum
1077 2286 1199 2338 probe
1232 2286 1358 2334 nosti,
1394 2285 1562 2324 alterum
1593 2285 1722 2336 polles
1754 2283 1899 2324 illustri
1941 2289 1943 2292 “

84 2341 172 2380 loco
204 2342 461 2390 constitutus,
494 2342 533 2382 in
568 2343 643 2382 hac
675 2343 911 2395 praesertim
943 2344 1263 2390 Monachiensis,
1299 2343 1541 2384 Graezensis
1587 2350 1628 2384 et
1658 2340 1900 2383 Bohemicae
1942 2386 1944 2391 ,

84 2397 204 2439 aulae'
232 2405 371 2440 mutua
403 2402 646 2442 connexione
680 2407 721 2442 et
751 2403 1044 2454 praestantium
1076 2405 1293 2444 autoritate
1326 2403 1499 2443 virorum
1530 2403 1688 2443 notitia.

203 2457 392 2508 Quaeris,
427 2460 482 2508 si,
519 2461 620 2512 quod
662 2462 725 2501 hic
770 2462 898 2501 habeo
931 2463 1138 2518 salarium,
1185 2476 1272 2503 cum
1305 2474 1495 2502 caesareo
1534 2462 1668 2501 forsan
1709 2461 1932 2513 ampliore,

86 2522 423 2567 commutaretur,
443 2526 448 2530 '
468 2519 533 2571 qui
576 2521 616 2559 id
660 2520 754 2561 mihi
800 2521 854 2572 sit
899 2526 1108 2573 acceptum
1148 2522 1352 2562 futurum?
1412 2520 1590 2561 Primum
1628 2533 1838 2572 separarer
1875 2533 1900 2559 a
1958 2529 1964 2540 ·

91 2575 243 2629 Styria,
279 2578 340 2618 cui
374 2591 461 2618 sum
494 2579 684 2619 astrictus
717 2580 851 2620 multis
884 2580 1257 2621 necessitudinibus.
1291 2581 1337 2620 Id
1369 2579 1567 2619 vinculum
1598 2579 1638 2619 in
1670 2592 1792 2620 uxore
1812 2592 1902 2619 mea
1946 2578 1947 2582 ’

86 2635 251 2687 ejusque
295 2637 411 2676 bonis
457 2637 678 2689 stringitur.
742 2639 896 2678 Deinde
941 2652 1004 2679 me
1049 2641 1222 2692 vestigia
1262 2643 1426 2680 terrent.
1489 2638 1649 2691 Tycho,
1695 2639 1758 2679 vir
1795 2637 1900 2679 tanti

87 2694 275 2760 nominis,·
303 2700 420 2735 tanta
453 2695 643 2737 Caesaris
676 2698 821 2749 gratia,
858 2711 986 2738 annuo
1020 2712 1091 2739 suo
1124 2698 1323 2751 stipendio
1355 2697 1529 2737 maxima
1550 2710 1637 2737 cum
1664 2697 1898 2737 difficultate

86 2752 152 2791 vix
183 2754 360 2804 potitur,
395 2768 440 2794 ac
475 2768 571 2795 sane
605 2757 764 2804 nescio,
799 2770 846 2796 an
880 2758 1033 2808 potitus
1067 2758 1145 2798 sit:
1192 2771 1292 2810 quae
1334 2769 1456 2812 causa
1495 2756 1831 2812 meditationese
1794 2755 1907 2811 Q

84 2811 342 2852 vehemente1
374 2814 522 2854 turbat.
588 2813 693 2860 Quid
734 2828 828 2866 ergo
871 2816 919 2855 de
951 2829 1012 2856 me
1047 2817 1219 2857 futurum
1257 2807 1415 2855 esset?
1459 2804 1524 2854 An
1557 2828 1633 2854 non
1667 2828 1730 2854 me
1763 2827 1896 2854 meos-
1939 2826 1943 2834 ¹

87 2881 159 2921 que
193 2870 230 2908 in
266 2876 467 2911 extremas
501 2874 707 2924 angustias
741 2875 827 2914 loco
859 2875 1068 2926 peregrino
1101 2874 1377 2926 conjicerent?
1425 2874 1538 2912 Haec
1571 2887 1694 2914 causa
1725 2879 1801 2921 est,
1829 2885 1898 2913 cur

86 2932 156 2966 aut
187 2928 374 2968 salarium
407 2930 632 2984 Styriacum
667 2933 960 2985 quibuscunque
1006 2936 1168 2974 tandem
1213 2933 1339 2973 modis
1385 2933 1702 2982 defendendum,
1736 2937 1827 2979 aut,
1862 2931 1896 2971 si
1934 2984 1936 2986 ‚

88 2998 164 3038 qua
197 2988 418 3027 necessitas
452 2996 617 3056 urgeat,
663 2992 817 3043 longius
860 2993 987 3032 adhuc
1020 2993 1057 3032 in
1093 2992 1347 3032 Germaniam
1388 2991 1672 3030 diffidendum
1692 2965 1893 3030 statuam.
1928 3039 1930 3041 Ι

204 3043 265 3085 De
302 3045 520 3088 Werneri
554 3050 901 3090 observationibus
935 3052 1016 3090 fieri
1049 3056 1203 3105 potest,
1244 3055 1287 3090 ut
1320 3063 1380 3091 me
1416 3050 1534 3091 fallat
1566 3050 1772 3099 memoria,
1807 3061 1895 3091 cum
1931 3050 1933 3054 ”
