2028 3242
155 100 243 143 320
717 101 851 133 Literae
875 99 1013 142 Kepleri
1044 100 1245 143 aliorumque
1269 106 1405 134 mutuae

154 208 259 239 tiones
285 206 423 244 faciant,
451 210 486 238 et
510 204 699 248 quomodo?
748 205 850 238 Ratio
869 205 1052 238 Ptolemaei
1077 205 1157 238 mihi
1182 216 1248 238 non
1274 206 1449 247 satisfacit,
1476 206 1563 250 quod
1579 206 1662 241 hora
1676 208 1711 241 in
1725 207 1802 242 Sole
1827 217 1964 246 annum,

153 255 187 286 in
212 253 310 286 Luna
332 263 481 286 mensem
506 253 699 285 constituat.
747 252 817 285 Res
843 263 924 286 sane
949 254 1161 295 inquisitione
1186 253 1388 297 dignissima.

272 301 426 354 Keple
440 314 545 341 rus:
579 301 640 340 De
686 301 830 341 effectu
874 301 1081 353 eclipsium
1126 301 1308 341 invenies
1341 301 1379 341 in
1412 301 1512 342 meis
1542 301 1724 343 thesibus
1755 303 1963 344 Meteoro—

156 360 307 412 logicis.
371 359 477 400 Sane
512 364 553 399 et
583 360 623 399 in
654 360 889 401 Ptolemaeo
924 367 963 400 et
996 373 1070 413 ego
1104 373 1267 400 causam
1300 361 1526 401 naturalem
1559 361 1759 411 desidero,
1800 375 1869 402 cur
1903 363 1966 402 ef-

155 421 284 459 fectus
316 424 380 459 tot
411 420 614 460 mensibus
646 418 686 459 in
718 418 815 459 Sole
849 425 890 459 et
921 420 1037 460 Luna
1069 420 1287 468 differatur,
1323 426 1420 472 quot
1442 416 1549 461 horis
1569 420 1733 472 eclipsis
1754 435 1778 461 a
1804 421 1966 461 cardine

154 479 284 528 abest,
318 484 360 518 et
392 485 527 519 tamen
553 478 640 530 jam
673 478 931 531 singularium
966 479 1122 519 duratio
1155 491 1226 530 per
1246 479 1366 519 horas
1399 479 1439 519 in
1460 479 1575 519 Luna
1603 492 1776 528 menses,
1809 480 1850 520 in
1870 479 1965 520 Sole

155 551 280 578 annos
313 538 524 590 significet.
590 536 725 583 Quare
764 538 858 578 olim
903 551 976 588 ego
1009 538 1150 578 eadem
1181 551 1270 578 cum
1305 539 1538 578 Ptolemaeo
1585 538 1771 585 licentia,
1809 538 1968 580 scilicet

154 609 231 637 non
262 610 400 649 parva,
434 598 560 637 talem
593 597 648 636 fui
681 602 842 637 secutus
877 597 1057 637 modum:
1093 602 1189 650 quot
1220 597 1329 637 horis
1362 597 1553 638 luminare
1580 610 1703 651 supra
1722 598 1968 639 horizontem

154 657 321 704 mansit,
365 661 430 697 tot
459 657 499 696 in
532 657 648 696 Luna
678 668 861 704 menses,
910 656 949 696 in
982 656 1077 696 Sole
1111 656 1203 696 anni
1235 657 1344 696 fuere
1376 657 1696 710 praesuppositi,
1744 670 1794 698 ex
1825 657 1966 710 quibus

155 715 216 755 illi
249 717 435 756 effectum
468 715 710 763 sentiebant,
747 714 812 767 qui
844 715 1145 767 respondebant
1176 715 1284 755 horis
1317 716 1367 755 ab
1395 721 1483 756 ortu
1515 717 1696 757 defectus
1721 717 1966 757 determina-

154 772 231 815 tis.
286 775 459 824 Verum,
500 775 572 814 hoc
605 774 722 814 modo
749 774 798 813 ad
831 774 1122 814 Ptolemaicum
1154 774 1406 823 confirmato,
1452 774 1689 828 principium
1721 775 1968 828 operationis

157 834 318 885 eclipsis
352 833 506 874 Solaris
551 833 725 873 cadebat
769 835 862 873 ante
908 833 1065 874 initium
1097 833 1308 886 eclipseos,
1372 834 1500 882 Puto,
1547 834 1728 875 defectus
1767 846 1845 874 non
1877 835 1964 887 pati

154 899 238 933 tam
272 893 513 944 exquisitum
546 893 755 941 calculum,
790 905 863 932 nec
896 905 994 944 opus
1029 905 1131 941 esse,
1167 905 1255 932 cum
1281 893 1422 945 cuique
1455 893 1536 933 diei
1556 893 1611 933 sit
1631 906 1705 934 sua
1723 893 1964 946 significatio

156 952 195 992 in
229 951 350 992 astris
382 965 432 991 ex
465 951 695 1003 aspectibus
729 956 769 991 et
799 952 1051 992 transitibus.
1117 950 1219 992 Cum
1239 952 1367 992 adhuc
1400 952 1574 993 nondum
1603 957 1811 992 exstarent
1843 952 1968 1004 ephe-

156 1011 340 1060 merides,
375 1025 399 1051 a
421 1009 639 1051 Chaldaeis
673 1016 766 1051 sunt
797 1010 1051 1051 introductae
1083 1011 1355 1063 profectiones
1390 1011 1441 1052 ad
1470 1010 1762 1052 sublevandum
1793 1011 1970 1052 laborem

157 1070 381 1110 calculandi
413 1076 539 1110 astra.

249 1130 490 1161 Fabricius:
525 1129 579 1160 An
613 1128 753 1161 thema
787 1129 1086 1170 conceptionis
1111 1129 1282 1170 praevalet
1306 1129 1445 1172 genesi,
1486 1129 1539 1161 vel
1565 1127 1707 1161 contra?
1754 1129 1826 1172 Ego
1851 1129 1966 1171 genesi

154 1177 260 1209 tribuo
286 1177 376 1218 plus,
403 1178 482 1218 quia
506 1181 585 1209 tunc
611 1185 685 1209 cum
710 1179 787 1209 aere
811 1176 940 1208 imbibit
965 1178 1048 1209 vires
1074 1177 1173 1216 coeli,
1199 1187 1266 1209 non
1290 1177 1325 1208 in
1350 1177 1578 1218 conceptione,
1605 1176 1662 1209 ubi
1686 1185 1753 1209 non
1778 1180 1830 1209 est
1857 1175 1969 1214 homo,

155 1225 214 1257 sed
238 1225 326 1256 rudis
351 1225 501 1256 materia.

273 1272 540 1324 Keplerus:
577 1270 842 1323 Conceptioui
856 1271 1007 1324 aliquid
1027 1271 1172 1320 tribuo,
1205 1276 1370 1323 propter
1391 1283 1642 1312 consensum.
1695 1270 1807 1311 Nihil
1826 1283 1969 1324 nempe

160 1331 294 1383 magni
328 1353 382 1358 —
417 1337 480 1372 est
517 1335 652 1370 autem
686 1343 749 1371 res
781 1338 929 1382 magna
968 1331 1065 1386 felix
1097 1330 1306 1382 conceptio
1339 1351 1394 1357 —
1427 1331 1474 1370 fit
1511 1330 1598 1371 sine
1638 1340 1836 1371 consensu
1869 1331 1970 1371 coeli

157 1390 343 1439 natalitii,
377 1395 418 1430 et
450 1403 580 1443 „quae
612 1390 652 1430 in
686 1403 761 1429 uno
794 1391 914 1430 tertio
947 1389 1052 1429 inter
1083 1402 1126 1429 se
1160 1390 1458 1430 consentiunt.“
1521 1388 1744 1442 Conceptio
1780 1402 1870 1429 cum
1891 1402 1969 1442 pa-

157 1450 337 1491 rentibus
365 1449 589 1495 consentit,
623 1449 817 1489 nativitas
850 1462 939 1490 cum
970 1449 1132 1498 iisdem,
1177 1462 1272 1501 ergo
1305 1453 1347 1488 et
1378 1449 1588 1502 conceptio
1622 1461 1710 1490 oum
1741 1448 1970 1489 nativitate.

160 1510 206 1549 In
239 1509 378 1561 genesi
410 1521 503 1549 vero
538 1509 804 1549 discernenda
839 1509 956 1560 plane
990 1508 1084 1548 mihi
1125 1509 1262 1548 thema
1299 1508 1531 1548 natalitium
1561 1507 1722 1548 sufficit.
1786 1507 1869 1549 Sed
1900 1513 1972 1548 tua

160 1581 282 1608 causa
315 1573 378 1608 est
409 1568 525 1616 bona,
561 1581 633 1608 nec
665 1567 967 1620 philosophica:
1002 1580 1121 1616 „cum
1142 1571 1234 1607 aere
1267 1568 1373 1607 vires
1406 1567 1507 1607 coeli
1531 1567 1678 1607 haurit.
1685 1567 1712 1584 “
1775 1567 1840 1607 Ita
1869 1565 1970 1607 bene

159 1627 309 1672 dixisti,
344 1632 387 1667 ut
418 1628 566 1676 r,hetor
602 1634 646 1666 at
677 1641 752 1667 non
786 1634 830 1666 ut
861 1627 1174 1678 philosophicae.
1238 1626 1358 1666 Vires
1391 1639 1537 1678 nempe
1564 1619 1667 1666 coeli
1697 1631 1863 1678 propter
1894 1638 1967 1666 ve-

159 1687 332 1726 hiculum
366 1687 471 1727 aeris
504 1699 582 1726 non
614 1686 876 1732 imbibuntur,
923 1686 1150 1726 consistunt
1181 1685 1285 1726 enim
1318 1685 1358 1725 in
1390 1685 1679 1738 imaginatione
1710 1697 1841 1725 rerum
1873 1684 1970 1725 sub-

160 1745 367 1786 lunarium.

250 1805 490 1836 Fabricius:
518 1803 605 1842 Quia
630 1807 663 1835 te
688 1804 722 1835 in
747 1803 941 1845 physicis
967 1803 1345 1844 speculationibus
1372 1802 1532 1835 excellere
1558 1802 1674 1841 video,
1710 1802 1785 1835 ideo
1811 1806 1846 1835 et
1868 1802 1970 1835 hasce

156 1853 482 1895 quaestiones
507 1851 677 1892 physic
694 1860 742 1883 as
769 1851 863 1882 simul
888 1851 946 1882 tibi
972 1861 1154 1892 proponere
1178 1851 1265 1882 volui
1291 1850 1527 1885 discutiendas.

257 1899 449 1938 Quaeritur,
478 1908 521 1930 an
546 1898 739 1930 fulmina
763 1899 829 1930 sint
853 1899 1042 1937 materiata,
1070 1898 1121 1930 vel
1145 1898 1277 1939 spiritus
1295 1897 1449 1930 tantum?
1499 1896 1534 1929 Si
1559 1898 1749 1935 materiata,
1776 1907 1834 1930 cur
1857 1897 1971 1934 homo,

156 1947 207 1978 vel
234 1947 299 1978 alia
325 1951 477 1978 creatura
502 1946 669 1982 animata,
704 1955 771 1977 non
795 1945 947 1977 laedatur
971 1945 1035 1976 illis
1062 1945 1177 1977 eodem
1208 1945 1304 1976 modo
1341 1955 1399 1986 per
1424 1944 1669 1984 disjectionem‚
1712 1945 1970 1977 vulnerationem

158 1998 217 2026 aut
242 1994 523 2032 deformationem,
551 1997 588 2024 ut
612 1994 695 2024 muri
722 1998 756 2025 et
780 1992 911 2024 turres?
961 1992 1145 2024 Materiata
1168 2002 1285 2033 nempe
1310 1992 1419 2024 locum
1443 1992 1625 2033 requirnnt,
1653 1996 1686 2023 et
1705 1997 1879 2033 propterea
1904 1991 1971 2024 alia

157 2051 294 2082 corpora
317 2042 467 2083 ingressa
491 2041 625 2072 violenti
649 2044 751 2076 motu,
780 2049 821 2072 ea
845 2040 990 2072 sensibili
1014 2040 1161 2072 laesione
1188 2040 1348 2072 afficiunt.
1400 2037 1464 2078 Qui
1489 2038 1542 2079 fit,
1579 2039 1665 2081 quod
1699 2039 1970 2071 tonitruum

156 2088 303 2131 fragores
328 2088 415 2119 ultra
441 2086 474 2124 3,
501 2088 552 2119 vel
577 2087 621 2119 ad
646 2098 807 2119 summum
833 2085 854 2118 4
878 2087 1031 2119 milliaria
1056 2097 1122 2119 non
1148 2087 1335 2126 audiantur,
1363 2090 1479 2119 contra
1503 2090 1739 2119 tormentorum
1764 2086 1968 2128 explosioues

159 2136 202 2169 ad
227 2134 259 2174 8,
289 2135 345 2173 10,
372 2134 417 2166 22
443 2134 624 2167 milliaria?

278 2183 549 2235 Keplerus:
598 2183 659 2222 De
706 2182 934 2222 fulminibus
980 2182 1078 2222 haec
1112 2187 1177 2222 est
1216 2195 1306 2222 mea
1339 2181 1543 2221 sententia
1575 2181 1668 2229 (nec
1701 2181 1807 2221 enim
1838 2180 1968 2222 minus

158 2257 242 2292 me,
275 2255 348 2294 par
381 2247 462 2291 est,
498 2247 735 2294 arroganter
767 2242 1028 2293 respondere,
1062 2254 1181 2293 quam
1212 2247 1256 2281 tu
1287 2241 1532 2282 confidenter
1563 2240 1762 2293 quaeris):
1804 2244 1846 2279 et
1877 2252 1966 2280 ma-

159 2302 318 2343 terialia
350 2315 454 2349 esse,
488 2307 529 2341 et
561 2302 737 2353 spiritus.
800 2301 907 2342 Nam
940 2306 982 2341 et
1013 2301 1176 2353 spiritus
1211 2306 1274 2341 est
1305 2299 1489 2340 materia.
1553 2299 1728 2351 Lapides
1765 2311 1861 2339 vero
1893 2311 1967 2338 ne-

161 2362 308 2401 minem
341 2374 510 2413 unquam
533 2361 740 2414 excepisse
760 2366 869 2413 puto,
905 2366 949 2400 ut
969 2360 1254 2412 specularetur.
1317 2359 1443 2399 Fallit
1471 2359 1654 2399 homines
1675 2358 1832 2398 via'seu
1851 2357 1966 2398 limes

162 2421 329 2461 adustus
361 2433 432 2471 per
465 2421 641 2461 arbores.
705 2420 764 2460 At
796 2433 874 2460 non
907 2419 1098 2472 sequitur,
1133 2419 1309 2470 lapidem
1329 2418 1440 2458 illam
1466 2423 1660 2458 metatum
1682 2417 1801 2458 viam.
1863 2417 1967 2456 Pro-

161 2485 313 2532 ponant
346 2479 440 2519 mihi
474 2480 659 2532 lapidem,
695 2479 978 2519 demonstrabo
1004 2478 1104 2527 illis,
1139 2477 1175 2517 si
1208 2478 1340 2518 durior
1372 2490 1451 2517 non
1484 2476 1621 2524 fuerit,
1663 2475 1810 2516 millies
1842 2475 1966 2515 dissi-

162 2540 285 2579 luisse
320 2539 557 2591 oportuisse.
619 2540 679 2579 At
710 2551 760 2578 ex
781 2537 991 2579 arboribus
1025 2533 1310 2577 exscinditur?
1338 2535 1374 2576 Ο
1395 2534 1592 2576 imbecille
1621 2534 1793 2574 fulmen!
1837 2534 1904 2574 An
1925 2538 1995 2574 tu·-

162 2598 306 2647 credis,
334 2598 436 2637 hanc-
468 2598 703 2638 violentiam
734 2598 773 2638 in
806 2597 910 2638 nodo
943 2594 1138 2638 haerere?
1200 2595 1317 2642 Quod
1343 2601 1478 2636 autem
1499 2607 1667 2646 corpora
1697 2606 1776 2634 non
1809 2605 1896 2634 eum
1926 2592 1966 2632 in

163 2657 323 2697 modum
355 2657 628 2703 fulminentur,
663 2670 739 2709 quo
771 2657 899 2709 ligna,
934 2669 1058 2696 causa
1089 2660 1153 2695 est
1183 2655 1393 2702 mollities,
1428 2666 1529 2705 quae
1561 2653 1713 2694 nullam
1745 2653 1868 2693 habet
1898 2664 1966 2692 re-

163 2715 410 2764 sistentiam,
445 2722 486 2757 et
518 2717 622 2769 quod
655 2716 794 2756 ustilia
824 2729 901 2755 non
934 2719 1045 2763 sunt,
1081 2719 1125 2754 ut
1156 2714 1279 2766 ligna.
1339 2713 1495 2753 Eadem
1528 2725 1669 2762 causa,
1715 2724 1784 2752 cur
1815 2711 1996 2763 liquent.

162 2775 340 2815 metalla.

282 2834 467 2874 Jucunda
498 2834 680 2886 quaestio
715 2834 763 2873 de
795 2832 963 2872 terribili
996 2827 1169 2884 fragore.
1233 2831 1322 2880 „De
1356 2829 1449 2869 forti
1481 2828 1694 2870 dulcedo.“
1741 2828 1871 2869 Judic.
1899 2824 1966 2868 14.

163 2892 271 2944 Ergo
303 2905 504 2944 nunquam
536 2893 621 2932 sine
654 2893 756 2932 nube
789 2896 918 2931 tonat.
988 2891 1047 2931 At
1077 2891 1202 2930 imber
1234 2902 1283 2929 ex
1315 2893 1598 2929 concamerata
1629 2887 1797 2936 decidit,
1843 2900 1968 2939 eaque
2026 2913 2028 2930 ;

167 2963 245 2989 non
279 2952 387 2999 alta,
430 2964 480 2990 ex
510 2964 658 3003 vapore
692 2950 847 2991 scilicet
878 2949 1153 3003 copiosissime
1193 2948 1309 2989 simul
1347 2960 1397 2987 ex
1439 2953 1549 2988 terra
1593 2947 1807 2987 exhalante
1851 2946 1968 2987 simul
2023 2975 2028 3002 Ξ

166 3022 190 3047 a
222 3022 390 3060 superno
425 3010 529 3050 aeris
563 3011 710 3061 frigore
743 3009 782 3048 in
815 3022 959 3061 aquam
991 3014 1179 3056 cooacto;
1211 3008 1372 3048 clausus
1393 3006 1528 3058 itaque
1555 3006 1691 3058 fragor
1710 3010 1786 3046 est.
1851 3005 1967 3045 Adde
2023 3007 2028 3059 ξ

167 3072 209 3105 et
242 3068 345 3118 quod
378 3069 566 3108 celeritas
599 3081 698 3119 pene
731 3069 818 3107 sola
850 3067 1022 3119 fragoris
1055 3080 1191 3108 causa.
1253 3067 1357 3106 Puto
1370 3062 1394 3114 ‚⁸
1421 3065 1632 3105 materiam
1661 3064 1836 3104 fulminis
1869 3076 1967 3104 ean·
2022 3060 2028 3083 ³

167 3125 257 3166 dem
289 3138 391 3173 esse,
425 3138 525 3179 quae
558 3132 622 3167 est
653 3126 691 3166 in
725 3139 819 3166 auro
853 3127 1035 3176 feriente,
1068 3125 1180 3179 cujus
1211 3124 1363 3166 incensi
1393 3124 1499 3165 idem
1530 3129 1595 3165 est
1625 3123 1773 3177 fragor.
