<?xml version="1.0" encoding="UTF-8"?>
<!DOCTYPE html PUBLIC "-//W3C//DTD XHTML 1.0 Transitional//EN"
    "http://www.w3.org/TR/xhtml1/DTD/xhtml1-transitional.dtd">
<html xmlns="http://www.w3.org/1999/xhtml" xml:lang="en" lang="en">
 <head>
  <title>
</title>
<meta http-equiv="Content-Type" content="text/html;charset=utf-8" />
  <meta name='ocr-system' content='tesseract 3.04.00' />
  <meta name='ocr-capabilities' content='ocr_page ocr_carea ocr_par ocr_line ocrx_word'/>
</head>
<body>
  <div class='ocr_page' id='page_1' title='image "./operaomniaedidit01kepluoft_0348.png"; bbox 0 0 2028 3242; ppageno 0'>
   <div class='ocr_carea' id='block_1_1' title="bbox 121 86 1360 130">
    <p class='ocr_par' dir='ltr' id='par_1_1' title="bbox 121 86 1360 130">
     <span class='ocr_line' id='line_1_1' title="bbox 121 86 1360 130; baseline -0.001 -10"><span class='ocrx_word' id='word_1_1' title='bbox 121 86 206 129; x_wconf 80' lang='grc'>326</span> <span class='ocrx_word' id='word_1_2' title='bbox 683 87 816 120; x_wconf 87' lang='lat' dir='ltr'>Literae</span> <span class='ocrx_word' id='word_1_3' title='bbox 841 87 978 130; x_wconf 80' lang='lat' dir='ltr'>Kepleri</span> <span class='ocrx_word' id='word_1_4' title='bbox 1002 86 1201 129; x_wconf 80' lang='lat' dir='ltr'>aliorumque</span> <span class='ocrx_word' id='word_1_5' title='bbox 1226 89 1360 119; x_wconf 86' lang='lat' dir='ltr'>mutuae</span> 
     </span>
    </p>
   </div>
   <div class='ocr_carea' id='block_1_2' title="bbox 120 193 1945 2668">
    <p class='ocr_par' dir='ltr' id='par_1_2' title="bbox 120 193 1927 364">
     <span class='ocr_line' id='line_1_2' title="bbox 237 193 1926 242; baseline 0.002 -11"><span class='ocrx_word' id='word_1_6' title='bbox 237 193 422 232; x_wconf 85' lang='lat' dir='ltr'>Excusas</span> <span class='ocrx_word' id='word_1_7' title='bbox 454 198 507 241; x_wconf 87' lang='lat' dir='ltr'>te,</span> <span class='ocrx_word' id='word_1_8' title='bbox 543 204 612 233; x_wconf 90' lang='lat' dir='ltr'>cur</span> <span class='ocrx_word' id='word_1_9' title='bbox 643 193 739 233; x_wconf 89' lang='lat' dir='ltr'>mihi</span> <span class='ocrx_word' id='word_1_10' title='bbox 770 206 846 233; x_wconf 89' lang='lat' dir='ltr'>non</span> <span class='ocrx_word' id='word_1_11' title='bbox 881 193 1128 242; x_wconf 81' lang='lat' dir='ltr'>satisfacias,</span> <span class='ocrx_word' id='word_1_12' title='bbox 1161 193 1319 233; x_wconf 88' lang='lat' dir='ltr'>interea</span> <span class='ocrx_word' id='word_1_13' title='bbox 1351 195 1489 235; x_wconf 86' lang='lat' dir='ltr'>sedulo</span> <span class='ocrx_word' id='word_1_14' title='bbox 1523 209 1547 235; x_wconf 90' lang='lat' dir='ltr'>a</span> <span class='ocrx_word' id='word_1_15' title='bbox 1572 207 1635 235; x_wconf 89' lang='lat' dir='ltr'>me</span> <span class='ocrx_word' id='word_1_16' title='bbox 1666 194 1807 234; x_wconf 83' lang='lat' dir='ltr'>literas</span> <span class='ocrx_word' id='word_1_17' title='bbox 1840 193 1926 234; x_wconf 82' lang='lat' dir='ltr'>exi-</span> 
     </span>
     <span class='ocr_line' id='line_1_3' title="bbox 120 250 1927 306; baseline 0.001 -15"><span class='ocrx_word' id='word_1_18' title='bbox 120 253 196 304; x_wconf 87' lang='lat' dir='ltr'>gis.</span> <span class='ocrx_word' id='word_1_19' title='bbox 259 250 402 300; x_wconf 78' lang='lat' dir='ltr'>Scias,</span> <span class='ocrx_word' id='word_1_20' title='bbox 435 265 497 291; x_wconf 90' lang='lat' dir='ltr'>me</span> <span class='ocrx_word' id='word_1_21' title='bbox 531 252 711 304; x_wconf 88' lang='lat' dir='ltr'>cogitare</span> <span class='ocrx_word' id='word_1_22' title='bbox 743 253 915 305; x_wconf 89' lang='lat' dir='ltr'>posthac</span> <span class='ocrx_word' id='word_1_23' title='bbox 946 258 987 292; x_wconf 89' lang='lat' dir='ltr'>te</span> <span class='ocrx_word' id='word_1_24' title='bbox 1020 252 1179 301; x_wconf 90' lang='lat' dir='ltr'>ulcisci,</span> <span class='ocrx_word' id='word_1_25' title='bbox 1213 266 1290 292; x_wconf 88' lang='lat' dir='ltr'>non</span> <span class='ocrx_word' id='word_1_26' title='bbox 1323 253 1432 304; x_wconf 87' lang='lat' dir='ltr'>prius</span> <span class='ocrx_word' id='word_1_27' title='bbox 1465 253 1705 304; x_wconf 71' lang='lat' dir='ltr'>rescribere,</span> <span class='ocrx_word' id='word_1_28' title='bbox 1739 266 1858 306; x_wconf 89' lang='lat' dir='ltr'>quam</span> <span class='ocrx_word' id='word_1_29' title='bbox 1889 252 1927 292; x_wconf 92' lang='lat' dir='ltr'>in</span> 
     </span>
     <span class='ocr_line' id='line_1_4' title="bbox 122 310 1463 364; baseline 0.001 -13"><span class='ocrx_word' id='word_1_30' title='bbox 122 310 374 362; x_wconf 81' lang='lat' dir='ltr'>astrologicis</span> <span class='ocrx_word' id='word_1_31' title='bbox 408 311 646 362; x_wconf 90' lang='lat' dir='ltr'>quibusdam</span> <span class='ocrx_word' id='word_1_32' title='bbox 678 311 805 352; x_wconf 85' lang='lat' dir='ltr'>literis</span> <span class='ocrx_word' id='word_1_33' title='bbox 837 312 937 352; x_wconf 90' lang='lat' dir='ltr'>meis</span> <span class='ocrx_word' id='word_1_34' title='bbox 970 311 1169 364; x_wconf 86' lang='lat' dir='ltr'>prioribus</span> <span class='ocrx_word' id='word_1_35' title='bbox 1202 311 1463 353; x_wconf 87' lang='lat' dir='ltr'>satisfeceris.</span> 
     </span>
    </p>

    <p class='ocr_par' dir='ltr' id='par_1_3' title="bbox 120 365 1929 601">
     <span class='ocr_line' id='line_1_5' title="bbox 237 365 1927 425; baseline 0.001 -16"><span class='ocrx_word' id='word_1_36' title='bbox 237 370 430 421; x_wconf 84' lang='lat' dir='ltr'>Princeps</span> <span class='ocrx_word' id='word_1_37' title='bbox 452 370 611 422; x_wconf 91' lang='lat' dir='ltr'>quidam</span> <span class='ocrx_word' id='word_1_38' title='bbox 631 376 749 414; x_wconf 89' lang='lat' dir='ltr'>natus</span> <span class='ocrx_word' id='word_1_39' title='bbox 772 376 835 411; x_wconf 82' lang='lat' dir='ltr'>est</span> <span class='ocrx_word' id='word_1_40' title='bbox 864 369 990 418; x_wconf 87' lang='lat'>1578,</span> <span class='ocrx_word' id='word_1_41' title='bbox 1024 369 1093 412; x_wconf 81' lang='lat'>25.</span> <span class='ocrx_word' id='word_1_42' title='bbox 1118 370 1208 412; x_wconf 90' lang='lat' dir='ltr'>Oct.</span> <span class='ocrx_word' id='word_1_43' title='bbox 1238 371 1275 411; x_wconf 81' lang='lat' dir='ltr'>h.</span> <span class='ocrx_word' id='word_1_44' title='bbox 1311 367 1390 424; x_wconf 75' lang='lat' dir='ltr'>3¹l2</span> <span class='ocrx_word' id='word_1_45' title='bbox 1422 384 1460 424; x_wconf 91' lang='lat' dir='ltr'>p.</span> <span class='ocrx_word' id='word_1_46' title='bbox 1483 386 1534 413; x_wconf 91' lang='lat' dir='ltr'>m.</span> <span class='ocrx_word' id='word_1_47' title='bbox 1565 372 1636 412; x_wconf 88' lang='lat' dir='ltr'>alt.</span> <span class='ocrx_word' id='word_1_48' title='bbox 1657 371 1738 423; x_wconf 86' lang='lat' dir='ltr'>poli</span> <span class='ocrx_word' id='word_1_49' title='bbox 1758 365 1872 425; x_wconf 72' lang='grc' dir='ltr'>48Ἰ3</span> <span class='ocrx_word' id='word_1_50' title='bbox 1899 367 1927 411; x_wconf 88' lang='lat'>⁰.</span> 
     </span>
     <span class='ocr_line' id='line_1_6' title="bbox 120 426 1929 481; baseline -0.001 -11"><span class='ocrx_word' id='word_1_51' title='bbox 120 430 233 470; x_wconf 91' lang='lat' dir='ltr'>Mars</span> <span class='ocrx_word' id='word_1_52' title='bbox 264 441 337 481; x_wconf 87' lang='lat' dir='ltr'>per</span> <span class='ocrx_word' id='word_1_53' title='bbox 369 426 427 469; x_wconf 86' lang='lat'>3⁰</span> <span class='ocrx_word' id='word_1_54' title='bbox 456 430 563 470; x_wconf 92' lang='lat' dir='ltr'>ultra</span> <span class='ocrx_word' id='word_1_55' title='bbox 594 430 789 470; x_wconf 89' lang='lat' dir='ltr'>calculum</span> <span class='ocrx_word' id='word_1_56' title='bbox 823 430 954 471; x_wconf 83' lang='lat' dir='ltr'>Stadii</span> <span class='ocrx_word' id='word_1_57' title='bbox 987 436 1029 471; x_wconf 85' lang='lat' dir='ltr'>et</span> <span class='ocrx_word' id='word_1_58' title='bbox 1059 431 1267 473; x_wconf 88' lang='lat' dir='ltr'>Maestlini</span> <span class='ocrx_word' id='word_1_59' title='bbox 1300 430 1442 471; x_wconf 86' lang='lat' dir='ltr'>fuerat.</span> <span class='ocrx_word' id='word_1_60' title='bbox 1507 432 1566 471; x_wconf 91' lang='lat' dir='ltr'>De</span> <span class='ocrx_word' id='word_1_61' title='bbox 1600 435 1727 471; x_wconf 83' lang='lat' dir='ltr'>morte</span> <span class='ocrx_word' id='word_1_62' title='bbox 1751 427 1929 478; x_wconf 85' lang='lat' dir='ltr'>Cardani</span> 
     </span>
     <span class='ocr_line' id='line_1_7' title="bbox 120 488 1927 543; baseline -0.001 -15"><span class='ocrx_word' id='word_1_63' title='bbox 120 488 217 528; x_wconf 89' lang='lat' dir='ltr'>nihil</span> <span class='ocrx_word' id='word_1_64' title='bbox 249 488 345 529; x_wconf 89' lang='lat' dir='ltr'>scio.</span> <span class='ocrx_word' id='word_1_65' title='bbox 408 488 469 528; x_wconf 89' lang='lat' dir='ltr'>De</span> <span class='ocrx_word' id='word_1_66' title='bbox 503 489 758 541; x_wconf 73' lang='lat' dir='ltr'>astrologicis</span> <span class='ocrx_word' id='word_1_67' title='bbox 792 490 915 531; x_wconf 89' lang='lat' dir='ltr'>etiam</span> <span class='ocrx_word' id='word_1_68' title='bbox 947 490 1043 532; x_wconf 89' lang='lat' dir='ltr'>nihil</span> <span class='ocrx_word' id='word_1_69' title='bbox 1075 490 1259 542; x_wconf 89' lang='lat' dir='ltr'>posthac,</span> <span class='ocrx_word' id='word_1_70' title='bbox 1294 490 1369 530; x_wconf 88' lang='lat' dir='ltr'>nisi</span> <span class='ocrx_word' id='word_1_71' title='bbox 1402 491 1512 542; x_wconf 89' lang='lat' dir='ltr'>prius</span> <span class='ocrx_word' id='word_1_72' title='bbox 1542 502 1616 543; x_wconf 89' lang='lat' dir='ltr'>per</span> <span class='ocrx_word' id='word_1_73' title='bbox 1646 495 1787 543; x_wconf 83' lang='lat' dir='ltr'>partes</span> <span class='ocrx_word' id='word_1_74' title='bbox 1814 489 1927 541; x_wconf 89' lang='lat' dir='ltr'>judi-</span> 
     </span>
     <span class='ocr_line' id='line_1_8' title="bbox 121 548 1415 601; baseline 0.002 -14"><span class='ocrx_word' id='word_1_75' title='bbox 121 560 202 597; x_wconf 87' lang='lat' dir='ltr'>ces,</span> <span class='ocrx_word' id='word_1_76' title='bbox 236 548 425 600; x_wconf 89' lang='lat' dir='ltr'>quidquid</span> <span class='ocrx_word' id='word_1_77' title='bbox 455 548 496 587; x_wconf 91' lang='lat' dir='ltr'>in</span> <span class='ocrx_word' id='word_1_78' title='bbox 529 561 618 588; x_wconf 89' lang='lat' dir='ltr'>mea</span> <span class='ocrx_word' id='word_1_79' title='bbox 650 549 935 591; x_wconf 86' lang='lat' dir='ltr'>dissertatione</span> <span class='ocrx_word' id='word_1_80' title='bbox 967 549 1112 601; x_wconf 84' lang='lat' dir='ltr'>probes</span> <span class='ocrx_word' id='word_1_81' title='bbox 1144 549 1208 588; x_wconf 90' lang='lat' dir='ltr'>vel</span> <span class='ocrx_word' id='word_1_82' title='bbox 1241 549 1415 600; x_wconf 82' lang='lat' dir='ltr'>rejicias,</span> 
     </span>
    </p>

    <p class='ocr_par' dir='ltr' id='par_1_4' title="bbox 239 605 1837 660">
     <span class='ocr_line' id='line_1_9' title="bbox 239 605 1837 660; baseline -0.003 -13"><span class='ocrx_word' id='word_1_83' title='bbox 239 607 307 647; x_wconf 90' lang='lat' dir='ltr'>Ad</span> <span class='ocrx_word' id='word_1_84' title='bbox 350 607 564 660; x_wconf 90' lang='lat' dir='ltr'>epistolam</span> <span class='ocrx_word' id='word_1_85' title='bbox 602 607 638 647; x_wconf 92' lang='lat' dir='ltr'>d.</span> <span class='ocrx_word' id='word_1_86' title='bbox 672 605 741 649; x_wconf 92' lang='lat'>30.</span> <span class='ocrx_word' id='word_1_87' title='bbox 779 608 872 648; x_wconf 82' lang='lat' dir='ltr'>Jan.</span> <span class='ocrx_word' id='word_1_88' title='bbox 906 605 966 656; x_wconf 88' lang='grc'>(9.</span> <span class='ocrx_word' id='word_1_89' title='bbox 999 609 1119 655; x_wconf 87' lang='lat' dir='ltr'>Feb.)</span> <span class='ocrx_word' id='word_1_90' title='bbox 1164 608 1368 660; x_wconf 87' lang='lat' dir='ltr'>scriptam.</span> <span class='ocrx_word' id='word_1_91' title='bbox 1432 613 1534 654; x_wconf 79' lang='lat' dir='ltr'>(Vide</span> <span class='ocrx_word' id='word_1_92' title='bbox 1559 622 1658 655; x_wconf 81' lang='lat' dir='ltr'>supra</span> <span class='ocrx_word' id='word_1_93' title='bbox 1680 623 1712 655; x_wconf 83' lang='lat' dir='ltr'>p.</span> <span class='ocrx_word' id='word_1_94' title='bbox 1739 610 1837 652; x_wconf 80' lang='lat'>323.)</span> 
     </span>
    </p>

    <p class='ocr_par' dir='ltr' id='par_1_5' title="bbox 239 665 1241 720">
     <span class='ocr_line' id='line_1_10' title="bbox 239 665 1241 720; baseline 0.001 -14"><span class='ocrx_word' id='word_1_95' title='bbox 239 666 318 706; x_wconf 90' lang='lat' dir='ltr'>Pro</span> <span class='ocrx_word' id='word_1_96' title='bbox 352 666 703 707; x_wconf 89' lang='lat' dir='ltr'>observationibus</span> <span class='ocrx_word' id='word_1_97' title='bbox 736 665 805 708; x_wconf 84' lang='lat'>29.</span> <span class='ocrx_word' id='word_1_98' title='bbox 838 667 931 707; x_wconf 90' lang='lat' dir='ltr'>Jan.</span> <span class='ocrx_word' id='word_1_99' title='bbox 965 668 1119 720; x_wconf 84' lang='lat' dir='ltr'>gratias</span> <span class='ocrx_word' id='word_1_100' title='bbox 1152 680 1241 719; x_wconf 80' lang='lat' dir='ltr'>ago,</span> 
     </span>
    </p>

    <p class='ocr_par' dir='ltr' id='par_1_6' title="bbox 121 724 1930 951">
     <span class='ocr_line' id='line_1_11' title="bbox 241 724 1929 781; baseline 0.002 -17"><span class='ocrx_word' id='word_1_101' title='bbox 241 725 284 765; x_wconf 76' lang='lat' dir='ltr'>ln</span> <span class='ocrx_word' id='word_1_102' title='bbox 320 724 537 765; x_wconf 84' lang='lat' dir='ltr'>Germania</span> <span class='ocrx_word' id='word_1_103' title='bbox 580 726 670 777; x_wconf 89' lang='lat' dir='ltr'>plus</span> <span class='ocrx_word' id='word_1_104' title='bbox 717 726 893 778; x_wconf 83' lang='lat' dir='ltr'>frigoris,</span> <span class='ocrx_word' id='word_1_105' title='bbox 941 726 1034 778; x_wconf 91' lang='lat' dir='ltr'>quia</span> <span class='ocrx_word' id='word_1_106' title='bbox 1071 727 1170 767; x_wconf 90' lang='lat' dir='ltr'>haec</span> <span class='ocrx_word' id='word_1_107' title='bbox 1208 726 1369 779; x_wconf 90' lang='lat' dir='ltr'>propior</span> <span class='ocrx_word' id='word_1_108' title='bbox 1413 725 1582 777; x_wconf 86' lang='lat' dir='ltr'>frigidae</span> <span class='ocrx_word' id='word_1_109' title='bbox 1626 726 1732 768; x_wconf 66' lang='lat' dir='ltr'>aeris</span> <span class='ocrx_word' id='word_1_110' title='bbox 1764 726 1929 781; x_wconf 86' lang='lat' dir='ltr'>regioni.</span> 
     </span>
     <span class='ocr_line' id='line_1_12' title="bbox 123 783 1930 841; baseline 0 -16"><span class='ocrx_word' id='word_1_111' title='bbox 123 783 330 826; x_wconf 86' lang='lat' dir='ltr'>Maritima</span> <span class='ocrx_word' id='word_1_112' title='bbox 361 784 632 836; x_wconf 84' lang='lat' dir='ltr'>profundiora,</span> <span class='ocrx_word' id='word_1_113' title='bbox 667 790 707 824; x_wconf 91' lang='lat' dir='ltr'>et</span> <span class='ocrx_word' id='word_1_114' title='bbox 738 785 823 837; x_wconf 90' lang='lat' dir='ltr'>ipse</span> <span class='ocrx_word' id='word_1_115' title='bbox 857 790 995 824; x_wconf 89' lang='lat' dir='ltr'>aestus</span> <span class='ocrx_word' id='word_1_116' title='bbox 1028 786 1233 825; x_wconf 85' lang='lat' dir='ltr'>madorem</span> <span class='ocrx_word' id='word_1_117' title='bbox 1265 786 1402 834; x_wconf 86' lang='lat' dir='ltr'>affert,</span> <span class='ocrx_word' id='word_1_118' title='bbox 1436 785 1539 841; x_wconf 85' lang='lat' dir='ltr'>quod</span> <span class='ocrx_word' id='word_1_119' title='bbox 1570 785 1621 828; x_wconf 92' lang='lat' dir='ltr'>D.</span> <span class='ocrx_word' id='word_1_120' title='bbox 1652 784 1930 826; x_wconf 81' lang='lat' dir='ltr'>cancellarius</span> 
     </span>
     <span class='ocr_line' id='line_1_13' title="bbox 121 843 1929 897; baseline 0.001 -13"><span class='ocrx_word' id='word_1_121' title='bbox 121 846 301 884; x_wconf 84' lang='lat' dir='ltr'>Francus</span> <span class='ocrx_word' id='word_1_122' title='bbox 335 844 488 883; x_wconf 89' lang='lat' dir='ltr'>erudite</span> <span class='ocrx_word' id='word_1_123' title='bbox 521 844 687 883; x_wconf 81' lang='lat' dir='ltr'>monuit.</span> <span class='ocrx_word' id='word_1_124' title='bbox 751 844 912 884; x_wconf 91' lang='lat' dir='ltr'>Nivium</span> <span class='ocrx_word' id='word_1_125' title='bbox 933 857 1027 884; x_wconf 88' lang='lat' dir='ltr'>vero</span> <span class='ocrx_word' id='word_1_126' title='bbox 1059 845 1149 897; x_wconf 90' lang='lat' dir='ltr'>plus</span> <span class='ocrx_word' id='word_1_127' title='bbox 1182 844 1220 883; x_wconf 91' lang='lat' dir='ltr'>in</span> <span class='ocrx_word' id='word_1_128' title='bbox 1245 843 1477 893; x_wconf 87' lang='lat' dir='ltr'>Germania,</span> <span class='ocrx_word' id='word_1_129' title='bbox 1513 843 1605 895; x_wconf 91' lang='lat' dir='ltr'>quia</span> <span class='ocrx_word' id='word_1_130' title='bbox 1630 844 1929 897; x_wconf 87' lang='lat' dir='ltr'>plusibimon-</span> 
     </span>
     <span class='ocr_line' id='line_1_14' title="bbox 123 903 1608 951; baseline 0 -8"><span class='ocrx_word' id='word_1_131' title='bbox 123 903 231 951; x_wconf 87' lang='lat' dir='ltr'>tium,</span> <span class='ocrx_word' id='word_1_132' title='bbox 266 903 370 942; x_wconf 90' lang='lat' dir='ltr'>unde</span> <span class='ocrx_word' id='word_1_133' title='bbox 401 903 501 942; x_wconf 89' lang='lat' dir='ltr'>haec</span> <span class='ocrx_word' id='word_1_134' title='bbox 533 903 704 943; x_wconf 88' lang='lat' dir='ltr'>materia</span> <span class='ocrx_word' id='word_1_135' title='bbox 736 904 913 943; x_wconf 83' lang='lat' dir='ltr'>exhalat.</span> <span class='ocrx_word' id='word_1_136' title='bbox 1602 922 1608 927; x_wconf 38' lang='grc' dir='ltr'><em>ν</em></span> 
     </span>
    </p>

    <p class='ocr_par' dir='ltr' id='par_1_7' title="bbox 123 960 1945 1486">
     <span class='ocr_line' id='line_1_15' title="bbox 240 960 1932 1013; baseline -0.001 -11"><span class='ocrx_word' id='word_1_137' title='bbox 240 962 432 1002; x_wconf 87' lang='lat' dir='ltr'>Boreas</span> <span class='ocrx_word' id='word_1_138' title='bbox 478 975 502 1000; x_wconf 88' lang='lat' dir='ltr'>a</span> <span class='ocrx_word' id='word_1_139' title='bbox 535 960 809 1002; x_wconf 89' lang='lat' dir='ltr'>Groenlandia</span> <span class='ocrx_word' id='word_1_140' title='bbox 839 962 952 1002; x_wconf 90' lang='lat' dir='ltr'>venit</span> <span class='ocrx_word' id='word_1_141' title='bbox 994 974 1066 1013; x_wconf 88' lang='lat' dir='ltr'>per</span> <span class='ocrx_word' id='word_1_142' title='bbox 1103 962 1277 1002; x_wconf 85' lang='lat' dir='ltr'>medium</span> <span class='ocrx_word' id='word_1_143' title='bbox 1310 973 1502 1005; x_wconf 88' lang='lat' dir='ltr'>oceanum</span> <span class='ocrx_word' id='word_1_144' title='bbox 1547 961 1652 1001; x_wconf 91' lang='lat' dir='ltr'>inter</span> <span class='ocrx_word' id='word_1_145' title='bbox 1682 961 1932 1003; x_wconf 86' lang='lat' dir='ltr'>Britanniam</span> 
     </span>
     <span class='ocr_line' id='line_1_16' title="bbox 125 1019 1937 1073; baseline 0.001 -13"><span class='ocrx_word' id='word_1_146' title='bbox 125 1026 166 1060; x_wconf 91' lang='lat' dir='ltr'>et</span> <span class='ocrx_word' id='word_1_147' title='bbox 198 1019 524 1067; x_wconf 86' lang='lat' dir='ltr'>Scandinaviam,</span> <span class='ocrx_word' id='word_1_148' title='bbox 557 1020 596 1062; x_wconf 93' lang='lat' dir='ltr'>h.</span> <span class='ocrx_word' id='word_1_149' title='bbox 619 1034 653 1060; x_wconf 90' lang='lat' dir='ltr'>e.</span> <span class='ocrx_word' id='word_1_150' title='bbox 687 1021 998 1073; x_wconf 81' lang='lat' dir='ltr'>Nordwegiam:</span> <span class='ocrx_word' id='word_1_151' title='bbox 1033 1021 1155 1073; x_wconf 89' lang='lat' dir='ltr'>igitur</span> <span class='ocrx_word' id='word_1_152' title='bbox 1186 1021 1331 1060; x_wconf 87' lang='lat' dir='ltr'>mitior.</span> <span class='ocrx_word' id='word_1_153' title='bbox 1397 1019 1552 1061; x_wconf 88' lang='lat' dir='ltr'>Contra</span> <span class='ocrx_word' id='word_1_154' title='bbox 1578 1019 1794 1062; x_wconf 87' lang='lat' dir='ltr'>Caecias</span> <span class='ocrx_word' id='word_1_155' title='bbox 1825 1020 1937 1063; x_wconf 88' lang='lat' dir='ltr'>venit</span> 
     </span>
     <span class='ocr_line' id='line_1_17' title="bbox 125 1079 1932 1134; baseline 0 -15"><span class='ocrx_word' id='word_1_156' title='bbox 125 1093 172 1119; x_wconf 87' lang='lat' dir='ltr'>ex</span> <span class='ocrx_word' id='word_1_157' title='bbox 207 1080 278 1119; x_wconf 89' lang='lat' dir='ltr'>illa</span> <span class='ocrx_word' id='word_1_158' title='bbox 309 1092 432 1134; x_wconf 87' lang='lat' dir='ltr'>prope</span> <span class='ocrx_word' id='word_1_159' title='bbox 467 1079 652 1131; x_wconf 83' lang='lat' dir='ltr'>regione,</span> <span class='ocrx_word' id='word_1_160' title='bbox 688 1081 752 1121; x_wconf 89' lang='lat' dir='ltr'>ubi</span> <span class='ocrx_word' id='word_1_161' title='bbox 797 1081 978 1121; x_wconf 86' lang='lat' dir='ltr'>Drace</span> <span class='ocrx_word' id='word_1_162' title='bbox 1023 1080 1156 1120; x_wconf 88' lang='lat' dir='ltr'>media</span> <span class='ocrx_word' id='word_1_163' title='bbox 1190 1084 1346 1120; x_wconf 85' lang='lat' dir='ltr'>aestate</span> <span class='ocrx_word' id='word_1_164' title='bbox 1379 1093 1577 1120; x_wconf 89' lang='lat' dir='ltr'>summum</span> <span class='ocrx_word' id='word_1_165' title='bbox 1609 1080 1760 1120; x_wconf 91' lang='lat' dir='ltr'>invenit</span> <span class='ocrx_word' id='word_1_166' title='bbox 1792 1079 1932 1133; x_wconf 87' lang='lat' dir='ltr'>frigus.</span> 
     </span>
     <span class='ocr_line' id='line_1_18' title="bbox 124 1139 1934 1192; baseline -0.001 -13"><span class='ocrx_word' id='word_1_167' title='bbox 124 1139 332 1180; x_wconf 85' lang='lat' dir='ltr'>Allabitur</span> <span class='ocrx_word' id='word_1_168' title='bbox 377 1144 535 1178; x_wconf 84' lang='lat' dir='ltr'>ventum</span> <span class='ocrx_word' id='word_1_169' title='bbox 580 1140 734 1189; x_wconf 83' lang='lat' dir='ltr'>fluxus,</span> <span class='ocrx_word' id='word_1_170' title='bbox 786 1145 830 1180; x_wconf 90' lang='lat' dir='ltr'>ut</span> <span class='ocrx_word' id='word_1_171' title='bbox 868 1152 1037 1192; x_wconf 87' lang='lat' dir='ltr'>aquam,</span> <span class='ocrx_word' id='word_1_172' title='bbox 1083 1145 1300 1192; x_wconf 86' lang='lat' dir='ltr'>propterea</span> <span class='ocrx_word' id='word_1_173' title='bbox 1329 1139 1369 1179; x_wconf 91' lang='lat' dir='ltr'>iu</span> <span class='ocrx_word' id='word_1_174' title='bbox 1403 1139 1591 1180; x_wconf 88' lang='lat' dir='ltr'>circulum</span> <span class='ocrx_word' id='word_1_175' title='bbox 1624 1139 1733 1188; x_wconf 89' lang='lat' dir='ltr'>abit,</span> <span class='ocrx_word' id='word_1_176' title='bbox 1785 1151 1862 1180; x_wconf 89' lang='lat' dir='ltr'>non</span> <span class='ocrx_word' id='word_1_177' title='bbox 1895 1139 1934 1178; x_wconf 91' lang='lat' dir='ltr'>in</span> 
     </span>
     <span class='ocr_line' id='line_1_19' title="bbox 128 1198 1934 1251; baseline 0 -13"><span class='ocrx_word' id='word_1_178' title='bbox 128 1203 294 1238; x_wconf 90' lang='lat' dir='ltr'>rectum.</span> <span class='ocrx_word' id='word_1_179' title='bbox 358 1199 464 1238; x_wconf 85' lang='lat' dir='ltr'>Nam</span> <span class='ocrx_word' id='word_1_180' title='bbox 497 1198 670 1251; x_wconf 89' lang='lat' dir='ltr'>impetus</span> <span class='ocrx_word' id='word_1_181' title='bbox 704 1211 750 1238; x_wconf 90' lang='lat' dir='ltr'>eo</span> <span class='ocrx_word' id='word_1_182' title='bbox 784 1212 908 1251; x_wconf 88' lang='lat' dir='ltr'>usque</span> <span class='ocrx_word' id='word_1_183' title='bbox 941 1199 1053 1240; x_wconf 92' lang='lat' dir='ltr'>illum</span> <span class='ocrx_word' id='word_1_184' title='bbox 1083 1211 1159 1238; x_wconf 89' lang='lat' dir='ltr'>non</span> <span class='ocrx_word' id='word_1_185' title='bbox 1193 1203 1333 1251; x_wconf 89' lang='lat' dir='ltr'>posset</span> <span class='ocrx_word' id='word_1_186' title='bbox 1365 1198 1543 1250; x_wconf 72' lang='lat' dir='ltr'>deferre,</span> <span class='ocrx_word' id='word_1_187' title='bbox 1588 1199 1664 1239; x_wconf 90' lang='lat' dir='ltr'>nisi</span> <span class='ocrx_word' id='word_1_188' title='bbox 1695 1199 1825 1240; x_wconf 84' lang='lat' dir='ltr'>fluxus</span> <span class='ocrx_word' id='word_1_189' title='bbox 1858 1198 1934 1238; x_wconf 83' lang='lat' dir='ltr'>ad-</span> 
     </span>
     <span class='ocr_line' id='line_1_20' title="bbox 123 1252 1936 1310; baseline 0.001 -14"><span class='ocrx_word' id='word_1_190' title='bbox 123 1257 299 1309; x_wconf 86' lang='lat' dir='ltr'>juvaret.</span> <span class='ocrx_word' id='word_1_191' title='bbox 362 1252 523 1298; x_wconf 89' lang='lat' dir='ltr'>Ventus</span> <span class='ocrx_word' id='word_1_192' title='bbox 557 1263 620 1297; x_wconf 90' lang='lat' dir='ltr'>est</span> <span class='ocrx_word' id='word_1_193' title='bbox 651 1259 779 1298; x_wconf 86' lang='lat' dir='ltr'>fluxus</span> <span class='ocrx_word' id='word_1_194' title='bbox 814 1258 932 1303; x_wconf 74' lang='lat' dir='ltr'>aeris,</span> <span class='ocrx_word' id='word_1_195' title='bbox 967 1263 1010 1298; x_wconf 90' lang='lat' dir='ltr'>ut</span> <span class='ocrx_word' id='word_1_196' title='bbox 1043 1270 1169 1310; x_wconf 86' lang='lat' dir='ltr'>aquae</span> <span class='ocrx_word' id='word_1_197' title='bbox 1191 1259 1336 1298; x_wconf 89' lang='lat' dir='ltr'>fluxus.</span> <span class='ocrx_word' id='word_1_198' title='bbox 1387 1257 1631 1309; x_wconf 86' lang='lat' dir='ltr'>Principium</span> <span class='ocrx_word' id='word_1_199' title='bbox 1662 1258 1810 1301; x_wconf 84' lang='lat' dir='ltr'>fluendi</span> <span class='ocrx_word' id='word_1_200' title='bbox 1836 1257 1936 1302; x_wconf 81' lang='lat' dir='ltr'>facit</span> 
     </span>
     <span class='ocr_line' id='line_1_21' title="bbox 127 1316 1945 1373; baseline 0 -17"><span class='ocrx_word' id='word_1_201' title='bbox 127 1316 308 1356; x_wconf 87' lang='lat' dir='ltr'>ebullitio</span> <span class='ocrx_word' id='word_1_202' title='bbox 341 1329 391 1356; x_wconf 84' lang='lat' dir='ltr'>ex</span> <span class='ocrx_word' id='word_1_203' title='bbox 435 1317 646 1357; x_wconf 89' lang='lat' dir='ltr'>altissimis</span> <span class='ocrx_word' id='word_1_204' title='bbox 678 1318 890 1358; x_wconf 88' lang='lat' dir='ltr'>montibus.</span> <span class='ocrx_word' id='word_1_205' title='bbox 962 1317 1030 1358; x_wconf 95' lang='lat' dir='ltr'>Ab</span> <span class='ocrx_word' id='word_1_206' title='bbox 1072 1330 1118 1357; x_wconf 91' lang='lat' dir='ltr'>eo</span> <span class='ocrx_word' id='word_1_207' title='bbox 1164 1316 1327 1373; x_wconf 86' lang='lat' dir='ltr'>fastigio</span> <span class='ocrx_word' id='word_1_208' title='bbox 1373 1317 1544 1357; x_wconf 88' lang='lat' dir='ltr'>materia</span> <span class='ocrx_word' id='word_1_209' title='bbox 1586 1317 1736 1370; x_wconf 88' lang='lat' dir='ltr'>partim</span> <span class='ocrx_word' id='word_1_210' title='bbox 1777 1317 1945 1368; x_wconf 46' lang='lat' dir='ltr'>frigore?</span> 
     </span>
     <span class='ocr_line' id='line_1_22' title="bbox 126 1375 1939 1429; baseline 0.001 -15"><span class='ocrx_word' id='word_1_211' title='bbox 126 1376 275 1427; x_wconf 88' lang='lat' dir='ltr'>partim</span> <span class='ocrx_word' id='word_1_212' title='bbox 309 1389 382 1416; x_wconf 89' lang='lat' dir='ltr'>sua</span> <span class='ocrx_word' id='word_1_213' title='bbox 414 1376 616 1427; x_wconf 83' lang='lat' dir='ltr'>gravitate</span> <span class='ocrx_word' id='word_1_214' title='bbox 657 1378 768 1424; x_wconf 83' lang='lat' dir='ltr'>(nam</span> <span class='ocrx_word' id='word_1_215' title='bbox 801 1381 871 1416; x_wconf 70' lang='lat' dir='ltr'>aer</span> <span class='ocrx_word' id='word_1_216' title='bbox 902 1375 941 1416; x_wconf 87' lang='lat' dir='ltr'>in</span> <span class='ocrx_word' id='word_1_217' title='bbox 975 1377 1138 1419; x_wconf 85' lang='lat' dir='ltr'>aethere</span> <span class='ocrx_word' id='word_1_218' title='bbox 1171 1375 1307 1429; x_wconf 85' lang='lat' dir='ltr'>gravis</span> <span class='ocrx_word' id='word_1_219' title='bbox 1339 1377 1422 1424; x_wconf 88' lang='lat' dir='ltr'>est)</span> <span class='ocrx_word' id='word_1_220' title='bbox 1468 1376 1692 1419; x_wconf 89' lang='lat' dir='ltr'>devolvitur</span> <span class='ocrx_word' id='word_1_221' title='bbox 1723 1381 1766 1416; x_wconf 89' lang='lat' dir='ltr'>et</span> <span class='ocrx_word' id='word_1_222' title='bbox 1795 1376 1836 1416; x_wconf 89' lang='lat' dir='ltr'>in</span> <span class='ocrx_word' id='word_1_223' title='bbox 1868 1388 1939 1416; x_wconf 91' lang='lat' dir='ltr'>su-</span> 
     </span>
     <span class='ocr_line' id='line_1_23' title="bbox 129 1433 1935 1486; baseline 0 -12"><span class='ocrx_word' id='word_1_224' title='bbox 129 1435 288 1486; x_wconf 86' lang='lat' dir='ltr'>perficie</span> <span class='ocrx_word' id='word_1_225' title='bbox 321 1435 426 1475; x_wconf 73' lang='lat' dir='ltr'>aeris</span> <span class='ocrx_word' id='word_1_226' title='bbox 460 1435 558 1475; x_wconf 86' lang='lat' dir='ltr'>facit</span> <span class='ocrx_word' id='word_1_227' title='bbox 591 1436 780 1476; x_wconf 90' lang='lat' dir='ltr'>circulum</span> <span class='ocrx_word' id='word_1_228' title='bbox 813 1435 934 1476; x_wconf 89' lang='lat' dir='ltr'>alium</span> <span class='ocrx_word' id='word_1_229' title='bbox 969 1449 1018 1476; x_wconf 83' lang='lat' dir='ltr'>ex</span> <span class='ocrx_word' id='word_1_230' title='bbox 1050 1436 1142 1483; x_wconf 81' lang='lat' dir='ltr'>alio,</span> <span class='ocrx_word' id='word_1_231' title='bbox 1176 1433 1396 1475; x_wconf 79' lang='lat' dir='ltr'>latissimos</span> <span class='ocrx_word' id='word_1_232' title='bbox 1427 1436 1589 1475; x_wconf 89' lang='lat' dir='ltr'>ultimos</span> <span class='ocrx_word' id='word_1_233' title='bbox 1622 1440 1664 1476; x_wconf 88' lang='lat' dir='ltr'>et</span> <span class='ocrx_word' id='word_1_234' title='bbox 1695 1434 1935 1475; x_wconf 84' lang='lat' dir='ltr'>laxissimos.</span> 
     </span>
    </p>

    <p class='ocr_par' dir='ltr' id='par_1_8' title="bbox 129 1492 1936 1606">
     <span class='ocr_line' id='line_1_24' title="bbox 247 1492 1936 1546; baseline 0.001 -14"><span class='ocrx_word' id='word_1_235' title='bbox 247 1492 462 1533; x_wconf 88' lang='lat' dir='ltr'>Genesin</span> <span class='ocrx_word' id='word_1_236' title='bbox 493 1494 586 1534; x_wconf 92' lang='lat' dir='ltr'>Die</span> <span class='ocrx_word' id='word_1_237' title='bbox 599 1495 898 1538; x_wconf 86' lang='lat' dir='ltr'>trichstenii</span> <span class='ocrx_word' id='word_1_238' title='bbox 929 1495 1090 1544; x_wconf 83' lang='lat' dir='ltr'>nesci03</span> <span class='ocrx_word' id='word_1_239' title='bbox 1123 1494 1283 1535; x_wconf 88' lang='lat' dir='ltr'>incivile</span> <span class='ocrx_word' id='word_1_240' title='bbox 1315 1498 1392 1543; x_wconf 88' lang='lat' dir='ltr'>est,</span> <span class='ocrx_word' id='word_1_241' title='bbox 1426 1495 1599 1546; x_wconf 85' lang='lat' dir='ltr'>petendo</span> <span class='ocrx_word' id='word_1_242' title='bbox 1632 1507 1721 1535; x_wconf 86' lang='lat' dir='ltr'>eam</span> <span class='ocrx_word' id='word_1_243' title='bbox 1747 1493 1936 1537; x_wconf 77' lang='lat' dir='ltr'>refricare</span> 
     </span>
     <span class='ocr_line' id='line_1_25' title="bbox 129 1550 1528 1606; baseline 0.004 -14"><span class='ocrx_word' id='word_1_244' title='bbox 129 1553 302 1592; x_wconf 87' lang='lat' dir='ltr'>dolorem</span> <span class='ocrx_word' id='word_1_245' title='bbox 333 1553 475 1606; x_wconf 87' lang='lat' dir='ltr'>patris.</span> <span class='ocrx_word' id='word_1_246' title='bbox 1523 1550 1528 1556; x_wconf 47' lang='lat'>⁹</span> 
     </span>
    </p>

    <p class='ocr_par' dir='ltr' id='par_1_9' title="bbox 128 1610 1940 2432">
     <span class='ocr_line' id='line_1_26' title="bbox 248 1610 1937 1666; baseline -0.001 -13"><span class='ocrx_word' id='word_1_247' title='bbox 248 1611 482 1653; x_wconf 87' lang='lat' dir='ltr'>Cometas</span> <span class='ocrx_word' id='word_1_248' title='bbox 537 1617 637 1665; x_wconf 91' lang='lat' dir='ltr'>puto</span> <span class='ocrx_word' id='word_1_249' title='bbox 692 1626 860 1665; x_wconf 85' lang='lat' dir='ltr'>corpora</span> <span class='ocrx_word' id='word_1_250' title='bbox 914 1612 1128 1666; x_wconf 85' lang='lat' dir='ltr'>perspicua</span> <span class='ocrx_word' id='word_1_251' title='bbox 1164 1613 1247 1652; x_wconf 87' lang='lat' dir='ltr'>-vel</span> <span class='ocrx_word' id='word_1_252' title='bbox 1301 1611 1527 1664; x_wconf 72' lang='lat' dir='ltr'>pellucicla,</span> <span class='ocrx_word' id='word_1_253' title='bbox 1585 1612 1694 1653; x_wconf 87' lang='lat' dir='ltr'>intus</span> <span class='ocrx_word' id='word_1_254' title='bbox 1744 1610 1937 1657; x_wconf 82' lang='lat' dir='ltr'>materiae</span> 
     </span>
     <span class='ocr_line' id='line_1_27' title="bbox 129 1669 1938 1723; baseline 0 -13"><span class='ocrx_word' id='word_1_255' title='bbox 129 1671 284 1711; x_wconf 86' lang='lat' dir='ltr'>ratione</span> <span class='ocrx_word' id='word_1_256' title='bbox 319 1672 514 1711; x_wconf 90' lang='lat' dir='ltr'>colorata.</span> <span class='ocrx_word' id='word_1_257' title='bbox 578 1672 769 1713; x_wconf 85' lang='lat' dir='ltr'>Transitu</span> <span class='ocrx_word' id='word_1_258' title='bbox 801 1673 938 1723; x_wconf 85' lang='lat' dir='ltr'>itaque</span> <span class='ocrx_word' id='word_1_259' title='bbox 970 1672 1172 1712; x_wconf 91' lang='lat' dir='ltr'>radiorum</span> <span class='ocrx_word' id='word_1_260' title='bbox 1195 1671 1303 1711; x_wconf 86' lang='lat' dir='ltr'>Solis</span> <span class='ocrx_word' id='word_1_261' title='bbox 1335 1671 1575 1712; x_wconf 87' lang='lat' dir='ltr'>colorantur.</span> <span class='ocrx_word' id='word_1_262' title='bbox 1639 1671 1700 1711; x_wconf 90' lang='lat' dir='ltr'>De</span> <span class='ocrx_word' id='word_1_263' title='bbox 1734 1670 1808 1710; x_wconf 78' lang='lat' dir='ltr'>hoe</span> <span class='ocrx_word' id='word_1_264' title='bbox 1840 1669 1938 1714; x_wconf 80' lang='lat' dir='ltr'>nihil</span> 
     </span>
     <span class='ocr_line' id='line_1_28' title="bbox 131 1729 1939 1783; baseline -0.001 -13"><span class='ocrx_word' id='word_1_265' title='bbox 131 1730 281 1770; x_wconf 89' lang='lat' dir='ltr'>dubito.</span> <span class='ocrx_word' id='word_1_266' title='bbox 347 1729 556 1776; x_wconf 86' lang='lat' dir='ltr'>Quomodo</span> <span class='ocrx_word' id='word_1_267' title='bbox 589 1731 729 1770; x_wconf 89' lang='lat' dir='ltr'>aether</span> <span class='ocrx_word' id='word_1_268' title='bbox 759 1731 947 1783; x_wconf 87' lang='lat' dir='ltr'>limpidus</span> <span class='ocrx_word' id='word_1_269' title='bbox 980 1731 1052 1770; x_wconf 92' lang='lat' dir='ltr'>hos</span> <span class='ocrx_word' id='word_1_270' title='bbox 1086 1731 1240 1770; x_wconf 89' lang='lat' dir='ltr'>colores</span> <span class='ocrx_word' id='word_1_271' title='bbox 1271 1730 1483 1782; x_wconf 89' lang='lat' dir='ltr'>suscipiat,</span> <span class='ocrx_word' id='word_1_272' title='bbox 1519 1743 1607 1770; x_wconf 89' lang='lat' dir='ltr'>cum</span> <span class='ocrx_word' id='word_1_273' title='bbox 1638 1729 1748 1770; x_wconf 85' lang='lat' dir='ltr'>Solis</span> <span class='ocrx_word' id='word_1_274' title='bbox 1780 1733 1822 1768; x_wconf 90' lang='lat' dir='ltr'>et</span> <span class='ocrx_word' id='word_1_275' title='bbox 1850 1729 1939 1769; x_wconf 85' lang='lat' dir='ltr'>Lu-</span> 
     </span>
     <span class='ocr_line' id='line_1_29' title="bbox 130 1788 1938 1842; baseline -0.002 -13"><span class='ocrx_word' id='word_1_276' title='bbox 130 1802 204 1829; x_wconf 87' lang='lat' dir='ltr'>nae</span> <span class='ocrx_word' id='word_1_277' title='bbox 237 1790 373 1829; x_wconf 90' lang='lat' dir='ltr'>radios</span> <span class='ocrx_word' id='word_1_278' title='bbox 405 1803 482 1830; x_wconf 89' lang='lat' dir='ltr'>non</span> <span class='ocrx_word' id='word_1_279' title='bbox 517 1790 728 1841; x_wconf 87' lang='lat' dir='ltr'>suscipiat,</span> <span class='ocrx_word' id='word_1_280' title='bbox 768 1790 978 1842; x_wconf 89' lang='lat' dir='ltr'>plurimum</span> <span class='ocrx_word' id='word_1_281' title='bbox 1011 1789 1184 1842; x_wconf 89' lang='lat' dir='ltr'>disputo,</span> <span class='ocrx_word' id='word_1_282' title='bbox 1218 1802 1359 1841; x_wconf 86' lang='lat' dir='ltr'>parum</span> <span class='ocrx_word' id='word_1_283' title='bbox 1391 1789 1485 1830; x_wconf 90' lang='lat' dir='ltr'>mihi</span> <span class='ocrx_word' id='word_1_284' title='bbox 1517 1795 1670 1830; x_wconf 87' lang='lat' dir='ltr'>consto.</span> <span class='ocrx_word' id='word_1_285' title='bbox 1733 1788 1938 1828; x_wconf 87' lang='lat' dir='ltr'>Interdum</span> 
     </span>
     <span class='ocr_line' id='line_1_30' title="bbox 128 1847 1938 1902; baseline -0.001 -14"><span class='ocrx_word' id='word_1_286' title='bbox 128 1854 239 1901; x_wconf 90' lang='lat' dir='ltr'>puto,</span> <span class='ocrx_word' id='word_1_287' title='bbox 274 1849 486 1889; x_wconf 87' lang='lat' dir='ltr'>materiam</span> <span class='ocrx_word' id='word_1_288' title='bbox 520 1862 609 1888; x_wconf 87' lang='lat' dir='ltr'>esse</span> <span class='ocrx_word' id='word_1_289' title='bbox 643 1849 750 1889; x_wconf 87' lang='lat' dir='ltr'>circa</span> <span class='ocrx_word' id='word_1_290' title='bbox 782 1854 977 1888; x_wconf 88' lang='lat' dir='ltr'>cometam</span> <span class='ocrx_word' id='word_1_291' title='bbox 1009 1853 1092 1888; x_wconf 90' lang='lat' dir='ltr'>tam</span> <span class='ocrx_word' id='word_1_292' title='bbox 1126 1849 1208 1889; x_wconf 87' lang='lat' dir='ltr'>late</span> <span class='ocrx_word' id='word_1_293' title='bbox 1242 1861 1474 1899; x_wconf 85' lang='lat' dir='ltr'>expansam,</span> <span class='ocrx_word' id='word_1_294' title='bbox 1509 1862 1609 1902; x_wconf 90' lang='lat' dir='ltr'>quae</span> <span class='ocrx_word' id='word_1_295' title='bbox 1637 1847 1811 1900; x_wconf 84' lang='lat' dir='ltr'>excipiat</span> <span class='ocrx_word' id='word_1_296' title='bbox 1835 1847 1938 1887; x_wconf 85' lang='lat' dir='ltr'>hanc</span> 
     </span>
     <span class='ocr_line' id='line_1_31' title="bbox 131 1905 1936 1959; baseline -0.001 -12"><span class='ocrx_word' id='word_1_297' title='bbox 131 1907 458 1955; x_wconf 86' lang='lat' dir='ltr'>illustrationem,</span> <span class='ocrx_word' id='word_1_298' title='bbox 499 1914 544 1948; x_wconf 90' lang='lat' dir='ltr'>ut</span> <span class='ocrx_word' id='word_1_299' title='bbox 574 1908 787 1959; x_wconf 88' lang='lat' dir='ltr'>pulvisculi</span> <span class='ocrx_word' id='word_1_300' title='bbox 820 1907 956 1948; x_wconf 83' lang='lat' dir='ltr'>Solem</span> <span class='ocrx_word' id='word_1_301' title='bbox 988 1908 1026 1957; x_wconf 82' lang='lat' dir='ltr'>iu</span> <span class='ocrx_word' id='word_1_302' title='bbox 1061 1908 1230 1949; x_wconf 88' lang='lat' dir='ltr'>obscura</span> <span class='ocrx_word' id='word_1_303' title='bbox 1261 1920 1446 1956; x_wconf 88' lang='lat' dir='ltr'>camera;</span> <span class='ocrx_word' id='word_1_304' title='bbox 1491 1913 1584 1948; x_wconf 88' lang='lat' dir='ltr'>tunc</span> <span class='ocrx_word' id='word_1_305' title='bbox 1616 1920 1738 1949; x_wconf 83' lang='lat' dir='ltr'>causa</span> <span class='ocrx_word' id='word_1_306' title='bbox 1771 1905 1936 1947; x_wconf 86' lang='lat' dir='ltr'>visionis</span> 
     </span>
     <span class='ocr_line' id='line_1_32' title="bbox 131 1965 1939 2019; baseline -0.001 -14"><span class='ocrx_word' id='word_1_307' title='bbox 131 1971 240 2005; x_wconf 88' lang='lat' dir='ltr'>esset</span> <span class='ocrx_word' id='word_1_308' title='bbox 261 1967 298 2005; x_wconf 91' lang='lat' dir='ltr'>in</span> <span class='ocrx_word' id='word_1_309' title='bbox 320 1967 556 2006; x_wconf 86' lang='lat' dir='ltr'>collectione</span> <span class='ocrx_word' id='word_1_310' title='bbox 577 1973 618 2006; x_wconf 90' lang='lat' dir='ltr'>et</span> <span class='ocrx_word' id='word_1_311' title='bbox 643 1966 974 2019; x_wconf 84' lang='lat' dir='ltr'>multiplicatione</span> <span class='ocrx_word' id='word_1_312' title='bbox 994 1967 1206 2006; x_wconf 89' lang='lat' dir='ltr'>radiorum.</span> <span class='ocrx_word' id='word_1_313' title='bbox 1258 1966 1462 2006; x_wconf 85' lang='lat' dir='ltr'>Interdum</span> <span class='ocrx_word' id='word_1_314' title='bbox 1491 1966 1586 2006; x_wconf 90' lang='lat' dir='ltr'>mihi</span> <span class='ocrx_word' id='word_1_315' title='bbox 1610 1971 1652 2006; x_wconf 85' lang='lat' dir='ltr'>et</span> <span class='ocrx_word' id='word_1_316' title='bbox 1676 1965 1738 2005; x_wconf 88' lang='lat' dir='ltr'>hic</span> <span class='ocrx_word' id='word_1_317' title='bbox 1760 1965 1939 2012; x_wconf 87' lang='lat' dir='ltr'>(aether)</span> 
     </span>
     <span class='ocr_line' id='line_1_33' title="bbox 131 2024 1940 2078; baseline -0.001 -14"><span class='ocrx_word' id='word_1_318' title='bbox 131 2025 216 2076; x_wconf 91' lang='lat' dir='ltr'>ipse</span> <span class='ocrx_word' id='word_1_319' title='bbox 249 2025 407 2064; x_wconf 88' lang='lat' dir='ltr'>videtur</span> <span class='ocrx_word' id='word_1_320' title='bbox 438 2026 676 2065; x_wconf 86' lang='lat' dir='ltr'>materiatus</span> <span class='ocrx_word' id='word_1_321' title='bbox 710 2032 751 2065; x_wconf 86' lang='lat' dir='ltr'>et</span> <span class='ocrx_word' id='word_1_322' title='bbox 771 2026 944 2066; x_wconf 89' lang='lat' dir='ltr'>colorum</span> <span class='ocrx_word' id='word_1_323' title='bbox 971 2038 1111 2077; x_wconf 79' lang='lat' dir='ltr'>capax,</span> <span class='ocrx_word' id='word_1_324' title='bbox 1145 2025 1383 2077; x_wconf 87' lang='lat' dir='ltr'>praesertim</span> <span class='ocrx_word' id='word_1_325' title='bbox 1410 2026 1502 2078; x_wconf 91' lang='lat' dir='ltr'>quia</span> <span class='ocrx_word' id='word_1_326' title='bbox 1534 2025 1733 2066; x_wconf 88' lang='lat' dir='ltr'>latissima</span> <span class='ocrx_word' id='word_1_327' title='bbox 1766 2024 1849 2076; x_wconf 87' lang='lat' dir='ltr'>ejus</span> <span class='ocrx_word' id='word_1_328' title='bbox 1876 2028 1940 2063; x_wconf 89' lang='lat' dir='ltr'>est</span> 
     </span>
     <span class='ocr_line' id='line_1_34' title="bbox 130 2083 1939 2136; baseline 0 -14"><span class='ocrx_word' id='word_1_329' title='bbox 130 2083 347 2123; x_wconf 84' lang='lat' dir='ltr'>illustratio</span> <span class='ocrx_word' id='word_1_330' title='bbox 381 2098 405 2123; x_wconf 89' lang='lat' dir='ltr'>a</span> <span class='ocrx_word' id='word_1_331' title='bbox 437 2090 616 2133; x_wconf 90' lang='lat' dir='ltr'>cometa,</span> <span class='ocrx_word' id='word_1_332' title='bbox 662 2085 785 2124; x_wconf 87' lang='lat' dir='ltr'>radiis</span> <span class='ocrx_word' id='word_1_333' title='bbox 813 2084 920 2124; x_wconf 83' lang='lat' dir='ltr'>Solis</span> <span class='ocrx_word' id='word_1_334' title='bbox 958 2084 1157 2124; x_wconf 79' lang='lat' dir='ltr'>refractis.</span> <span class='ocrx_word' id='word_1_335' title='bbox 1222 2084 1330 2131; x_wconf 83' lang='lat' dir='ltr'>Tunc</span> <span class='ocrx_word' id='word_1_336' title='bbox 1368 2084 1490 2136; x_wconf 84' lang='lat' dir='ltr'>igitur</span> <span class='ocrx_word' id='word_1_337' title='bbox 1528 2084 1692 2132; x_wconf 83' lang='lat' dir='ltr'>accidit,</span> <span class='ocrx_word' id='word_1_338' title='bbox 1733 2088 1788 2131; x_wconf 85' lang='lat' dir='ltr'>ut,</span> <span class='ocrx_word' id='word_1_339' title='bbox 1835 2083 1939 2136; x_wconf 90' lang='lat' dir='ltr'>quod</span> 
     </span>
     <span class='ocr_line' id='line_1_35' title="bbox 131 2142 1936 2195; baseline -0.001 -14"><span class='ocrx_word' id='word_1_340' title='bbox 131 2148 193 2182; x_wconf 88' lang='lat' dir='ltr'>est</span> <span class='ocrx_word' id='word_1_341' title='bbox 223 2143 507 2194; x_wconf 84' lang='lat' dir='ltr'>propinquum,</span> <span class='ocrx_word' id='word_1_342' title='bbox 555 2143 591 2182; x_wconf 92' lang='lat' dir='ltr'>in</span> <span class='ocrx_word' id='word_1_343' title='bbox 627 2148 885 2195; x_wconf 89' lang='lat' dir='ltr'>conspectum</span> <span class='ocrx_word' id='word_1_344' title='bbox 924 2156 1000 2183; x_wconf 92' lang='lat' dir='ltr'>non</span> <span class='ocrx_word' id='word_1_345' title='bbox 1033 2143 1182 2183; x_wconf 90' lang='lat' dir='ltr'>veniat.</span> <span class='ocrx_word' id='word_1_346' title='bbox 1247 2143 1452 2183; x_wconf 88' lang='lat' dir='ltr'>Interdum</span> <span class='ocrx_word' id='word_1_347' title='bbox 1496 2149 1612 2195; x_wconf 88' lang='lat' dir='ltr'>puto,</span> <span class='ocrx_word' id='word_1_348' title='bbox 1664 2142 1834 2186; x_wconf 82' lang='lat' dir='ltr'>caudam</span> <span class='ocrx_word' id='word_1_349' title='bbox 1866 2154 1936 2181; x_wconf 91' lang='lat' dir='ltr'>co-</span> 
     </span>
     <span class='ocr_line' id='line_1_36' title="bbox 130 2201 1938 2254; baseline 0 -14"><span class='ocrx_word' id='word_1_350' title='bbox 130 2207 261 2240; x_wconf 86' lang='lat' dir='ltr'>metae.</span> <span class='ocrx_word' id='word_1_351' title='bbox 294 2202 521 2254; x_wconf 84' lang='lat' dir='ltr'>pertingere</span> <span class='ocrx_word' id='word_1_352' title='bbox 553 2202 657 2242; x_wconf 90' lang='lat' dir='ltr'>infra</span> <span class='ocrx_word' id='word_1_353' title='bbox 689 2203 856 2250; x_wconf 81' lang='lat' dir='ltr'>Lunam,</span> <span class='ocrx_word' id='word_1_354' title='bbox 893 2207 933 2241; x_wconf 89' lang='lat' dir='ltr'>et</span> <span class='ocrx_word' id='word_1_355' title='bbox 963 2203 1066 2242; x_wconf 90' lang='lat' dir='ltr'>hanc</span> <span class='ocrx_word' id='word_1_356' title='bbox 1099 2215 1261 2242; x_wconf 88' lang='lat' dir='ltr'>causam</span> <span class='ocrx_word' id='word_1_357' title='bbox 1294 2215 1383 2243; x_wconf 89' lang='lat' dir='ltr'>esse</span> <span class='ocrx_word' id='word_1_358' title='bbox 1405 2202 1637 2254; x_wconf 84' lang='lat' dir='ltr'>apparentis</span> <span class='ocrx_word' id='word_1_359' title='bbox 1670 2201 1822 2241; x_wconf 87' lang='lat' dir='ltr'>caudae</span> <span class='ocrx_word' id='word_1_360' title='bbox 1841 2213 1938 2254; x_wconf 88' lang='lat' dir='ltr'>pro-</span> 
     </span>
     <span class='ocr_line' id='line_1_37' title="bbox 128 2259 1935 2313; baseline -0.001 -13"><span class='ocrx_word' id='word_1_361' title='bbox 128 2260 327 2313; x_wconf 82' lang='lat' dir='ltr'>jectionis,</span> <span class='ocrx_word' id='word_1_362' title='bbox 363 2266 403 2300; x_wconf 86' lang='lat' dir='ltr'>et</span> <span class='ocrx_word' id='word_1_363' title='bbox 434 2261 557 2301; x_wconf 88' lang='lat' dir='ltr'>radiis</span> <span class='ocrx_word' id='word_1_364' title='bbox 590 2261 697 2301; x_wconf 90' lang='lat' dir='ltr'>illius</span> <span class='ocrx_word' id='word_1_365' title='bbox 731 2261 896 2301; x_wconf 81' lang='lat' dir='ltr'>colorari</span> <span class='ocrx_word' id='word_1_366' title='bbox 930 2261 1139 2301; x_wconf 87' lang='lat' dir='ltr'>materiam</span> <span class='ocrx_word' id='word_1_367' title='bbox 1172 2262 1323 2301; x_wconf 74' lang='lat' dir='ltr'>aeriam</span> <span class='ocrx_word' id='word_1_368' title='bbox 1355 2262 1607 2302; x_wconf 90' lang='lat' dir='ltr'>crassiorem.</span> <span class='ocrx_word' id='word_1_369' title='bbox 1670 2259 1935 2301; x_wconf 84' lang='lat' dir='ltr'>Dilatationis</span> 
     </span>
     <span class='ocr_line' id='line_1_38' title="bbox 133 2319 1936 2374; baseline -0.001 -15"><span class='ocrx_word' id='word_1_370' title='bbox 133 2332 256 2359; x_wconf 88' lang='lat' dir='ltr'>causa</span> <span class='ocrx_word' id='word_1_371' title='bbox 299 2320 408 2359; x_wconf 91' lang='lat' dir='ltr'>venit</span> <span class='ocrx_word' id='word_1_372' title='bbox 453 2334 501 2360; x_wconf 83' lang='lat' dir='ltr'>ex</span> <span class='ocrx_word' id='word_1_373' title='bbox 545 2321 700 2372; x_wconf 83' lang='lat' dir='ltr'>legibus</span> <span class='ocrx_word' id='word_1_374' title='bbox 745 2321 912 2372; x_wconf 88' lang='lat' dir='ltr'>opticis,</span> <span class='ocrx_word' id='word_1_375' title='bbox 958 2321 1228 2372; x_wconf 87' lang='lat' dir='ltr'>refringuntur</span> <span class='ocrx_word' id='word_1_376' title='bbox 1268 2320 1369 2360; x_wconf 89' lang='lat' dir='ltr'>radii</span> <span class='ocrx_word' id='word_1_377' title='bbox 1412 2321 1462 2360; x_wconf 89' lang='lat' dir='ltr'>ad</span> <span class='ocrx_word' id='word_1_378' title='bbox 1493 2319 1839 2374; x_wconf 83' lang='lat' dir='ltr'>perpendiculum,</span> <span class='ocrx_word' id='word_1_379' title='bbox 1882 2324 1936 2366; x_wconf 89' lang='lat' dir='ltr'>et,</span> 
     </span>
     <span class='ocr_line' id='line_1_39' title="bbox 133 2379 1242 2432; baseline 0.001 -14"><span class='ocrx_word' id='word_1_380' title='bbox 133 2379 310 2418; x_wconf 88' lang='lat' dir='ltr'>sectione</span> <span class='ocrx_word' id='word_1_381' title='bbox 345 2379 465 2428; x_wconf 83' lang='lat' dir='ltr'>facta,</span> <span class='ocrx_word' id='word_1_382' title='bbox 500 2385 712 2420; x_wconf 87' lang='lat' dir='ltr'>transeunt</span> <span class='ocrx_word' id='word_1_383' title='bbox 744 2380 783 2419; x_wconf 89' lang='lat' dir='ltr'>in</span> <span class='ocrx_word' id='word_1_384' title='bbox 817 2380 1043 2432; x_wconf 87' lang='lat' dir='ltr'>oppositam</span> <span class='ocrx_word' id='word_1_385' title='bbox 1074 2386 1242 2431; x_wconf 87' lang='lat' dir='ltr'>partem.</span> 
     </span>
    </p>

    <p class='ocr_par' dir='ltr' id='par_1_10' title="bbox 133 2435 1940 2668">
     <span class='ocr_line' id='line_1_40' title="bbox 250 2435 1935 2492; baseline -0.001 -16"><span class='ocrx_word' id='word_1_386' title='bbox 250 2437 310 2476; x_wconf 92' lang='lat' dir='ltr'>De</span> <span class='ocrx_word' id='word_1_387' title='bbox 344 2438 690 2478; x_wconf 83' lang='lat' dir='ltr'>incurvatione</span> <span class='ocrx_word' id='word_1_388' title='bbox 724 2439 818 2492; x_wconf 91' lang='lat' dir='ltr'>quid</span> <span class='ocrx_word' id='word_1_389' title='bbox 850 2452 925 2478; x_wconf 91' lang='lat' dir='ltr'>non</span> <span class='ocrx_word' id='word_1_390' title='bbox 959 2439 1025 2486; x_wconf 90' lang='lat' dir='ltr'>sit,</span> <span class='ocrx_word' id='word_1_391' title='bbox 1060 2440 1191 2479; x_wconf 91' lang='lat' dir='ltr'>dicere</span> <span class='ocrx_word' id='word_1_392' title='bbox 1223 2451 1398 2490; x_wconf 90' lang='lat' dir='ltr'>possum,</span> <span class='ocrx_word' id='word_1_393' title='bbox 1433 2442 1477 2477; x_wconf 86' lang='lat' dir='ltr'>at</span> <span class='ocrx_word' id='word_1_394' title='bbox 1509 2450 1585 2476; x_wconf 90' lang='lat' dir='ltr'>non</span> <span class='ocrx_word' id='word_1_395' title='bbox 1609 2436 1701 2489; x_wconf 87' lang='lat' dir='ltr'>quid</span> <span class='ocrx_word' id='word_1_396' title='bbox 1728 2435 1793 2476; x_wconf 87' lang='lat' dir='ltr'>sit.</span> <span class='ocrx_word' id='word_1_397' title='bbox 1845 2435 1935 2475; x_wconf 86' lang='lat' dir='ltr'>Non</span> 
     </span>
     <span class='ocr_line' id='line_1_41' title="bbox 134 2494 1938 2551; baseline -0.001 -16"><span class='ocrx_word' id='word_1_398' title='bbox 134 2501 198 2535; x_wconf 91' lang='lat' dir='ltr'>est</span> <span class='ocrx_word' id='word_1_399' title='bbox 228 2497 460 2548; x_wconf 86' lang='lat' dir='ltr'>parallaxis‚</span> <span class='ocrx_word' id='word_1_400' title='bbox 496 2503 540 2537; x_wconf 93' lang='lat' dir='ltr'>ut</span> <span class='ocrx_word' id='word_1_401' title='bbox 572 2498 708 2551; x_wconf 88' lang='lat' dir='ltr'>Tycho</span> <span class='ocrx_word' id='word_1_402' title='bbox 739 2498 922 2549; x_wconf 81' lang='lat' dir='ltr'>putavit3</span> <span class='ocrx_word' id='word_1_403' title='bbox 955 2511 1048 2537; x_wconf 87' lang='lat' dir='ltr'>nam</span> <span class='ocrx_word' id='word_1_404' title='bbox 1079 2497 1299 2549; x_wconf 85' lang='lat' dir='ltr'>parallaxis</span> <span class='ocrx_word' id='word_1_405' title='bbox 1334 2510 1383 2536; x_wconf 86' lang='lat' dir='ltr'>ex</span> <span class='ocrx_word' id='word_1_406' title='bbox 1416 2496 1537 2537; x_wconf 87' lang='lat' dir='ltr'>rectis</span> <span class='ocrx_word' id='word_1_407' title='bbox 1570 2508 1646 2535; x_wconf 89' lang='lat' dir='ltr'>non</span> <span class='ocrx_word' id='word_1_408' title='bbox 1679 2499 1816 2546; x_wconf 86' lang='lat' dir='ltr'>potest</span> <span class='ocrx_word' id='word_1_409' title='bbox 1842 2494 1938 2534; x_wconf 81' lang='lat' dir='ltr'>red-</span> 
     </span>
     <span class='ocr_line' id='line_1_42' title="bbox 134 2553 1940 2608; baseline -0.001 -14"><span class='ocrx_word' id='word_1_410' title='bbox 134 2555 226 2594; x_wconf 89' lang='lat' dir='ltr'>dere</span> <span class='ocrx_word' id='word_1_411' title='bbox 259 2569 421 2595; x_wconf 76' lang='lat' dir='ltr'>curva.·</span> <span class='ocrx_word' id='word_1_412' title='bbox 456 2557 546 2597; x_wconf 92' lang='lat' dir='ltr'>Non</span> <span class='ocrx_word' id='word_1_413' title='bbox 580 2564 644 2596; x_wconf 90' lang='lat' dir='ltr'>est</span> <span class='ocrx_word' id='word_1_414' title='bbox 675 2562 720 2597; x_wconf 89' lang='lat' dir='ltr'>ut</span> <span class='ocrx_word' id='word_1_415' title='bbox 751 2558 890 2597; x_wconf 86' lang='lat' dir='ltr'>Lunae</span> <span class='ocrx_word' id='word_1_416' title='bbox 923 2557 1178 2604; x_wconf 85' lang='lat' dir='ltr'>illuminatio,</span> <span class='ocrx_word' id='word_1_417' title='bbox 1225 2569 1325 2608; x_wconf 85' lang='lat' dir='ltr'>quae</span> <span class='ocrx_word' id='word_1_418' title='bbox 1358 2568 1450 2595; x_wconf 88' lang='lat' dir='ltr'>vere</span> <span class='ocrx_word' id='word_1_419' title='bbox 1497 2560 1559 2594; x_wconf 90' lang='lat' dir='ltr'>est</span> <span class='ocrx_word' id='word_1_420' title='bbox 1603 2567 1725 2594; x_wconf 88' lang='lat' dir='ltr'>curva</span> <span class='ocrx_word' id='word_1_421' title='bbox 1767 2553 1940 2593; x_wconf 86' lang='lat' dir='ltr'>circula-</span> 
     </span>
     <span class='ocr_line' id='line_1_43' title="bbox 133 2612 1936 2668; baseline -0.002 -14"><span class='ocrx_word' id='word_1_422' title='bbox 133 2614 242 2654; x_wconf 86' lang='lat' dir='ltr'>riter.</span> <span class='ocrx_word' id='word_1_423' title='bbox 307 2615 366 2654; x_wconf 92' lang='lat' dir='ltr'>Tu</span> <span class='ocrx_word' id='word_1_424' title='bbox 399 2614 432 2654; x_wconf 89' lang='lat' dir='ltr'>si</span> <span class='ocrx_word' id='word_1_425' title='bbox 465 2629 526 2655; x_wconf 89' lang='lat' dir='ltr'>me</span> <span class='ocrx_word' id='word_1_426' title='bbox 558 2616 818 2662; x_wconf 85' lang='lat' dir='ltr'>refutaveris,</span> <span class='ocrx_word' id='word_1_427' title='bbox 853 2628 930 2655; x_wconf 87' lang='lat' dir='ltr'>non</span> <span class='ocrx_word' id='word_1_428' title='bbox 963 2629 1025 2654; x_wconf 89' lang='lat' dir='ltr'>me</span> <span class='ocrx_word' id='word_1_429' title='bbox 1058 2616 1248 2656; x_wconf 86' lang='lat' dir='ltr'>offendes.</span> <span class='ocrx_word' id='word_1_430' title='bbox 1315 2613 1613 2668; x_wconf 79' lang='lat' dir='ltr'>obscurissima</span> <span class='ocrx_word' id='word_1_431' title='bbox 1645 2618 1709 2652; x_wconf 89' lang='lat' dir='ltr'>est</span> <span class='ocrx_word' id='word_1_432' title='bbox 1741 2612 1936 2665; x_wconf 87' lang='lat' dir='ltr'>quaestio.</span> 
     </span>
    </p>
   </div>
   <div class='ocr_carea' id='block_1_3' title="bbox 132 2672 1756 2727">
    <p class='ocr_par' dir='ltr' id='par_1_11' title="bbox 132 2672 1756 2727">
     <span class='ocr_line' id='line_1_44' title="bbox 132 2672 1756 2727; baseline -0.002 -15"><span class='ocrx_word' id='word_1_433' title='bbox 132 2673 218 2712; x_wconf 85' lang='lat' dir='ltr'>Nec</span> <span class='ocrx_word' id='word_1_434' title='bbox 252 2686 324 2723; x_wconf 80' lang='lat' dir='ltr'>ego</span> <span class='ocrx_word' id='word_1_435' title='bbox 356 2674 490 2727; x_wconf 86' lang='lat' dir='ltr'>plures</span> <span class='ocrx_word' id='word_1_436' title='bbox 522 2675 602 2714; x_wconf 91' lang='lat' dir='ltr'>vidi</span> <span class='ocrx_word' id='word_1_437' title='bbox 637 2687 729 2714; x_wconf 91' lang='lat' dir='ltr'>uno</span> <span class='ocrx_word' id='word_1_438' title='bbox 763 2675 854 2714; x_wconf 91' lang='lat' dir='ltr'>anni</span> <span class='ocrx_word' id='word_1_439' title='bbox 892 2672 1002 2716; x_wconf 78' lang='lat'>1596</span> <span class='ocrx_word' id='word_1_440' title='bbox 1034 2674 1264 2715; x_wconf 87' lang='lat' dir='ltr'>Novembri.</span> <span class='ocrx_word' id='word_1_441' title='bbox 1328 2679 1429 2720; x_wconf 84' lang='lat' dir='ltr'>(Vide</span> <span class='ocrx_word' id='word_1_442' title='bbox 1453 2679 1564 2710; x_wconf 87' lang='lat' dir='ltr'>Prodr.</span> <span class='ocrx_word' id='word_1_443' title='bbox 1597 2689 1629 2719; x_wconf 91' lang='lat' dir='ltr'>p.</span> <span class='ocrx_word' id='word_1_444' title='bbox 1659 2675 1756 2716; x_wconf 83' lang='lat'>196.)</span> 
     </span>
    </p>
   </div>
   <div class='ocr_carea' id='block_1_4' title="bbox 134 2728 1940 2964">
    <p class='ocr_par' dir='ltr' id='par_1_12' title="bbox 134 2728 1940 2964">
     <span class='ocr_line' id='line_1_45' title="bbox 228 2728 1938 2775; baseline -0.001 -12"><span class='ocrx_word' id='word_1_445' title='bbox 228 2732 454 2764; x_wconf 83' lang='lat' dir='ltr'>Fabricius</span> <span class='ocrx_word' id='word_1_446' title='bbox 481 2730 528 2774; x_wconf 89' lang='lat' dir='ltr'>[d.</span> <span class='ocrx_word' id='word_1_447' title='bbox 557 2733 587 2765; x_wconf 90' lang='lat'>1.</span> <span class='ocrx_word' id='word_1_448' title='bbox 615 2732 707 2773; x_wconf 75' lang='lat'>(11.)</span> <span class='ocrx_word' id='word_1_449' title='bbox 724 2731 857 2775; x_wconf 75' lang='lat' dir='ltr'>Febr-J:</span> <span class='ocrx_word' id='word_1_450' title='bbox 899 2733 1019 2766; x_wconf 82' lang='lat' dir='ltr'>Scribis</span> <span class='ocrx_word' id='word_1_451' title='bbox 1045 2734 1084 2765; x_wconf 87' lang='lat' dir='ltr'>de</span> <span class='ocrx_word' id='word_1_452' title='bbox 1110 2738 1218 2766; x_wconf 84' lang='lat' dir='ltr'>terrae</span> <span class='ocrx_word' id='word_1_453' title='bbox 1243 2735 1333 2764; x_wconf 77' lang='lat' dir='ltr'>motu</span> <span class='ocrx_word' id='word_1_454' title='bbox 1357 2733 1391 2763; x_wconf 85' lang='lat' dir='ltr'>in</span> <span class='ocrx_word' id='word_1_455' title='bbox 1416 2731 1523 2764; x_wconf 84' lang='lat' dir='ltr'>Rheni</span> <span class='ocrx_word' id='word_1_456' title='bbox 1548 2735 1658 2763; x_wconf 82' lang='lat' dir='ltr'>tractu</span> <span class='ocrx_word' id='word_1_457' title='bbox 1684 2730 1730 2771; x_wconf 84' lang='lat' dir='ltr'>(v.</span> <span class='ocrx_word' id='word_1_458' title='bbox 1749 2741 1774 2763; x_wconf 83' lang='lat' dir='ltr'>s.</span> <span class='ocrx_word' id='word_1_459' title='bbox 1793 2741 1826 2773; x_wconf 86' lang='lat' dir='ltr'>p.</span> <span class='ocrx_word' id='word_1_460' title='bbox 1841 2728 1938 2769; x_wconf 67' lang='lat'>³13).</span> 
     </span>
     <span class='ocr_line' id='line_1_46' title="bbox 135 2778 1938 2822; baseline 0 -12"><span class='ocrx_word' id='word_1_461' title='bbox 135 2778 234 2819; x_wconf 87' lang='lat' dir='ltr'>Cupio</span> <span class='ocrx_word' id='word_1_462' title='bbox 270 2784 397 2820; x_wconf 87' lang='lat' dir='ltr'>tempus</span> <span class='ocrx_word' id='word_1_463' title='bbox 432 2791 642 2822; x_wconf 86' lang='lat' dir='ltr'>cognoscere.</span> <span class='ocrx_word' id='word_1_464' title='bbox 692 2781 782 2813; x_wconf 85' lang='lat' dir='ltr'>Nihil</span> <span class='ocrx_word' id='word_1_465' title='bbox 814 2791 872 2813; x_wconf 85' lang='lat' dir='ltr'>nos</span> <span class='ocrx_word' id='word_1_466' title='bbox 897 2781 950 2813; x_wconf 89' lang='lat' dir='ltr'>hic</span> <span class='ocrx_word' id='word_1_467' title='bbox 976 2781 1136 2812; x_wconf 87' lang='lat' dir='ltr'>sensimus</span> <span class='ocrx_word' id='word_1_468' title='bbox 1162 2779 1219 2813; x_wconf 77' lang='lat' dir='ltr'>&amp;c-</span> <span class='ocrx_word' id='word_1_469' title='bbox 1273 2779 1343 2822; x_wconf 74' lang='lat' dir='ltr'>Ego</span> <span class='ocrx_word' id='word_1_470' title='bbox 1370 2788 1410 2812; x_wconf 85' lang='lat' dir='ltr'>ex</span> <span class='ocrx_word' id='word_1_471' title='bbox 1434 2778 1530 2810; x_wconf 86' lang='lat' dir='ltr'>ruina</span> <span class='ocrx_word' id='word_1_472' title='bbox 1563 2779 1667 2820; x_wconf 85' lang='lat' dir='ltr'>partis</span> <span class='ocrx_word' id='word_1_473' title='bbox 1693 2779 1832 2819; x_wconf 68' lang='lat' dir='ltr'>alicujus</span> <span class='ocrx_word' id='word_1_474' title='bbox 1853 2778 1938 2811; x_wconf 78' lang='lat' dir='ltr'>inte-</span> 
     </span>
     <span class='ocr_line' id='line_1_47' title="bbox 134 2825 1940 2868; baseline 0.001 -12"><span class='ocrx_word' id='word_1_475' title='bbox 134 2826 223 2857; x_wconf 83' lang='lat' dir='ltr'>rion‘s</span> <span class='ocrx_word' id='word_1_476' title='bbox 250 2826 426 2860; x_wconf 81' lang='lat' dir='ltr'>dissolutae</span> <span class='ocrx_word' id='word_1_477' title='bbox 451 2829 484 2859; x_wconf 91' lang='lat' dir='ltr'>iu</span> <span class='ocrx_word' id='word_1_478' title='bbox 510 2829 737 2868; x_wconf 77' lang='lat' dir='ltr'>subiacentem</span> <span class='ocrx_word' id='word_1_479' title='bbox 763 2829 945 2860; x_wconf 86' lang='lat' dir='ltr'>cavitatem</span> <span class='ocrx_word' id='word_1_480' title='bbox 963 2828 1148 2860; x_wconf 84' lang='lat' dir='ltr'>inferiorem</span> <span class='ocrx_word' id='word_1_481' title='bbox 1174 2831 1282 2859; x_wconf 87' lang='lat' dir='ltr'>terrae</span> <span class='ocrx_word' id='word_1_482' title='bbox 1305 2830 1413 2858; x_wconf 85' lang='lat' dir='ltr'>motus</span> <span class='ocrx_word' id='word_1_483' title='bbox 1439 2826 1578 2858; x_wconf 86' lang='lat' dir='ltr'>existere</span> <span class='ocrx_word' id='word_1_484' title='bbox 1594 2829 1685 2867; x_wconf 82' lang='lat' dir='ltr'>puto.</span> <span class='ocrx_word' id='word_1_485' title='bbox 1736 2825 1828 2858; x_wconf 85' lang='lat' dir='ltr'>Sicut</span> <span class='ocrx_word' id='word_1_486' title='bbox 1854 2825 1940 2858; x_wconf 79' lang='lat' dir='ltr'>enim</span> 
     </span>
     <span class='ocr_line' id='line_1_48' title="bbox 135 2872 1937 2916; baseline 0.001 -13"><span class='ocrx_word' id='word_1_487' title='bbox 135 2881 232 2912; x_wconf 82' lang='lat' dir='ltr'>supra</span> <span class='ocrx_word' id='word_1_488' title='bbox 256 2877 376 2905; x_wconf 85' lang='lat' dir='ltr'>terram</span> <span class='ocrx_word' id='word_1_489' title='bbox 401 2878 477 2906; x_wconf 87' lang='lat' dir='ltr'>sunt</span> <span class='ocrx_word' id='word_1_490' title='bbox 502 2880 640 2913; x_wconf 87' lang='lat' dir='ltr'>montes,</span> <span class='ocrx_word' id='word_1_491' title='bbox 667 2876 717 2907; x_wconf 86' lang='lat' dir='ltr'>ita</span> <span class='ocrx_word' id='word_1_492' title='bbox 741 2875 830 2907; x_wconf 89' lang='lat' dir='ltr'>haud</span> <span class='ocrx_word' id='word_1_493' title='bbox 856 2875 950 2907; x_wconf 88' lang='lat' dir='ltr'>dubie</span> <span class='ocrx_word' id='word_1_494' title='bbox 976 2876 1010 2906; x_wconf 87' lang='lat' dir='ltr'>in</span> <span class='ocrx_word' id='word_1_495' title='bbox 1034 2879 1124 2907; x_wconf 84' lang='lat' dir='ltr'>terra</span> <span class='ocrx_word' id='word_1_496' title='bbox 1149 2882 1310 2906; x_wconf 87' lang='lat' dir='ltr'>cavernae</span> <span class='ocrx_word' id='word_1_497' title='bbox 1336 2872 1567 2913; x_wconf 85' lang='lat' dir='ltr'>amplissimae,</span> <span class='ocrx_word' id='word_1_498' title='bbox 1594 2874 1687 2915; x_wconf 81' lang='lat' dir='ltr'>quasi</span> <span class='ocrx_word' id='word_1_499' title='bbox 1714 2876 1828 2908; x_wconf 77' lang='lat' dir='ltr'>antra,</span> <span class='ocrx_word' id='word_1_500' title='bbox 1852 2882 1937 2916; x_wconf 84' lang='lat' dir='ltr'>quae</span> 
     </span>
     <span class='ocr_line' id='line_1_49' title="bbox 136 2920 1441 2964; baseline 0 -14"><span class='ocrx_word' id='word_1_501' title='bbox 136 2920 366 2951; x_wconf 85' lang='lat' dir='ltr'>combustibilis</span> <span class='ocrx_word' id='word_1_502' title='bbox 384 2922 535 2960; x_wconf 86' lang='lat' dir='ltr'>materia,</span> <span class='ocrx_word' id='word_1_503' title='bbox 562 2923 612 2954; x_wconf 89' lang='lat' dir='ltr'>vel</span> <span class='ocrx_word' id='word_1_504' title='bbox 637 2922 763 2964; x_wconf 89' lang='lat' dir='ltr'>liquida</span> <span class='ocrx_word' id='word_1_505' title='bbox 789 2923 984 2959; x_wconf 75' lang='lat' dir='ltr'>substantia,</span> <span class='ocrx_word' id='word_1_506' title='bbox 1011 2923 1062 2954; x_wconf 90' lang='lat' dir='ltr'>vel</span> <span class='ocrx_word' id='word_1_507' title='bbox 1087 2922 1191 2954; x_wconf 88' lang='lat' dir='ltr'>simile</span> <span class='ocrx_word' id='word_1_508' title='bbox 1217 2921 1293 2963; x_wconf 87' lang='lat' dir='ltr'>quid</span> <span class='ocrx_word' id='word_1_509' title='bbox 1318 2920 1441 2961; x_wconf 84' lang='lat' dir='ltr'>implet.</span> 
     </span>
    </p>
   </div>
   <div class='ocr_carea' id='block_1_5' title="bbox 137 2967 1963 3138">
    <p class='ocr_par' dir='ltr' id='par_1_13' title="bbox 137 2967 1963 3138">
     <span class='ocr_line' id='line_1_50' title="bbox 252 2967 1938 3021; baseline -0.001 -15"><span class='ocrx_word' id='word_1_510' title='bbox 252 2967 520 3020; x_wconf 79' lang='lat' dir='ltr'>Keplerus:</span> <span class='ocrx_word' id='word_1_511' title='bbox 574 2970 622 3008; x_wconf 89' lang='lat' dir='ltr'>ad</span> <span class='ocrx_word' id='word_1_512' title='bbox 662 2969 838 3021; x_wconf 86' lang='lat' dir='ltr'>prolixas</span> <span class='ocrx_word' id='word_1_513' title='bbox 878 2970 969 3009; x_wconf 90' lang='lat' dir='ltr'>illas</span> <span class='ocrx_word' id='word_1_514' title='bbox 1011 2970 1043 3009; x_wconf 93' lang='grc'>1.</span> <span class='ocrx_word' id='word_1_515' title='bbox 1076 2970 1193 3009; x_wconf 87' lang='lat' dir='ltr'>Febr.</span> <span class='ocrx_word' id='word_1_516' title='bbox 1230 2969 1359 3007; x_wconf 86' lang='lat' dir='ltr'>datas.</span> <span class='ocrx_word' id='word_1_517' title='bbox 1413 2967 1585 3018; x_wconf 84' lang='lat' dir='ltr'>Tempus</span> <span class='ocrx_word' id='word_1_518' title='bbox 1628 2971 1759 3006; x_wconf 87' lang='lat' dir='ltr'>terrae</span> <span class='ocrx_word' id='word_1_519' title='bbox 1805 2971 1938 3006; x_wconf 85' lang='lat' dir='ltr'>motus</span> 
     </span>
     <span class='ocr_line' id='line_1_51' title="bbox 137 3021 1907 3077; baseline 0.001 -16"><span class='ocrx_word' id='word_1_520' title='bbox 137 3026 295 3074; x_wconf 77' lang='lat' dir='ltr'>quaeris</span> <span class='ocrx_word' id='word_1_521' title='bbox 317 3026 461 3065; x_wconf 84' lang='lat' dir='ltr'>rectius</span> <span class='ocrx_word' id='word_1_522' title='bbox 484 3041 531 3067; x_wconf 83' lang='lat' dir='ltr'>ex</span> <span class='ocrx_word' id='word_1_523' title='bbox 552 3028 812 3068; x_wconf 83' lang='lat' dir='ltr'>relationibus</span> <span class='ocrx_word' id='word_1_524' title='bbox 834 3028 1049 3068; x_wconf 65' lang='lat' dir='ltr'>historicis.</span> <span class='ocrx_word' id='word_1_525' title='bbox 1090 3028 1263 3067; x_wconf 90' lang='lat' dir='ltr'>Videtur</span> <span class='ocrx_word' id='word_1_526' title='bbox 1287 3024 1352 3066; x_wconf 80' lang='lat'>15.</span> <span class='ocrx_word' id='word_1_527' title='bbox 1376 3025 1487 3077; x_wconf 86' lang='lat' dir='ltr'>Sept.</span> <span class='ocrx_word' id='word_1_528' title='bbox 1511 3026 1632 3066; x_wconf 90' lang='lat' dir='ltr'>fuisse</span> <span class='ocrx_word' id='word_1_529' title='bbox 1655 3038 1756 3066; x_wconf 87' lang='lat' dir='ltr'>anno</span> <span class='ocrx_word' id='word_1_530' title='bbox 1783 3021 1907 3066; x_wconf 82' lang='lat'>1601.</span> 
     </span>
     <span class='ocr_line' id='line_1_52' title="bbox 254 3083 1963 3138; baseline -0.001 -14"><span class='ocrx_word' id='word_1_531' title='bbox 254 3083 409 3134; x_wconf 80' lang='lat' dir='ltr'>Negas,</span> <span class='ocrx_word' id='word_1_532' title='bbox 458 3086 605 3125; x_wconf 77' lang='lat' dir='ltr'>moveri</span> <span class='ocrx_word' id='word_1_533' title='bbox 637 3092 785 3126; x_wconf 84' lang='lat' dir='ltr'>terram</span> <span class='ocrx_word' id='word_1_534' title='bbox 817 3093 1014 3135; x_wconf 85' lang='lat' dir='ltr'>vestram,</span> <span class='ocrx_word' id='word_1_535' title='bbox 1063 3087 1273 3127; x_wconf 82' lang='lat' dir='ltr'>confirmat</span> <span class='ocrx_word' id='word_1_536' title='bbox 1310 3090 1349 3125; x_wconf 85' lang='lat' dir='ltr'>te</span> <span class='ocrx_word' id='word_1_537' title='bbox 1384 3083 1504 3125; x_wconf 89' lang='lat' dir='ltr'>Corn.</span> <span class='ocrx_word' id='word_1_538' title='bbox 1540 3084 1721 3125; x_wconf 83' lang='lat' dir='ltr'>Gemma.</span> <span class='ocrx_word' id='word_1_539' title='bbox 1784 3083 1963 3138; x_wconf 33' lang='lat' dir='ltr'>Exems</span> 
     </span>
    </p>
   </div>
  </div>
 </body>
</html>
