2028 3242
191 87 278 131 428
941 86 994 120 De
1020 87 1258 122 Fundamenti·

193 193 339 243 efficit3
384 192 552 246 denique
586 193 668 233 fere
700 197 982 234 momentanea
1014 197 1097 242 est,
1144 197 1185 233 et
1222 197 1466 234 commutato
1504 195 1650 249 angulo
1681 194 1926 248 geometrico
1957 194 1997 235 in

194 253 335 304 ἀλογον
366 256 408 291 et
438 250 712 304 ἀναρμοστον,
744 251 883 292 statim
915 257 984 292 aut
1014 252 1134 304 paulo
1165 257 1261 304 post
1291 252 1484 305 quiescit,
1525 254 1778 309 quantumvis
1809 261 1998 294 crescen-

193 312 299 351 tibus
332 311 539 351 stellarum
570 311 794 351 luminibus.
856 309 971 357 Quae
1017 323 1106 351 cum
1148 311 1199 351 ab
1231 311 1481 363 experientia.
1517 313 1599 354 sint
1627 313 1862 355 confirmata
1890 313 1998 353 vali-

194 370 378 410 dissime:
413 370 720 422 suppeditarunt
749 370 846 411 mihi
878 371 1070 422 dogmata
1102 370 1324 422 sequentia.

883 429 1056 469 Thesis
1087 428 1307 470 XXXVII.
1691 475 1693 477 ,

314 487 415 529 Cum
449 485 620 528 Creator
649 487 760 527 Deus
798 488 933 528 mundi
964 488 1081 539 hujus
1113 488 1293 539 corporei
1331 491 1517 528 ornatum
1548 499 1600 528 ex
1630 487 1760 529 forma
1789 499 1998 542 corporea,

192 559 292 599 quae
326 547 533 599 quantitas
566 550 642 595 est,
676 546 935 587 desumserit:
970 551 1282 587 consentaneum
1314 551 1389 596 est,
1422 547 1533 599 ipsos
1565 546 1724 599 quidem
1749 547 1874 597 locos,
1907 547 1999 600 ipsa

192 606 328 658 spatia
358 606 563 657 molesque
596 617 805 657 corporum
837 619 926 646 eam
958 605 1010 645 ad
1030 618 1073 645 se
1094 611 1229 646 mutuo
1260 605 1560 659 proportionem
1589 618 1680 646 esse
1703 605 1863 655 sortita,
1896 618 1998 659 quae

194 665 250 704 sit
281 669 371 705 orta
403 677 453 704 ex
485 664 701 704 solidarum
731 664 945 716 figurarum
977 664 1172 704 ordinatis
1204 665 1440 717 generibus:
1474 665 1577 717 quod
1608 664 1649 705 in
1675 665 1876 719 Mysterio
1907 677 1998 705 meo

197 722 538 776 Cosmographico
570 723 758 776 probavi:
791 723 988 764 motiones
1018 735 1114 763 vero
1147 735 1368 776 corporum,
1402 737 1503 777 quae
1529 724 1616 764 vita
1634 723 1772 764 mundi
1791 728 1870 774 est,
1903 727 1998 764 tunc

189 782 255 822 vel
296 782 474 822 suaviter
517 793 737 822 consonare
775 783 840 822 vel
881 781 1089 834 cooperari
1134 782 1314 831 fortiter,
1360 783 1517 836 quando
1550 795 1600 823 ex
1634 782 1770 835 planis
1802 782 1999 824 ordinatis

193 842 417 881 desumtam
449 841 601 881 habent
631 841 943 894 proportionem.
1006 841 1112 881 Nam
1143 846 1188 881 ut
1218 841 1384 893 planum
1415 841 1546 891 solidi,
1580 841 1638 882 sic
1667 845 1801 886 motus
1821 841 1999 894 corporis

190 904 254 939 est
284 900 434 951 imago.
498 898 844 946 Quemadmodum
879 912 975 940 vero
1014 899 1143 939 solida
1175 900 1360 941 ordinata
1395 900 1434 940 in
1473 899 1696 953 geometria
1732 900 1851 952 plura
1881 911 2000 953 quam

190 959 360 1011 quinque
391 959 641 1010 impossibile
675 963 738 999 est
770 971 882 999 esse:
921 959 980 999 ita
1010 958 1190 999 rationes
1224 971 1377 1012 quoque
1414 959 1668 1000 harmonicas
1707 971 1758 999 ex
1786 958 1999 1012 planorum

189 1017 461 1057 ordinatorum
494 1018 794 1070 comparatione
827 1021 938 1058 ortas
970 1018 1104 1070 plures
1137 1022 1229 1058 octo
1262 1030 1340 1058 non
1373 1031 1476 1068 esse,
1511 1017 1590 1059 alio
1616 1022 1803 1088 tempore
1827 1017 1997 1059 inHar-

188 1076 365 1125 monicis,
397 1076 485 1116 Deo
517 1078 692 1127 volente,
727 1076 1029 1117 demonstrabo.
1870 1094 1873 1097 ⁴

867 1135 1039 1176 Thesis
1069 1134 1313 1176 XXXVIII.

303 1194 486 1234 Motuum
519 1206 614 1246 ergo
648 1194 902 1235 formatrices
937 1194 1116 1235 rationes
1152 1198 1244 1234 octo
1278 1206 1366 1234 cum
1397 1193 1490 1243 sint,
1523 1193 1626 1234 coeli
1657 1189 1752 1235 vero
1782 1192 1824 1234 in
1849 1192 1999 1234 Terras

186 1253 292 1294 actio
326 1253 410 1301 (vel
443 1253 577 1305 quasi)
611 1258 742 1293 motus
777 1253 832 1294 sit
865 1253 1022 1306 aliquis,
1057 1258 1100 1293 et
1131 1252 1340 1305 contingat
1370 1251 1677 1293 intermediante
1703 1251 1816 1293 radio
1837 1252 1996 1301 stellae,

189 1313 254 1365 qui
287 1312 428 1360 (radii)
455 1312 494 1352 in
517 1312 651 1352 Terris
672 1317 816 1353 coeunt
838 1313 1068 1365 faciuntque
1096 1312 1288 1364 angulos:
1322 1311 1501 1352 rationes
1521 1323 1621 1364 ergo>
1635 1311 1888 1352 harmonicas
1908 1315 1999 1352 octo

187 1372 225 1412 in
254 1371 497 1411 dimensione
529 1371 667 1411 horum
699 1372 934 1424 angulorum
964 1371 1243 1421 versabuntur.
1305 1370 1369 1411 Ac
1395 1375 1554 1410 veteres
1576 1370 1734 1423 quidem
1764 1382 1843 1413 non
1861 1369 1998 1426 plures

188 1431 356 1483 quinque
399 1435 639 1482 receperunt
671 1431 925 1484 (aspectus
966 1431 1085 1482 vulgo
1125 1430 1275 1478 dictos)
1308 1429 1646 1482 conjunctionem,
1691 1427 1998 1482 oppositionem,

187 1491 440 1542 quadratum,
481 1489 648 1538 trinum,
689 1490 888 1530 sextilem.
952 1489 1012 1530 At
1055 1502 1117 1529 me
1157 1489 1259 1529 ratio
1300 1488 1472 1541 primum
1516 1493 1602 1528 tres
1641 1487 1789 1529 addere
1833 1486 1997 1528 docuit:

188 1548 407 1600 quintilem,
436 1548 700 1600 biquintilem‚
737 1548 1137 1602 sesquiquadratuln:
1172 1560 1270 1600 quos
1301 1547 1558 1600 postmodum
1586 1546 1837 1600 experientia
1855 1545 1996 1602 multi-

185 1608 279 1660 plex
310 1607 572 1648 confirmavit.

885 1665 1065 1706 'rhesis
1095 1664 1298 1706 XXXIX.

305 1723 482 1766 Causam
526 1737 595 1764 cur
632 1724 811 1776 operatio
851 1725 1104 1776 planetarum
1141 1724 1325 1764 binorum
1363 1726 1449 1763 tam
1482 1722 1614 1763 valide
1653 1721 1886 1763 intendatur
1923 1721 1998 1763 sub

185 1785 295 1836 ipsos
327 1788 562 1836 aspectuum
598 1783 802 1830 articulos,
837 1784 956 1824 aliam
989 1788 1170 1824 statuere
1202 1795 1281 1822 non
1311 1794 1500 1834 possum,
1533 1793 1652 1834 quam
1685 1776 1902 1822 animalem
1931 1774 1997 1822 fa-

186 1843 392 1888 cultatem,
426 1855 527 1895 quae
559 1855 609 1882 ex
640 1856 719 1882 una
749 1848 866 1894 parte
898 1843 954 1883 sit
985 1842 1253 1910 geometricae
1291 1840 1465 1882 rationis
1497 1841 1620 1893 (quae
1653 1844 1865 1894 aspectum
1895 1850 1998 1880 con-

188 1903 355 1949 format)
389 1914 520 1953 capax
558 1906 600 1941 et
631 1901 762 1941 altera
792 1906 908 1954 parte
940 1901 1118 1953 corporis
1151 1901 1239 1952 ejus
1271 1905 1438 1952 potens,
1483 1899 1525 1939 in
1557 1911 1634 1951 qno
1666 1894 2000 1940 animadvertitur

187 1961 378 2012 operatio.
438 1960 546 2001 Nam
577 1973 653 2000 non
685 1960 731 1999 fit
761 1961 858 2009 hoc,
904 1960 997 2012 quia
1030 1960 1217 2000 uniuntur
1246 1959 1349 1998 radii
1387 1958 1427 1998 in
1458 1970 1535 1998 uno
1569 1958 1730 2010 angulo.
1792 1957 1999 2010 Angulum

190 2018 292 2058 enim
324 2023 366 2058 et
395 2018 522 2070 pridie
556 2024 597 2058 et
627 2018 821 2070 postridie
857 2023 1060 2070 aspectus,
1095 2023 1136 2057 et
1165 2022 1359 2070 perpetuo
1393 2016 1546 2056 faciunt
1577 2015 1750 2068 aliquem
1770 2015 1853 2056 bini
1871 2012 1998 2064 radii;

190 2077 368 2129 operatio
401 2090 495 2117 vero
529 2082 623 2117 tunc
657 2078 815 2118 demum
848 2078 1001 2126 existit,
1036 2090 1124 2117 cum
1157 2076 1324 2129 angulus
1358 2075 1482 2115 habet
1500 2074 1699 2116 rationem
1726 2074 2000 2116 harmonicam

189 2149 259 2176 seu
291 2150 421 2189 σχημα
453 2136 730 2182 (Ptolemaeus
764 2137 868 2177 enim
903 2150 1200 2189 σχηματισμους
1232 2135 1362 2182 dicit).
1425 2133 1642 2174 Rationum
1672 2146 1770 2174 vero
1803 2138 1846 2174 et
1877 2133 1998 2175 sche-

189 2199 341 2234 matum
379 2207 450 2246 per
482 2207 524 2234 se
559 2195 669 2235 nulla
700 2200 764 2235 est
796 2195 1024 2235 efficientia.
1086 2195 1231 2246 Fitque
1263 2194 1326 2233 hic
1357 2193 1476 2246 plane
1507 2193 1635 2239 idem,
1675 2193 1781 2246 quod
1810 2192 1852 2232 in
1883 2193 1998 2233 loco-

189 2253 362 2293 motione
406 2254 636 2293 animalium
673 2254 756 2294 fieri
789 2255 906 2295 solet.
970 2253 1016 2294 Si
1056 2254 1143 2306 quis
1176 2253 1348 2302 diceret,
1393 2252 1552 2293 obiecta
1588 2251 1700 2293 visus
1736 2263 1808 2304 per
1839 2250 1997 2292 oculum

188 2312 455 2364 ingredientia
486 2324 646 2352 movere
680 2313 825 2353 animal
858 2325 1001 2365 posse,
1047 2325 1119 2352 nec
1152 2324 1251 2363 opus
1284 2324 1372 2351 esse
1412 2311 1463 2351 ad
1493 2311 1568 2352 hoc
1600 2310 1764 2352 animali
1796 2310 1994 2352 facultate

187 2371 226 2411 in
257 2371 344 2424 ipso
377 2383 543 2423 corpore
574 2376 697 2422 moto,
730 2378 956 2413 monstrose
988 2371 1353 2423 philosopharetur.

943 2430 1122 2470 Thesis
1154 2430 1245 2470 XL.

304 2488 418 2528 Haec
451 2492 584 2528 autem
617 2489 803 2539 facultas,
839 2502 939 2543 quae
971 2490 1053 2530 vim
1084 2488 1198 2528 addit
1229 2486 1472 2539 aspectibus,
1505 2498 1583 2526 non
1615 2489 1680 2526 est
1709 2485 1749 2525 in
1767 2483 1868 2537 ipsis
1889 2483 1993 2525 stel-

188 2546 250 2587 lis.
312 2547 419 2587 Nam
450 2552 639 2599 aspectus
671 2548 723 2597 hi,
759 2549 807 2588 de
829 2549 969 2601 quibus
1002 2548 1181 2596 dicimus,
1214 2547 1253 2587 in
1275 2547 1400 2586 Terra
1426 2544 1662 2596 contingunt
1693 2547 1864 2596 suntque
1884 2554 1996 2584 mera

190 2620 341 2658 σχεσις,
373 2618 450 2645 non
484 2619 533 2645 ex
565 2611 674 2647 motu
706 2608 915 2647 stellarum
948 2606 1170 2647 formaliter
1200 2605 1415 2658 profluens,
1450 2603 1523 2643 sed
1556 2616 1607 2643 ex
1627 2601 1900 2644 accidentario
1919 2599 2000 2642 situ

187 2664 369 2704 binarum
401 2665 612 2705 stellarum
645 2678 734 2706 cum
766 2667 903 2706 Terra.
968 2665 1315 2711 Quemadmodum
1354 2675 1448 2714 ergo
1485 2662 1619 2702 anima
1659 2673 1824 2701 movens
1856 2672 1999 2727 corpus

188 2736 264 2762 non
298 2728 361 2763 est
391 2723 431 2763 in
465 2723 638 2775 objecto,
674 2725 746 2764 sed
773 2725 827 2765 ibi
859 2725 925 2765 ubi
957 2724 1104 2776 objecti
1131 2723 1288 2775 species
1308 2725 1656 2773 repraesentatur:
1689 2720 1750 2760 ita
1775 2719 1880 2759 hanc
1899 2719 1992 2767 vim,
2026 2724 2028 2774 ᾗ

187 2794 286 2849 quae
319 2782 504 2822 efficaces
537 2783 660 2823 efficit
691 2789 892 2836 aspectus,
928 2796 1016 2823 cum
1047 2783 1086 2822 in
1120 2781 1301 2822 omnibus
1331 2778 1610 2820 sublunaribus
1631 2777 1876 2831 corporibus,
1909 2781 1995 2818 tum

188 2841 226 2879 in
270 2841 357 2892 ipso
389 2853 534 2892 magno
568 2842 717 2882 Terrae
750 2843 868 2894 globo
907 2842 1042 2882 inesse
1081 2852 1248 2880 necesse
1288 2843 1364 2879 est.
1431 2836 1602 2878 Scilicet
1645 2836 1773 2878 omnis
1812 2834 1997 2877 animalis

190 2899 361 2939 facultas
403 2905 466 2939 est
501 2899 632 2952 imago
676 2901 752 2941 Dei
789 2913 1102 2953 γεωμετρουντος
1148 2900 1188 2939 in
1227 2897 1447 2945 creatione,
1494 2896 1769 2948 excitaturqne
1809 2895 1861 2935 ad
1898 2906 1998 2947 opus

190 2970 302 2997 suum
332 2958 407 2997 hac
443 2958 612 2998 coelesti
638 2965 871 3011 aspectuum
904 2959 1126 3012 geometria
1157 2970 1228 2997 seu
1259 2956 1479 2996 harmonia.

925 3017 1108 3057 Thesis
1139 3015 1250 3057 XLI.

307 3073 623 3115 Inconsideratis
666 3088 771 3116 nova
802 3075 1078 3129 philosophiae
1111 3076 1239 3115 forma
1268 3072 1486 3120 videbitur,
1535 3084 1635 3124 quae
1674 3075 1753 3110 non
1786 3074 1874 3111 est:
1918 3067 1999 3109 nisi
