2028 3242
180 112 275 159 ’658
880 114 920 150 In
945 117 1056 160 Opera
1081 116 1289 162 Astrologica

183 220 282 265 prof.)
312 219 441 255 exhibui
467 219 652 278 exemplam
681 221 757 256 sed
767 227 948 266 occupatus
973 224 1093 280 saltem
1121 224 1191 268 egit
1213 225 1340 268 gratias
1382 228 1416 260 et
1438 225 1684 268 rescriptionem
1708 226 1864 268 promisit.
1912 225 1993 261 Boi-

185 270 339 313 lenhagio
367 270 448 302 item
473 270 547 304 misi
576 268 636 302 &c-

304 315 365 357 12)
390 327 422 358 p.
449 314 530 351 423.
580 317 620 349 In
652 317 752 349 libro.
799 317 950 356 „Tertius
983 318 1224 351 interveniens“
1269 322 1430 352 retractat
1467 319 1555 353 hane
1587 320 1788 354 sententiam
1818 319 1995 362 Rapum,

184 365 316 398 dicens:
349 364 394 397 Es
426 363 491 396 will
518 364 606 397 mich
633 365 723 405 jetzo
751 364 939 398 ziemlicher
965 376 1058 407 seyn,
1092 366 1300 411 gediincken
1336 366 1412 399 dass
1441 367 1488 399 vis
1512 367 1726 401 humectandi
1754 376 1815 401 aus
1843 367 1902 401 der
1917 367 1991 402 Ma-

183 412 267 445 teria
291 411 350 445 der
374 411 487 454 Kugel
510 411 723 454 hergefiihret
749 412 868 446 werde.
895 410 938 453 (v.
964 424 997 455 p.
1024 411 1120 452 571.)

304 457 365 499 13)
389 469 421 501 p.
449 456 527 490 43¹.
578 459 712 496 Picus,
735 458 946 493 Mirandulae
970 470 1090 498 comes,
1116 461 1151 493 in
1174 461 1253 493 libro
1280 461 1455 503 inscripto:
1493 459 1705 504 „Disputatio
1735 465 1850 496 contra
1877 463 1993 495 Astro-

181 506 307 550 logos,“
338 506 380 539 de
405 516 468 548 quo
491 506 656 548 Keplerus
681 505 826 548 pluribus
858 507 928 550 agit
950 505 984 540 ιιι
1013 508 1093 540 libro
1119 508 1159 541 de
1189 507 1287 541 stella
1314 518 1410 541 nova.

302 553 355 586 De
386 552 703 586 Stoeflero-vide
730 558 842 586 annot.
869 565 936 597 seq.
966 553 1022 587 36.

303 610 361 652 14)
387 623 419 654 p.
438 610 519 644 434.
570 613 752 645 Davides
780 612 1008 655 Origanus‚
1032 622 1129 655 quem
1156 623 1255 655 supra
1274 611 1367 657 (pag.
1385 612 1451 646 293
1471 611 1532 654 ss.)
1559 613 1676 647 ducem
1702 614 1859 658 elegimus
1877 615 1911 648 in
1934 625 1992 649 ex-

178 659 340 701 plicandis
366 660 513 693 terminis
537 660 772 702 astrologorum
798 660 970 698 technicis‚
1001 665 1100 692 natus
1130 666 1181 692 est
1209 661 1315 694 Glacii
1342 662 1376 693 in
1401 661 1564 694 Bohemia
1588 671 1619 695 a.
1650 660 1753 699 1558,
1780 671 1892 695 verum
1922 665 1992 704 eins

180 716 375 749 cognomen,
406 707 498 739 addit
524 707 720 744 Weidlerus‚
751 711 823 739 erat
848 707 937 739 Tost.
968 707 1133 750 Linguam
1161 708 1325 740 Graecam
1354 713 1388 740 et
1415 709 1580 741 mathesin
1608 709 1823 750 profitebatur
1846 711 1881 743 iu
1911 719 1990 743 aca-

180 754 291 786 demia
308 752 517 786 Frankofurti
536 754 578 786 ad
597 753 751 790 oderam,
774 754 882 796 ibique
900 759 1046 787 mortuus
1064 759 1115 787 est
1132 764 1162 787 a.
1185 753 1288 787 1629.
1313 755 1548 796 Ephemerides
1565 756 1607 789 ab
1624 755 1770 799 Origano
1787 758 1991 799 conscriptas

178 799 444 841 (1595—1655)
477 801 499 834 1.
527 810 555 833 c.
591 801 741 839 diximus,
776 811 901 843 eaeque
933 803 967 834 in
996 802 1076 834 libro
1103 803 1144 834 de
1176 802 1322 834 Motibus
1345 802 1470 836 Stellae
1499 798 1619 837 Martis
1649 803 1794 845 pluribus
1828 803 1990 840 dicendae

177 853 282 882 erunt.
332 848 396 880 Hic
421 848 485 880 hoc
518 852 648 881 tantum
681 853 846 886 notamus,
881 850 1162 882 enumerationem
1194 850 1373 891 eclipsium,
1403 859 1488 892 quae
1513 850 1650 892 singulis
1684 851 1781 885 annis
1812 855 1991 887 eventurae

176 897 262 933 sint,
297 895 338 927 ab
372 905 411 927 eo
440 896 474 926 in
498 896 703 937 praefatione
733 895 985 937 Ephemeridum
1016 894 1140 936 (1599)
1167 897 1284 929 iisdem
1309 897 1376 933 fere
1399 898 1516 939 verbis,
1545 897 1661 978 quibus
1683 897 1849 940 Keplerus
1876 899 1990 937 utitur

176 943 220 976 ad
242 942 537 976 commendandum
562 953 681 977 novum
700 953 794 976 suum
820 948 977 976 conatum
1002 945 1202 986 propositam
1231 954 1312 976 esse.

295 1000 354 1042 15)
379 1012 410 1043 p.
438 999 518 1033 436.
569 1002 667 1044 Agri
695 1002 811 1034 civitas
829 1000 959 1043 (Erlau)
987 1012 1074 1035 anno
1107 1001 1208 1035 1596.
1240 1003 1393 1036 aTurcis
1418 1006 1519 1045 capta
1538 1006 1606 1042 est;
1632 1012 1730 1045 quam
1758 1012 1858 1046 quum
1881 1003 1986 1038 archi-

174 1050 238 1082 dux
267 1049 513 1082 Maximiliauus
529 1050 689 1090 recipere
716 1049 831 1087 vellet,
877 1051 1067 1092 gravissimo
1095 1051 1266 1083 commisso
1300 1051 1423 1092 proelio
1455 1050 1551 1083 multi
1584 1051 1684 1083 occisi
1716 1055 1795 1087 suut
1826 1051 1985 1092 homines,

174 1098 324 1139 illiusque
355 1097 514 1129 exercitus
543 1105 579 1128 re
608 1097 734 1130 infecta
761 1101 794 1129 et
821 1098 953 1130 turbato
982 1098 1095 1130 ordine
1123 1107 1159 1130 se
1187 1098 1323 1139 recepit.

293 1143 459 1185 „Nuptiae
489 1143 712 1230 Lptetianaffl
742 1144 773 1176 d.
802 1142 854 1176 17.
875 1145 960 1188 Aug.
996 1143 1098 1177 1572.
1128 1145 1253 1187 perfida
1277 1145 1380 1178 caede
1397 1126 1661 1188 Hugenottorum
1691 1145 1877 1181 celebratae
1905 1130 1985 1187 (Pa-

173 1192 256 1224 riser
283 1190 516 1226 Bluthochzeit

299 1236 359 1277 16)
384 1249 415 1280 p.
442 1235 521 1270 439.
575 1237 670 1277 Quae
696 1238 861 1279 Keplerus
885 1239 919 1271 in
944 1239 1165 1280 manuscripto
1190 1239 1284 1272 rubro
1313 1240 1491 1281 conspicua
1520 1239 1628 1272 reddit
1656 1243 1854 1278 atramento,
1883 1239 1986 1273 literis

171 1286 270 1318 latius
288 1285 452 1327 dispositis
469 1286 680 1328 signavimus.
731 1285 1013 1327 Deprehendimus
1042 1287 1299 1328 manuscriptum
1323 1288 1358 1319 ιιι
1374 1286 1450 1319 Vol.
1467 1285 1527 1320 111.
1545 1286 1623 1319 Mss.
1643 1286 1806 1329 Petropol.
1824 1296 1866 1320 ex
1892 1291 1986 1329 parte

172 1333 357 1366 desumtum
374 1342 392 1366 e
414 1332 634 1375 Prognosticis
653 1332 695 1365 ad
713 1342 818 1366 annos
838 1331 930 1365 1603
950 1337 984 1366 et
1003 1332 1113 1371 1604;
1139 1335 1356 1376 conscriptum
1374 1338 1426 1367 est
1449 1343 1475 1367 c.
1495 1333 1594 1367 finem
1612 1334 1691 1367 anni
1711 1330 1814 1367 16⁰3.
1833 1343 1874 1367 ex
1888 1343 1982 1368 man-

173 1381 251 1413 dato
275 1380 480 1422 imperatoris
505 1379 680 1421 Rudolphi.
733 1379 907 1420 Quaedam
935 1381 1031 1422 hujus
1057 1381 1171 1422 judicii
1201 1381 1355 1424 leguntur
1379 1383 1414 1414 in
1440 1381 1580 1414 latinum
1608 1391 1792 1414 sermonem
1818 1381 1986 1415 translata

171 1429 205 1460 in
229 1428 309 1460 libro
341 1427 405 1465 „de
435 1425 540 1460 Stella
568 1426 697 1459 Nova.“

293 1484 352 1526 17)
378 1496 410 1527 p.
438 1484 517 1517 487.
566 1486 665 1519 Hanc
691 1486 910 1518 obscuriorem
931 1487 1128 1528 particulam
1150 1487 1234 1520 haec
1258 1487 1496 1530 aliquantulum
1518 1487 1745 1520 illustrabunt:
1763 1487 1816 1520 Jo.
1833 1486 1982 1520 Remus

170 1533 255 1566 haec
284 1533 376 1565 dedit
391 1533 551 1575 Keplero:
572 1555 579 1563 .
600 1556 608 1564 .
638 1534 734 1566 modo
762 1534 850 1565 intra
878 1538 951 1565 tuos
979 1534 1098 1566 limites
1125 1539 1159 1567 te
1189 1536 1360 1567 contineas
1390 1538 1424 1567 et
1459 1533 1633 1571 affectibus
1655 1534 1790 1576 propriis
1818 1535 1979 1576 imperem

170 1581 282 1613 nescio
306 1581 405 1617 enim,
432 1590 517 1622 quae
539 1581 610 1612 visa
633 1585 710 1613 sunt
733 1581 773 1613 de
797 1580 935 1613 Cometa
961 1581 994 1612 in
1013 1581 1210 1614 Germanico
1236 1582 1393 1618 idiomate
1418 1579 1462 1620 (si
1487 1582 1583 1614 modo
1606 1585 1665 1614 tua
1688 1579 1790 1623 sunt),
1817 1589 1904 1624 quae
1921 1581 1981 1615 ali-

170 1627 287 1670 quibus
309 1628 440 1670 magnis
464 1627 603 1660 dominis
626 1638 690 1660 non
723 1628 901 1660 admodum
935 1628 1141 1669 placuerunt.
1191 1629 1291 1661 Astra
1313 1630 1383 1670 Jam
1407 1629 1624 1661 Harmoniam
1651 1629 1864 1661 instituerunt
1893 1638 1983 1661 more

171 1674 342 1714 Sirenum,
374 1675 554 1708 avertenda
580 1684 622 1707 ea
651 1679 712 1712 est,
743 1685 808 1707 non
833 1675 1065 1716 promovenda,
1088 1676 1245 1709 succedet
1267 1677 1354 1709 enim
1374 1675 1506 1709 lethalis
1531 1685 1675 1708 somnus.
1725 1673 1790 1716 (Ex
1812 1675 1917 1708 literis
1946 1676 1980 1708 d.

171 1722 325 1755 Viennae
352 1722 382 1754 d.
414 1719 466 1755 13.
492 1723 622 1765 August
653 1720 753 1754 1619.
804 1722 891 1755 Vide
915 1731 1013 1764 supra
1035 1733 1065 1764 p.
1097 1721 1188 1763 195).

291 1775 415 1815 Quibus
439 1775 659 1817 Keplerus
686 1776 852 1818 respondit
883 1773 928 1816 (d.
955 1774 1010 1807 31.
1035 1774 1157 1820 Aug.):
1214 1773 1271 1807 De
1301 1773 1453 1807 Cometa
1501 1771 1681 1817 peculiari
1721 1770 1859 1817 scripto
1886 1770 1980 1806 nihil

171 1835 195 1859 a
222 1835 278 1859 me
305 1825 485 1862 hactenus
525 1823 661 1860 editum
701 1830 772 1861 est.
828 1828 880 1860 At
916 1824 953 1859 in
980 1825 1223 1871 Prognostico
1264 1825 1447 1861 ordinario
1486 1824 1572 1860 anni
1610 1824 1725 1860 1619.
1752 1825 1916 1870 paucula
1942 1825 1987 1859 de

171 1877 288 1913 tribus
318 1877 467 1913 cometis
498 1877 635 1924 adjeci:
674 1878 841 1924 potiora,
881 1889 975 1924 quae
1004 1878 1149 1924 scripsi,
1192 1879 1361 1915 nituntur
1389 1878 1556 1914 ominosa
1581 1877 1649 1913 illa
1676 1877 1892 1916 obversione
1920 1888 1985 1923 op-

169 1931 246 1976 pidi
271 1931 379 1966 Pliirs
411 1927 492 1976 (25.
521 1933 622 1977 Aug.
657 1928 778 1977 1618)
808 1937 847 1967 et
875 1931 1087 1977 aspectibus
1117 1932 1215 1967 anni.
1274 1933 1395 1974 Quare
1423 1935 1574 1980 gratam
1601 1935 1641 1966 et
1668 1931 1872 1967 salutarem
1898 1928 1987 1966 mihi

171 1984 408 2019 collocaveris
438 1995 599 2029 operam,
631 1984 662 2019 si
689 1985 802 2020 fueris
830 1989 1070 2030 percontatus
1099 1997 1149 2020 ex
1176 1985 1327 2028 idoneis,
1358 1995 1540 2031 quaenam
1566 1983 1635 2018 illa
1662 1984 1780 2020 verba
1807 1982 1892 2025 sint,
1925 1983 1987 2020 vel

172 2037 303 2083 quibus
332 2038 486 2072 affectus
514 2048 614 2072 meos
645 2042 683 2072 et
710 2049 799 2084 quos
828 2038 901 2072 illis
930 2038 1156 2079 inseruerim,
1186 2039 1247 2073 vel
1279 2049 1374 2084 quae
1401 2036 1545 2083 magnis
1574 2035 1660 2073 viris
1694 2041 1734 2071 et
1761 2035 1893 2082 quibus
1921 2036 1986 2072 mi-

170 2101 238 2125 nus
259 2090 478 2135 placuerint.
518 2090 613 2125 Nam
642 2102 691 2125 ex
719 2091 890 2136 generali
917 2090 996 2132 illa,
1027 2101 1134 2136 quam
1163 2091 1302 2133 scribis,
1333 2101 1491 2125 censura
1517 2093 1669 2135 praeter
1705 2088 1987 2127 sollicitudinem

170 2143 317 2177 inanem
339 2142 514 2177 utilitatis
543 2142 635 2177 nihil
664 2154 796 2188 capere
825 2155 984 2189 possum.
1040 2143 1227 2179 Mitterem
1255 2145 1458 2189 exemplar,
1489 2142 1520 2178 si
1546 2143 1725 2178 haberem
1751 2142 1814 2177 vel
1839 2142 1986 2177 unicum

170 2195 366 2231 residuum.
425 2196 518 2230 Nam
546 2196 758 2231 Decembris
787 2196 991 2242 penultima
1019 2198 1159 2232 demum
1189 2198 1372 2239 absoluta,
1403 2196 1502 2232 intra
1529 2195 1606 2231 dies
1636 2195 1659 2232 8
1687 2195 1839 2231 fuerunt
1865 2195 1987 2231 omnia

171 2249 361 2284 distracta.
401 2248 516 2294 Spero
545 2252 680 2292 tamen,
711 2254 748 2284 te
768 2250 933 2285 Viennae
962 2261 1070 2295 posse
1089 2250 1202 2296 potiri
1230 2261 1302 2285 uno
1342 2251 1404 2285 vel
1433 2250 1532 2295 apud
1551 2248 1790 2284 secretarium
1807 2248 1984 2290 Polzium,

171 2303 231 2337 vel
260 2303 359 2348 apud
387 2302 541 2337 liberum
569 2303 751 2338 Baronem
778 2303 1046 2346 Enenkelium,
1087 2304 1147 2338 vel
1189 2305 1287 2349 apud
1314 2303 1509 2341 Dominum
1535 2301 1698 2345 Melum,
1721 2301 1803 2348 -qui
1843 2301 1986 2348 quidem

174 2356 270 2391 lecto
298 2355 541 2402 Prognostico
570 2359 609 2391 et
635 2356 825 2402 rescripsit
853 2362 890 2391 et
919 2356 1011 2391 nihil
1038 2356 1241 2403 redarguit.

288 2407 342 2440 Ad
370 2407 454 2440 haec
471 2406 627 2440 Remus
658 2406 825 2447 (Viennae
849 2409 880 2440 d.
907 2407 939 2440 4.
960 2408 1034 2440 Oct.
1063 2406 1187 2448 1619):
1217 2408 1270 2441 De
1289 2407 1426 2440 Cometa
1455 2407 1586 2440 edidisti
1614 2409 1795 2440 tractatum
1813 2406 1984 2440 Germani—

171 2465 263 2488 cum:
302 2464 390 2493 „was
417 2456 558 2498 jetziger
582 2454 658 2487 Zeit
680 2465 721 2487 zu
745 2454 827 2488 thun
850 2456 912 2496 bey
936 2452 1049 2488 diesen
1067 2455 1255 2493 Leufften‚“
1283 2456 1338 2487 ubi
1360 2455 1432 2498 plus
1455 2453 1656 2498 theologum,
1683 2463 1783 2496 quam
1798 2453 1984 2486 mathema—

172 2503 273 2534 ticum
292 2503 398 2544 egisti.
447 2502 552 2534 Item:
580 2501 653 2540 „ich
670 2503 764 2534 weiss
784 2503 836 2535 ein
854 2503 952 2535 Thier
970 2501 1065 2539 &c.,“
1092 2503 1203 2535 omnia
1224 2498 1360 2535 fuerunt
1378 2503 1412 2534 in
1437 2502 1574 2543 ancipiti
1597 2506 1631 2534 et
1656 2501 1790 2543 quilibet
1812 2510 1871 2533 suo
1888 2499 1986 2533 modo

170 2550 474 2591 interpretationem
498 2549 634 2581 addidit.
685 2549 771 2592 Ergo
795 2549 913 2582 clarius
937 2550 1077 2582 scribere
1097 2550 1229 2591 poteris,
1256 2559 1299 2582 ne
1322 2554 1382 2581 tua
1403 2549 1601 2592 infringatur
1625 2548 1822 2582 existimatio
1851 2551 1886 2580 et
1902 2556 1983 2580 auc-

170 2597 297 2628 toritas.
347 2596 563 2639 Prognostica
590 2600 649 2628 tua
680 2597 877 2629 Germanica
910 2597 1019 2629 videre
1051 2606 1117 2628 non
1150 2597 1242 2629 licuit
1274 2594 1338 2635 (his
1363 2596 1528 2638 Keplerus
1554 2595 1728 2638 adscripsit
1755 2595 1790 2627 in
1815 2595 1982 2637 margine:

171 2645 238 2679 illa
266 2649 388 2680 tamen
419 2644 596 2680 cometica
623 2657 671 2680 ex
699 2645 756 2680 his
785 2643 992 2687 desumat),
1022 2657 1100 2682 nam
1133 2649 1175 2681 D.
1212 2649 1252 2682 de
1284 2649 1448 2688 Meckau,
1479 2650 1552 2689 jam
1584 2648 1692 2681 factus
1725 2657 1846 2686 comes,
1870 2647 1983 2679 statim

171 2697 323 2728 discessit
355 2707 429 2730 cum
462 2697 678 2738 imperatore:
712 2700 781 2729 tum
814 2697 936 2729 librarii
964 2700 1213 2738 conqueruntur,
1243 2697 1329 2738 quod
1357 2696 1437 2728 nihil
1465 2695 1588 2728 habere
1616 2695 1742 2737 possint
1771 2695 1831 2730 abs
1859 2697 1904 2731 ιθ.
1956 2693 1984 2725 Ε

172 2749 353 2790 Kepleri
382 2751 591 2792 responsione
619 2749 704 2783 haec
732 2749 795 2782 huc
823 2750 1005 2791 pertinent:
1047 2746 1104 2780 De
1135 2746 1286 2780 Cometa
1312 2755 1456 2781 rursum
1484 2745 1711 2790 aenigmata.
1767 2743 1983 2778 Tractatum

173 2798 227 2832 ais
257 2798 511 2834 Germanicum
541 2809 564 2833 a
591 2809 646 2832 me
676 2799 720 2832 de
750 2799 902 2833 Cometa
929 2798 1087 2840 editum,
1133 2809 1237 2843 quem
1275 2798 1432 2839 videris,
1462 2796 1708 2844 Prognostica
1746 2795 1870 2831 videre
1909 2806 1984 2829 non
2026 2817 2028 2830 ι

173 2850 361 2896 potuisse3
393 2851 495 2897 atqui
525 2852 618 2897 quod
649 2852 768 2893 affers,
800 2851 834 2886 id
863 2863 911 2886 ex
939 2851 1182 2897 Prognostico
1211 2854 1280 2886 est.
1336 2851 1484 2892 Pallor,
1526 2862 1575 2886 an
1603 2850 1737 2884 sciolus
1765 2847 1897 2894 aliquis
1924 2859 1982 2882 re·
2027 2854 2028 2859 ¹

174 2904 274 2938 cudit
301 2904 496 2939 Viennae?
535 2905 696 2939 Obsecro
724 2904 829 2940 mitte
858 2905 1073 2950 exemplar,
1105 2904 1135 2938 si
1176 2903 1259 2950 quid
1301 2903 1436 2938 editum
1464 2907 1523 2938 est
1550 2907 1662 2938 extra
1686 2899 1979 2948 Prognosticum.

171 2956 296 2991 Mutas
326 2957 437 2992 etiam
467 2961 622 2998 statum3
665 2957 702 2992 in
741 2957 890 3003 nuperis
932 2957 1142 2992 claritatem
1181 2968 1286 2992 meae
1326 2956 1533 3002 scriptionis
1571 2955 1670 2990 visus
1709 2964 1749 2989 es
1777 2953 1979 2999 increpare,

173 3020 266 3043 nunc
307 3010 568 3045 obscuritatem
609 3012 813 3056 exprobras
855 3014 893 3045 et
934 3010 1174 3056 theologiam.
1231 3011 1408 3056 Tempore
1449 3009 1536 3045 mihi
1573 3007 1739 3043 redditae
1766 3010 1853 3045 sunt
1879 3011 1979 3047 tuae,
2010 3031 2014 3061 3

173 3072 242 3106 quo
272 3062 351 3107 ipso
380 3067 560 3098 momento
590 3065 764 3099 currebat
792 3064 965 3106 calamus,
997 3075 1066 3109 quo
1095 3074 1159 3098 vos
1189 3074 1357 3098 censores
1398 3073 1520 3104 meos,
1561 3059 1706 3107 plurimi
1747 3059 1843 3096 enim
1869 3058 1981 3099 etiam
2007 3068 2013 3098 3

172 3113 230 3149 hic
259 3120 367 3158 sunt,
410 3115 577 3152 ulciscar.
637 3117 811 3159 Gaudeo,
854 3128 925 3152 non
954 3116 1140 3152 inventum
1167 3127 1190 3151 a
1220 3120 1281 3158 te,
1325 3116 1420 3162 quod
1458 3115 1496 3150 in
1526 3124 1742 3161 quemquam
1769 3112 1912 3153 clarius¹
1931 3111 1981 3151 sit
2006 3111 2012 3144 .‘
