2028 3242
155 71 242 115 314
719 73 853 105 Literae
879 72 1016 114 Kepleri
1043 72 1243 116 aliorumque
1267 77 1402 112 mutuae

153 179 496 226 transscenderis,
530 191 605 231 quo
638 179 796 230 longius
827 178 867 218 in
899 183 970 218 tua
1001 178 1263 231 persuasione
1295 182 1511 230 provectus
1542 178 1686 226 fueris,
1731 178 1806 218 hoc
1836 177 1965 230 magis

151 245 191 279 te
224 238 318 278 mihi
351 238 435 278 fore
468 242 700 289 suspectum
733 237 985 278 credulitatis
1018 237 1176 277 nimiae.
1239 236 1322 278 Sed
1353 237 1475 278 heus!
1526 237 1710 286 Peccavi‚
1744 250 1792 277 ne
1827 237 1960 283 ferias,

152 297 312 337 inermis
339 297 492 338 adsum.
547 295 647 337 Cum
670 297 774 337 enim
793 297 940 337 nemini
969 302 1010 337 te
1029 298 1275 349 parciturum
1297 297 1357 336 ais
1385 297 1531 348 (comp.
1555 297 1613 337 lit.
1633 297 1752 337 Fabr.
1779 309 1818 348 p.
1842 293 1961 343 306),

153 356 285 396 cautio
324 355 420 396 mihi
459 361 523 397 est
561 356 806 405 adhibenda,
853 370 901 396 ne
942 362 983 396 et
1025 369 1085 396 me
1125 356 1283 396 hostem
1325 355 1407 396 tibi
1441 355 1611 407 deligas.
1679 355 1798 396 Nova
1838 366 1962 407 eaque

153 415 327 456 absurda
358 429 421 455 me
455 428 608 468 quoque
641 415 680 455 in
714 415 1038 468 meteorologicis
1079 415 1295 455 adduxisse
1331 420 1458 467 puto:
1510 414 1636 454 multa
1678 426 1831 467 quoque
1871 414 1965 453 fun-

152 475 342 515 damenta
373 475 541 529 physica
593 479 634 515 et
676 475 920 527 theologiam
961 475 1114 515 eminus
1156 475 1384 526 spectantia
1422 473 1648 526 aperuisse;
1705 486 1826 525 quare
1864 473 1964 512 haec

151 533 283 573 omnia
314 546 376 574 me
408 547 485 574 non
519 539 676 574 tantum
708 533 948 586 aequissimo
982 539 1212 586 spectatore
1259 533 1329 573 sed
1362 533 1483 573 etiam
1527 532 1704 572 nonnihil
1747 527 1964 585 praeeunte

151 593 310 632 feceris.

243 663 498 695 Fabricius:
541 663 591 695 Tu
615 662 722 695 nullos
757 661 937 704 aphetas
974 662 1148 699 concedis,
1187 667 1319 704 praeter
1342 661 1512 694 humidum
1538 661 1701 699 radicale3
1743 660 1829 702 quod
1853 669 1964 693 verum

150 714 201 742 est
225 714 378 752 respectu
402 711 563 742 inferioris
589 714 622 742 et
649 710 872 742 concurrentis
900 719 1035 747 causae,
1063 720 1102 742 ex
1127 714 1222 750 parte
1255 710 1410 742 concedo.
1462 709 1641 741 Humidum
1666 708 1813 740 radicale
1837 708 1966 740 vehitur

150 758 257 790 calido
283 759 414 796 innato,
441 761 474 789 et
499 758 629 800 quando
654 759 828 799 utriusque
849 758 975 798 optima
1001 761 1051 789 est
1075 758 1260 798 proportio,
1286 761 1366 789 tunc
1392 757 1460 788 vita
1485 756 1650 799 longaeva
1673 756 1912 797 praesumitur,
1938 756 1965 787 si

150 815 224 837 eam
249 805 383 836 violenti
409 814 505 837 casus
530 815 595 837 non
622 805 830 837 abscindunt·
882 804 949 836 Sed
972 805 1072 841 unde,
1099 814 1235 845 quaeso,
1261 804 1431 836 humidum
1457 804 1538 836 illud
1563 808 1597 835 et
1622 803 1766 835 calidum
1789 802 1888 835 vitale
1914 802 1963 839 fit,

149 852 236 884 unde
263 853 408 884 animam
433 862 527 883 suam
550 851 677 884 habet?
729 851 908 884 Constituit
933 861 1009 893 ergo
1030 851 1119 883 Deus
1146 851 1227 883 duos
1253 852 1446 892 praecipuos
1471 850 1599 882 humidi
1625 854 1660 882 et
1686 849 1785 882 calidi
1809 849 1964 882 radicalis

148 903 309 931 rectores.
345 899 373 938 Ἃ
399 909 456 940 pro
482 899 631 937 humido,
670 897 711 938 Θ
738 909 794 940 pro
821 898 928 931 calido
954 900 1080 930 innato.
1131 899 1174 930 Hi
1201 899 1264 930 duo
1290 899 1439 930 excitant
1474 898 1618 930 animam
1645 902 1678 929 et
1703 897 1872 928 vivificant
1895 890 1962 936 illa,

149 956 233 987 quae
259 946 323 978 dixi
348 946 510 978 radicalia
533 947 712 983 naturalia,
739 947 836 988 idque
862 956 918 987 pro
936 947 1056 978 virtute
1084 951 1118 978 et
1134 947 1242 987 positu
1269 956 1326 977 suo
1344 946 1467 978 fortiori
1486 945 1538 977 vel
1555 945 1758 977 imbecilliori
1783 946 1817 976 in
1834 945 1959 986 genesi.

150 993 355 1026 Concurrunt
379 1003 456 1035 ergo
484 994 569 1026 duae
596 1003 719 1026 causae
745 995 833 1025 vitae
856 998 988 1025 nostrae
1014 993 1206 1025 naturales:
1246 993 1413 1034 corporale
1441 999 1474 1025 et
1507 993 1641 1024 asti-ale.
1693 991 1868 1033 Corporale
1893 992 1964 1023 sine

150 1041 263 1073 astrali
288 1042 381 1082 quasi
405 1045 568 1073 mortuum
595 1045 665 1078 est,
693 1051 731 1073 ex
756 1042 810 1072 illo
838 1050 911 1072 vero
937 1041 1129 1073 vivificatur.
1182 1042 1335 1072 Animam
1361 1045 1398 1072 tu
1423 1041 1564 1082 corporis
1589 1041 1691 1072 vitam
1715 1048 1824 1071 nonne
1851 1035 1963 1071 dices?

150 1088 236 1127 Quid
260 1088 408 1129 prohibet
434 1099 523 1130 ergo,
552 1087 594 1128 Θ
623 1093 656 1121 et
681 1089 710 1128 ‘ll
737 1089 845 1120 dicere
871 1089 958 1120 vitae
983 1089 1144 1120 naturalis
1171 1088 1430 1130 significatores,
1458 1089 1535 1130 quia
1550 1087 1601 1119 de
1626 1086 1796 1119 debilitate
1821 1086 1872 1118 vel
1897 1086 1961 1117 for-

148 1136 287 1167 titudine
314 1136 401 1167 vitae
427 1136 589 1168 naturalis
615 1137 806 1178 significant
832 1141 866 1167 et
886 1136 1049 1176 judicant.
1100 1135 1163 1167 Pro
1190 1135 1424 1167 constitutione
1451 1145 1529 1177 ergo
1555 1135 1668 1166 horum
1696 1134 1832 1166 duorum
1858 1138 1962 1165 astro-

148 1183 253 1225 logice
279 1183 320 1214 de
344 1183 413 1215 vita
433 1183 651 1224 judicandum
675 1187 765 1225 puto.
817 1182 873 1214 Sol
904 1183 1027 1214 lumine
1063 1187 1097 1215 et
1130 1183 1240 1215 calore
1278 1192 1336 1214 sno
1364 1186 1498 1214 externo
1534 1182 1654 1224 ubique
1689 1182 1724 1213 in
1750 1181 1907 1222 ecliptica
1930 1183 1965 1212 et

148 1230 354 1263 verticalibus
392 1232 520 1263 ratione
549 1230 728 1263 horizontis
768 1240 835 1262 non
866 1235 916 1262 est
949 1240 1053 1271 aeque
1084 1235 1213 1271 potens.
1266 1230 1352 1272 Ergo
1380 1230 1511 1262 astralis
1536 1228 1622 1261 illius
1648 1229 1695 1261 vis
1726 1238 1784 1270 pro
1819 1228 1889 1260 vita
1911 1237 1961 1260 re-

148 1277 274 1319 genda,
310 1287 366 1319 pro
403 1279 508 1310 calido
543 1279 660 1311 innato
693 1277 879 1320 vegetando
918 1282 952 1309 et
984 1278 1192 1310 fortificando
1227 1287 1294 1309 non
1331 1278 1392 1309 erit
1423 1278 1543 1319 ubique
1571 1277 1606 1308 in
1630 1277 1778 1308 themate
1804 1275 1963 1317 aequalis.

149 1325 270 1367 Anguli
295 1329 382 1357 certe
417 1323 438 1356 4
463 1326 626 1358 maximae
650 1326 777 1357 virtutis
802 1330 897 1362 sunt,
936 1326 1078 1358 maxime
1113 1335 1188 1356 vero
1216 1325 1345 1357 decima
1383 1324 1515 1362 domus,
1550 1328 1624 1366 post
1648 1324 1674 1356 Ι.
1702 1323 1838 1361 domus;
1880 1322 1964 1355 haec

147 1375 279 1413 propter
308 1373 445 1414 primam
480 1374 695 1406 emersionem
733 1377 767 1405 et
805 1373 1040 1405 discussionem
1091 1372 1320 1411 tenebrarum,
1359 1371 1416 1404 illa
1453 1375 1585 1413 propter
1619 1371 1726 1403 lucem
1759 1373 1792 1403 et
1824 1369 1966 1402 calorem

148 1429 338 1452 maleum.

267 1478 534 1531 Keplerus:
569 1479 630 1518 De
652 1479 812 1531 aphetis
832 1478 1004 1527 memini,
1040 1491 1100 1518 me
1123 1478 1173 1517 ad
1194 1490 1336 1517 nomen
1369 1475 1518 1529 ἀφεζω,
1550 1476 1758 1529 ἀφιεσθαι,
1792 1489 1960 1529 respex-

151 1537 244 1578 isse.
297 1537 510 1578 Sententia
543 1537 638 1585 fuit,
682 1538 892 1578 terminum
925 1551 1014 1578 esse
1049 1537 1354 1589 astrologicum‚
1396 1536 1461 1589 qui
1493 1536 1814 1577 inconsideratos
1847 1536 1959 1576 deci·
1987 1583 1991 1585 ,

148 1597 250 1648 piat,
305 1597 420 1649 quasi
465 1597 659 1649 astrologi
700 1597 924 1638 exturbatis
970 1596 1151 1650 genuinis
1197 1609 1326 1636 rerum
1367 1596 1500 1636 causis
1539 1596 1591 1635 ad
1630 1596 1730 1636 haec
1771 1595 1963 1646 ἀλλοτρια

149 1656 399 1708 confugiant,
446 1656 573 1696 vitam
605 1669 682 1696 non
717 1670 765 1696 ex
796 1657 1055 1696 imma-nentia
1087 1656 1269 1704 animae,
1317 1656 1388 1695 sed
1422 1668 1470 1694 ex
1497 1655 1719 1708 agitatione
1751 1654 1853 1695 coeli
1886 1655 1960 1694 de-

149 1717 309 1755 ducant.
373 1715 460 1755 Hoc
492 1721 532 1755 te
565 1727 642 1755 non
674 1722 771 1768 puto
804 1716 1140 1768 impugnaturum.
1204 1714 1258 1754 Et
1290 1719 1448 1763 tamen,
1485 1714 1602 1767 quasi
1635 1715 1686 1754 ad
1717 1714 1960 1766 impugnan—

149 1775 240 1813 dum
265 1774 358 1823 hoc,
406 1775 509 1826 quod
544 1774 651 1823 dixi,
699 1774 845 1825 ἀφετην
877 1774 1088 1826 genuinum
1122 1787 1211 1813 esse
1245 1773 1444 1813 humidum
1482 1773 1679 1819 radicale,
1726 1777 1960 1825 argumento

149 1833 366 1873 instructus
401 1847 462 1880 eS,
498 1833 634 1873 sidera
667 1834 764 1873 dant
797 1834 955 1873 humido
989 1832 1155 1873 radicali
1188 1833 1378 1884 vigorem.
1444 1833 1530 1872 Hoc
1563 1833 1656 1880 tibi,
1703 1833 1754 1872 mi
1787 1831 1958 1879 Fabrici,

149 1892 422 1944 philosophice
456 1905 505 1931 ex
537 1893 624 1944 ipso
659 1893 779 1932 etiam
811 1893 907 1932 Pico
941 1893 1108 1939 dicenti,
1154 1893 1347 1940 concedo,
1391 1892 1462 1931 sed
1495 1905 1636 1943 parum
1667 1892 1707 1931 in
1740 1890 1962 1942 astrologia

148 1951 221 1991 tibi
252 1951 433 2002 prodest.
497 1951 587 1991 Non
621 1951 725 1991 enim
757 1952 818 1991 ita
850 1951 984 1991 sidera
1018 1952 1116 1990 fiunt
1149 1951 1334 2002 aphetae,
1368 1955 1412 1990 ut
1444 1950 1618 1990 animare
1653 1956 1694 1990 et
1726 1951 1862 1990 fovere
1881 1949 1958 1989 hu—

154 2010 302 2049 midum
334 2010 510 2049 radicale
545 2023 593 2049 ex
626 2024 669 2050 se
702 2011 801 2063 ipsis
836 2010 1046 2058 desinant;
1082 2010 1174 2057 imo,
1209 2009 1240 2048 si
1276 2010 1348 2049 hoc
1381 2011 1597 2057 sufficeret,
1631 2009 1701 2048 illa
1731 2012 1959 2060 pergerent,

152 2081 273 2121 quare
306 2074 434 2108 totum
466 2069 540 2108 hoc
574 2070 802 2121 apheticum
845 2069 1000 2109 facinus
1045 2081 1120 2108 non
1167 2068 1408 2108 ordinarium
1442 2081 1530 2108 esse
1564 2080 1730 2108 necesse
1763 2073 1847 2117 est,
1888 2067 1958 2106 sed

153 2127 475 2177 accidentarium.
542 2127 644 2168 Sunt
677 2142 800 2168 causa
833 2129 984 2176 mortis,
1020 2133 1063 2167 ut
1096 2127 1166 2167 Sol
1201 2133 1264 2167 est
1296 2140 1418 2167 causa
1451 2127 1613 2179 eclipsis
1646 2127 1806 2175 Lunae,
1841 2130 1960 2178 prout

152 2193 195 2226 tu
237 2187 395 2238 quidem
433 2187 519 2238 jam
567 2200 616 2226 ex
653 2188 861 2239 praedicto
907 2186 1479 2238 fundamento·philosophico
1522 2192 1673 2241 contra,
1695 2198 1755 2226 me
1788 2197 1957 2238 pugnas.

150 2246 256 2285 Nam
287 2245 327 2284 in
359 2245 540 2286 terminis
573 2247 724 2299 loquor.
789 2248 832 2287 In
867 2246 1125 2299 sequentibus
1158 2246 1276 2297 plane
1297 2258 1462 2294 mecum,
1498 2246 1570 2285 sed
1602 2258 1740 2297 parum
1774 2249 1891 2285 caute
1919 2244 1959 2283 in

151 2310 262 2344 tuam
294 2317 391 2344 rem.
455 2305 669 2345 Materiale
703 2305 941 2358 apheticum,
974 2305 1175 2345 humidum
1207 2305 1406 2354 radicale,
1440 2305 1603 2344 formale
1637 2304 1723 2355 ejus
1754 2304 1795 2344 in
1827 2308 1960 2343 mate-

150 2364 250 2403 riam
283 2372 402 2416 opus,
447 2364 619 2404 calidum
651 2365 848 2413 nativum,
897 2365 1138 2416 adjuvantes
1178 2377 1322 2404 causas
1355 2364 1508 2411 sidera,
1555 2370 1597 2403 et
1634 2363 1811 2416 quidem,
1856 2362 1959 2414 quod

152 2423 313 2475 egregie
344 2423 465 2463 tinnit
496 2424 533 2463 in
569 2424 730 2464 auribus
763 2424 888 2472 meis,
925 2424 1178 2463 stimulantes
1212 2423 1384 2462 animam
1416 2428 1457 2462 et
1489 2422 1734 2462 excitantes:
1787 2420 1958 2460 dixisses

150 2483 438 2532 tantummodo,
473 2488 516 2522 ut
548 2495 634 2535 ego,
669 2484 810 2523 stellas
844 2496 1001 2532 canere,
1037 2482 1208 2522 animam
1241 2483 1405 2528 saltare,
1438 2495 1486 2521 ne
1518 2482 1582 2521 hic
1615 2480 1798 2520 stimulus
1832 2480 1886 2519 sit
1915 2479 1955 2519 in

151 2540 249 2592 ipsis
293 2554 365 2594 per
397 2555 440 2581 se
474 2542 693 2591 sideribus,
739 2543 811 2582 sed
854 2542 988 2593 potius
1034 2542 1071 2581 in
1113 2542 1244 2581 animo
1288 2540 1482 2587 hominis,
1527 2546 1572 2580 ut
1614 2552 1708 2587 rosa
1750 2538 1958 2586 infantem,

152 2599 291 2650 ignara
323 2600 423 2654 ipsa,
459 2601 622 2642 animat.
685 2602 816 2642 Unum
849 2614 991 2640 cavere
1024 2605 1063 2640 te
1091 2601 1232 2653 jubeo,
1280 2613 1328 2639 ne
1376 2598 1620 2649 astrologica
1651 2597 1829 2651 physicis
1861 2610 1958 2637 con-

154 2659 318 2708 fundas,
354 2660 548 2711 quomodo
582 2660 744 2709 dixisti,
780 2660 961 2712 adjuvari
994 2660 1167 2699 calorem
1199 2659 1378 2698 nativum
1412 2658 1559 2706 astris3
1607 2657 1641 2697 is
1673 2669 1752 2696 non
1785 2668 1970 2703 enervaf

153 2723 215 2756 tur
249 2718 329 2758 situ
362 2719 545 2767 siderum,
582 2720 675 2771 quia
706 2720 779 2759 hoc
813 2718 964 2759 faciunt
995 2731 1073 2758 non
1107 2719 1165 2758 uti
1198 2718 1316 2757 situm
1348 2721 1482 2764 nacta,
1517 2717 1588 2765 sed
1620 2716 1679 2756 uti
1711 2715 1795 2764 Sol,
1829 2715 1956 2762 Luna,
1991 2730 1998 2732 ··

152 2782 193 2815 et
224 2776 263 2816 id
296 2790 345 2816 ex
377 2790 419 2816 se
452 2778 616 2818 habent.
681 2779 743 2817 Ex
775 2777 870 2818 Sole
903 2783 1062 2817 emanat
1095 2778 1222 2817 virtus
1254 2776 1291 2815 in
1324 2775 1552 2815 universum
1579 2775 1778 2823 mundum,
1811 2779 1856 2814 ut
1887 2773 1958 2813 ca-

154 2835 229 2883 lor,
275 2840 319 2875 ut
348 2841 493 2876 motus.
557 2838 616 2876 At
648 2838 840 2889 quomodo
884 2836 1005 2876 certis
1050 2836 1167 2883 locis,
1212 2834 1412 2887 personis,
1458 2834 1701 2886 temporibus
1753 2828 1962 2873 stimulant
2026 2843 2028 2863 ²

154 2894 319 2942 animos,
353 2895 392 2933 id
423 2895 468 2934 fit
498 2895 655 2935 ratione
688 2896 789 2935 situs
821 2895 1009 2947 ipsorum,
1046 2895 1109 2947 qui
1142 2894 1240 2946 ipsis
1275 2892 1422 2932 accidit
1454 2905 1624 2945 vereque
1656 2892 1695 2931 in
1718 2892 1848 2932 animo
1877 2897 1952 2939 est,

154 2953 218 3001 qui
250 2952 329 2991 illis
363 2953 505 2992 sitibus
539 2955 654 3000 (sunt
686 2959 821 2994 autem
853 2959 1041 3006 aspectus
1075 2959 1116 2993 et
1148 2951 1411 2993 mediationes
1444 2952 1564 2999 coeli)
1598 2955 1791 2991 movetur.
1848 2949 1959 2989 Haec

155 3016 195 3047 tu
230 3011 309 3049 noli
342 3011 605 3058 confundere,
656 3013 748 3065 quid
782 3013 885 3053 enim
918 3017 1125 3064 sequatur,
1170 3010 1294 3051 vides.
1357 3009 1401 3049 Si
1440 3010 1549 3062 prior
1588 3010 1691 3049 enim
1729 3009 1800 3049 illa
1830 3009 1958 3048 virtus

157 3080 181 3105 a
213 3068 291 3106 situ
325 3068 444 3108 Solis
462 3070 631 3120 pendet,
674 3076 796 3119 certe,
831 3071 923 3123 quia
954 3070 1037 3118 Sol,
1073 3075 1115 3110 et
1146 3070 1198 3110 ad
1228 3069 1358 3108 visum
1390 3073 1432 3108 et
1463 3069 1513 3108 ad
1546 3058 1860 3120 magnitudinem
1885 3079 1960 3106 ve-
2018 3066 2028 3116 ἶ
