1982 3268
158 110 215 154 28
951 112 1164 146 Prooemium.

157 218 242 261 quod
268 219 366 250 etiam
392 219 496 251 multa
520 219 554 252 in
579 219 655 261 ipsis
682 218 851 262 Copernici
876 220 962 252 libris
987 219 1061 252 loca
1094 219 1279 251 obscuriora
1301 217 1460 250 Rheticus
1483 218 1537 254 hic
1563 228 1602 251 ex
1625 218 1767 261 professo
1795 216 1954 260 explicat:

156 266 243 298 uude
266 266 351 298 haec
376 265 531 307 Narratio
555 270 589 299 et
611 266 802 300 Encomium
827 267 896 299 loco
922 268 1027 299 brevis
1051 268 1085 299 in
1111 266 1324 308 Copernicum
1349 266 1573 298 commentarii
1596 265 1711 301 haberi
1732 269 1878 308 possunt.

250 312 326 345 Hae
351 322 473 345 causae
498 318 575 347 sunt
599 315 732 347 additae
756 314 852 356 huJus
875 314 1093 351 Narrationis,
1121 325 1194 347 cum
1217 313 1391 346 Borussiae
1418 313 1572 345 Encomio
1588 307 1729 346 Rhetici.
1766 310 1818 346 Ne
1842 316 1956 345 tamen

156 365 269 393 nostra
301 370 427 402 quoque
459 371 559 403 opera
589 362 688 394 hosce
718 362 800 394 fines
824 362 952 394 facilius
979 362 1197 405 consequendi
1222 361 1369 394 deesset:
1403 361 1506 393 visum
1534 361 1597 393 fuit
1619 365 1689 394 tam
1712 361 1954 397 Narrationem,

157 417 255 449 quam
279 407 490 446 Eneomium,
525 419 590 452 qua
614 409 682 442 fieri
707 411 813 451 potuit
839 409 1029 452 diligentia,
1062 409 1226 446 revidere,
1261 413 1296 441 et
1320 419 1393 441 cum
1425 409 1692 441 annotationibus
1703 407 1956 452 marginalibus

158 457 258 487 etiam
282 455 454 488 schemata
479 457 800 496 demonstrationum,
827 467 911 499 quae
931 457 1090 490 Rheticus
1114 457 1202 490 haud
1228 457 1323 488 dubio
1349 459 1554 497 apposuerat,
1581 456 1640 488 sed
1662 457 1696 489 in
1721 457 1805 498 typis
1831 455 1958 488 excusis

158 503 410 544 exemplaribus,
444 505 554 536 nescio
587 514 651 547 qua
675 506 911 547 incogitantia,
945 507 1064 537 omissa
1088 506 1233 538 fuerant.
1262 503 1392 536 addere.
1444 503 1477 536 Si
1503 513 1587 546 quae
1611 514 1685 536 vero
1711 504 1745 535 in
1768 503 1882 536 iisdem
1905 501 1956 534 his

156 551 282 592 scriptis
308 560 329 582 a
353 560 449 592 scopo
476 556 584 584 nostro
611 552 768 584 alieniora
785 553 967 589 habentur;
995 562 1036 584 ea
1051 553 1192 594 prudens
1210 552 1329 584 Lector
1353 549 1412 583 sud
1435 551 1506 583 loco
1531 551 1704 594 relinquat.
1741 550 1852 583 Nostri
1877 558 1954 582 can—

157 598 241 631 doris
267 608 338 630 csse
364 599 523 636 duximus,
551 601 651 632 etiam
677 604 789 632 cetera
812 600 881 637 illa,
907 610 991 642 quae
1016 601 1050 632 in
1076 600 1251 642 exemplari
1276 609 1362 631 anno
1391 597 1490 630 1541.
1528 598 1683 631 Basileae
1708 598 1807 635 edito,
1832 597 1955 631 inveni·

155 655 226 678 mus
241 669 250 683 ‚
277 656 351 678 cum
375 646 468 678 titulo
496 651 528 679 et
552 647 777 688 praefatione,
803 647 881 680 licet
907 648 949 680 ad
973 648 1185 690 principalem
1209 651 1354 679 nostrum
1378 657 1512 689 scopum
1538 657 1603 679 non
1629 647 1792 685 facerent,
1819 645 1957 678 fideliter

154 693 323 726 reddenda
348 703 430 726 esse.

250 740 438 783 Optandum
457 746 566 774 autem
585 745 682 779 esset,
709 741 858 782 alteram,
883 751 980 784 quam
1007 742 1176 784 aliquoties
1203 742 1319 774 author
1342 741 1394 774 hic
1418 741 1599 783 pollicetur,
1624 741 1857 774 Nan-ationem
1878 750 1955 783 quo-

157 798 218 830 que
244 789 396 820 emissam
420 789 540 826 fuisse·
577 794 635 821 aut
660 790 686 820 si
711 789 819 821 forsan
845 790 967 831 scripta
991 790 1120 832 quidem
1146 790 1261 828 fuerit,
1297 789 1356 822 sed
1380 788 1496 821 alicubi
1524 789 1697 821 delitescat
1731 785 1872 828 (editam
1895 796 1956 831 ego

156 845 221 868 non
246 836 328 873 vidi,
361 846 423 868 nec
449 837 490 869 ab
516 837 578 869 alio
603 837 707 868 visam
732 846 771 868 ex
796 847 957 879 quoquam
980 836 1142 877 intellexi)
1168 838 1270 870 satius
1296 841 1393 872 esset,
1421 846 1494 868 eam
1517 836 1647 878 publice
1677 836 1835 869 utendam
1859 844 1958 877 quam

154 883 188 914 in
220 883 337 915 abditis
369 884 603 917 corrodendam
638 885 734 916 tineis
769 885 914 917 concedi.
966 884 1061 924 Quod
1089 886 1177 917 idem
1211 884 1250 916 de
1277 878 1525 916 Commentariis
1551 884 1677 916 Erasini
1703 882 1899 918 Rheiuholdi
1922 882 1956 915 in

156 930 287 964 eosdem
314 931 483 973 Copernici
508 931 603 964 libros
630 932 921 974 optandum-erat,
955 933 1017 964 nisi
1042 933 1216 965 immatura
1241 934 1310 973 ejus
1335 933 1393 964 viri
1416 942 1502 963 mors
1527 942 1606 974 opus
1630 931 1838 969 inchoatum,
1863 933 1901 963 ut
1925 934 1958 963 et

154 978 274 1010 multas
293 979 375 1011 alias
388 977 601 1020 Reipublicae
619 979 877 1012 mathematicae
894 980 1082 1012 utilissimas
1098 980 1350 1013 lucubrationes.
1377 978 1570 1021 abrupisset.
1606 978 1668 1017 Tu,
1687 978 1808 1011 Lector
1823 978 1956 1020 optime,

153 1025 203 1057 bis
228 1025 345 1063 fruere,
373 1025 476 1059 donec
501 1030 606 1059 totum
631 1037 725 1059 suum
750 1026 929 1060 Uranicum
953 1028 1003 1060 vel
1031 1027 1214 1060 Cosmicum
1238 1037 1334 1069 opus,
1361 1028 1453 1068 cujus
1476 1027 1530 1059 hic
1554 1027 1764 1059 Prodromum
1787 1025 1958 1066 habemus,

154 1072 316 1153 {epletus
341 1079 452 1152 nggter
477 1075 617 1108 emittat.
656 1074 753 1107 Vale.
793 1076 914 1108 Actum
931 1075 1103 1119 Tubingae
1128 1076 1162 1107 in
1183 1075 1320 1108 Musaeo
1345 1079 1466 1112 nostro,
1493 1074 1647 1108 Calendis
1665 1073 1826 1107 Octobris.
1863 1073 1958 1106 Anno

183 1121 281 1153 alutis
311 1120 351 1153 15
404 1145 412 1153 .

250 1215 472 1258 Keplerus
497 1217 599 1249 literis
624 1215 793 1250 Maestlini
819 1214 864 1259 (p.
892 1215 952 1257 24)
977 1217 1142 1260 respondit
1165 1217 1251 1250 hunc
1276 1217 1310 1249 in
1334 1216 1486 1249 modum:

272 1287 423 1340 Accepi
458 1289 596 1328 literas
630 1294 722 1328 tuas
755 1289 997 1342 Praeceptor
1029 1289 1266 1338 clarissime,
1309 1294 1350 1328 et
1387 1288 1592 1341 exemplar
1628 1287 1703 1328 mei
1734 1286 1956 1331 Prodi-omi.

159 1347 399 1399 Respondeo
438 1347 614 1388 breviter
651 1348 798 1388 omissa
842 1349 1057 1389 honorifica
1094 1347 1395 1390 declamatione.
1464 1347 1639 1388 Primum
1682 1350 1815 1388 errata
1857 1359 1957 1400 quae

157 1406 431 1456 animadverti,
467 1420 643 1460 quaeque
677 1421 835 1448 sensum
864 1409 1038 1456 turbant,
1073 1408 1245 1460 adjunxi.
1297 1407 1341 1448 Si
1372 1407 1455 1448 fieri
1486 1411 1634 1460 potest,
1669 1406 1956 1460 subjungantur

156 1467 356 1518 opusculo.
419 1466 573 1507 Deinde
607 1467 653 1507 de
687 1466 773 1509 200
804 1468 1097 1521 exemplaribus
1137 1481 1302 1508 moneo:
1350 1467 1442 1519 quia
1478 1466 1728 1520 typographo
1767 1472 1982 1519 expresse,i

157 1525 255 1574 dixi,
295 1538 371 1565 non
403 1537 522 1578 posse
555 1539 616 1566 me
649 1527 718 1567 illa
750 1527 949 1580 accipere,
993 1527 1069 1567 nisi
1102 1533 1194 1567 ante
1233 1527 1334 1567 diem
1367 1526 1532 1567 Martini
1565 1526 1798 1566 absolvatur
1829 1537 1955 1578 opus:

157 1598 233 1624 non
273 1585 409 1624 videor
447 1585 586 1625 teneri.
651 1585 694 1626 Si
728 1587 811 1638 jam
850 1587 1095 1639 accepissem
1137 1587 1400 1653 exemplaria,
1447 1584 1666 1638 potuissem
1704 1584 1743 1625 in
1783 1582 1971 1625 comitiis?

156 1643 391 1684 disuibuere
424 1645 526 1685 inter
556 1658 755 1697 proceres.
799 1647 960 1687 Nullam
993 1646 1160 1698 amplius
1190 1645 1315 1686 talem
1340 1645 1422 1686 scio
1450 1644 1712 1686 occasionem.
1757 1643 1826 1685 Ad
1856 1644 1971 1699 haec

150 1704 237 1754 jam
267 1716 383 1755 porro
417 1705 557 1744 venale
590 1705 665 1745 erit
703 1718 831 1746 meum
872 1707 1241 1758 opusculun1,nec
1282 1718 1354 1757 ego
1394 1717 1519 1745 novus
1558 1703 1729 1757 amplius
1770 1716 1838 1744 ero
1869 1715 1969 1747 (Μ’

155 1763 253 1803 meis
286 1763 597 1815 exemplaribus,
638 1764 862 1817 bibliopolis
894 1765 1170 1805 invehentibus
1210 1765 1307 1813 alia,
1348 1770 1392 1805 ut
1430 1763 1589 1804 nimium
1628 1763 1703 1804 sim
1735 1762 1954 1803 habiturus
1946 1779 1969 1806 ζ,

156 1822 310 1862 Vereor
342 1827 495 1870 autem,
532 1829 579 1863 ut
618 1823 655 1863 in
688 1830 758 1864 tua
788 1838 961 1877 persona
993 1825 1177 1878 effugium
1210 1829 1387 1877 quaerat.
1452 1822 1496 1864 Si
1526 1827 1569 1863 tu
1600 1822 1639 1863 in
1671 1835 1794 1862 causa
1823 1832 1961 1863 mora

157 1881 281 1930 fuisti,
313 1882 521 1934 promissis
554 1884 683 1932 stabo,
717 1884 751 1924 si
782 1884 848 1924 ille
882 1885 999 1924 aliter
1031 1884 1232 1936 quiescere
1265 1883 1389 1924 nolit:
1424 1882 1602 1935 quamvis
1629 1894 1772 1935 cogere
1790 1893 1852 1922 me
1878 1884 1961 1929 κισϊ·

155 1940 295 1993 possit.
341 1940 397 1981 Et
427 1942 671 1982 meheicule
682 1948 814 1983 metuo
842 1949 886 1984 ut
918 1942 974 1985 50
1000 1944 1137 1983 floreni
1168 1941 1254 1984 200
1274 1942 1564 1995 exemplaribus
1586 1941 1797 1983 sufficiant-

155 1999 279 2052 igitur
299 2013 382 2040 rem
400 2005 529 2041 totam
550 2001 620 2041 tibi
641 2003 842 2054 permitto,
879 2003 1061 2056 quicquid
1087 2016 1175 2043 cum
1205 2002 1292 2055 ipso
1324 2007 1466 2054 pactus
1499 2001 1624 2042 amice
1658 2000 1793 2050 fueris,
1825 1982 1965 2058 ratu-2}

157 2059 326 2099 habebo.
378 2059 496 2100 Alias
529 2061 623 2100 mihi
655 2062 760 2102 ultra
792 2060 848 2103 50
881 2063 1125 2114 exemplaria
1154 2062 1192 2102 in
1227 2061 1363 2116 Styria
1393 2073 1510 2113 porro
1542 2073 1620 2100 non
1652 2073 1750 2127 opus
1783 2064 1859 2101 est.

157 2132 190 2158 ιι
185 2119 301 2158 etuis
333 2124 377 2158 ut
408 2118 535 2171 ipsum
568 2121 758 2169 offendas,
794 2127 834 2162 et
865 2122 937 2162 tibi
969 2122 1090 2170 obsis,
1126 2122 1159 2161 si
1186 2121 1276 2189 quid
1311 2126 1467 2162 tuarum
1498 2133 1628 2160 rerum
1659 2119 1713 2159 sit
1745 2117 1958 2174 aliquand

157 2178 439 2227 excudendum,
475 2192 622 2236 excusa
653 2185 692 2220 te
725 2181 814 2232 ipsi,
849 2186 892 2221 et
922 2181 1005 2222 sine
1038 2194 1100 2221 me
1133 2182 1221 2221 cum
1252 2181 1338 2232 ipso
1364 2179 1526 2232 pacisci.
1575 2179 1680 2221 Nolo
1706 2177 1786 2219 tuis
1814 2179 1959 2221 obes

157 2237 385 2278 commodis.
445 2239 554 2279 Ante
586 2240 779 2280 nundinas
811 2241 1028 2293 paciscere,
1061 2254 1108 2280 ne
1141 2245 1234 2292 post
1265 2253 1315 2280 ex
1346 2244 1490 2279 eventu
1521 2238 1781 2279 nundinarum
1812 2238 1862 2278 de
1903 2256 1922 2273 u

155 2301 323 2336 statuat.
387 2297 492 2338 Nam
529 2298 743 2339 insidiosus
782 2306 856 2341 est.
918 2299 1116 2341 Nuncium
1159 2312 1280 2339 onera
1323 2298 1614 2351 exemplaribus
1659 2298 1696 2338 in
1737 2297 1870 2338 reditu
1907 2305 1955 2337 e&

155 2355 331 2404 Alsatia‚
363 2362 480 2408 prout
509 2357 575 2398 ille
609 2371 713 2410 aqua
732 2360 795 2399 vel
816 2365 924 2400 terra
944 2359 1183 2400 descendere
1205 2359 1438 2407 decreverit,
1473 2365 1662 2410 quantum
1693 2357 1799 2398 ferre
1829 2356 1952 2406 volef

158 2436 212 2442 —
231 2415 367 2456 Etiam
398 2417 494 2457 illud
527 2422 594 2458 tuo
621 2418 770 2469 judicio
801 2419 1003 2471 permitto,
1037 2419 1128 2472 quid
1149 2431 1210 2459 me
1232 2418 1435 2469 Tubingae
1469 2418 1600 2458 facere
1633 2417 1845 2456 honestum

157 2475 372 2527 cuicunque
393 2477 594 2529 exemplar
615 2478 786 2518 dandum
806 2492 958 2524 censes,
991 2479 1106 2526 dabo,
1142 2483 1183 2518 et
1209 2478 1295 2530 jam
1315 2477 1400 2517 dari
1419 2489 1491 2529 per
1510 2489 1620 2517 meos
1640 2473 1788 2516 amicos
1816 2475 1909 2528 jub
1924 2471 1950 2518 'J‘

158 2534 259 2574 Illud
292 2534 412 2575 etiam
448 2549 508 2575 me
547 2542 714 2588 gravat,
760 2551 834 2591 quo
880 2538 1007 2578 minus
1046 2535 1132 2578 200
1164 2551 1236 2589 ego
1276 2549 1407 2577 emere
1444 2535 1618 2588 possim,
1661 2535 1765 2588 quod
1795 2533 1936 2575 Rheti·¹

156 2593 333 2634 narratio
364 2595 533 2646 pretium
567 2597 740 2647 augebit.
803 2597 939 2638 Habes
973 2602 1224 2650 argumenta,
1258 2602 1298 2637 et
1328 2596 1454 2643 vides,
1485 2607 1668 2648 quorsum
1699 2594 1738 2635 in
1769 2590 1896 2646 pacti·
1916 2612 1932 2649 ι-

157 2653 445 2705 respiciendum
483 2655 548 2695 sit.
610 2655 732 2696 Porro
776 2657 939 2697 nuncius
986 2656 1024 2696 in
1068 2656 1266 2696 mandatis
1305 2655 1451 2703 habet,
1497 2659 1540 2694 ut
1576 2651 1628 2694 12
1660 2653 1700 2694 fl.
1732 2653 1927 2705 Marpac

158 2718 343 2764 acceptos
377 2714 480 2765 apud
511 2719 551 2754 te
585 2715 776 2767 deponat,
812 2721 853 2755 et
884 2716 967 2756 fieri
999 2721 1153 2768 potest,
1187 2720 1232 2756 ut
1261 2715 1426 2762 Lucius,
1459 2714 1645 2753 Decanus
1670 2712 1938 2764 Waibliuge

159 2771 234 2818 sis,
273 2772 394 2812 etiam
426 2774 573 2826 aliquid
606 2775 709 2826 apud
742 2781 781 2815 te
814 2776 1007 2827 deponat,
1049 2775 1087 2815 in
1126 2788 1247 2816 causa
1284 2773 1351 2814 filii
1391 2772 1472 2821 sui,
1513 2772 1577 2825 qui
1608 2772 1671 2812 hic
1704 2777 1777 2811 est.
1839 2770 1935 2824 Ro4

159 2831 364 2880 pecuniam
394 2832 503 2872 illam
535 2834 731 2886 tantisper
761 2835 985 2882 custodias,
1019 2834 1109 2874 dum
1142 2834 1234 2887 quid
1265 2846 1313 2873 ea
1343 2832 1426 2872 fieri
1458 2832 1578 2872 velim
1618 2830 1853 2881 rescribam,
1885 2843 1922 2870 a

161 2888 244 2940 ipse
283 2890 383 2930 forte
422 2893 602 2941 veniam,
640 2894 726 2933 Deo
764 2894 889 2934 vitam
929 2894 1136 2945 largiente.
1206 2891 1340 2933 Causa
1378 2891 1479 2931 enim
1518 2904 1608 2931 mea
1650 2889 1921 2931 matrimonia

159 2947 307 2998 pendet
338 2950 374 2988 in
402 2950 548 3001 judicio
582 2953 868 2994 ecclesiastico.
933 2953 976 2993 Si
1009 2954 1159 3000 solvar,
1203 2949 1378 2999 decrevi,
1418 2956 1462 2990 ut
1493 2963 1594 2990 nunc
1625 2949 1782 3002 quidem
1813 2948 1930 2989 hab

161 3006 211 3044 ad
243 3019 314 3046 vos
352 3009 503 3048 redire:
544 3010 619 3050 nisi
658 3012 762 3052 aliud
801 3012 1022 3053 suaseiitis.
1084 3012 1143 3052 De
1175 3010 1368 3051 sumtibus
1410 3010 1657 3049 schematum
1688 3012 1799 3048 tuum
1830 3012 1871 3048 et
1916 3020 1920 3038 ἰ
1981 3023 1982 3026 “

159 3064 421 3106 Hafenrefferi
453 3074 539 3108 esto
572 3069 673 3110 inter
704 3085 764 3111 me
798 3078 838 3112 et
868 3071 1157 3125 typographum
1189 3073 1378 3109 statuere.
1423 3068 1526 3110 Vale
1556 3067 1617 3110 Cl.
1648 3067 1685 3109 d.
1746 3068 1917 3122 'raecep

161 3125 298 3177 meque
331 3138 464 3165 amare
495 3140 630 3180 perge
1670 3079 1743 3179 ,αἱ
1813 3127 1816 3131 ⁴

1497 3186 1515 3194 .,
1571 3192 1573 3194 .
1613 3170 1675 3263 &W
