2028 3242
133 76 221 120 360
693 77 827 111 Literae
852 77 988 120 Kepleri
1004 93 1010 96 1
1020 78 1221 122 aliorumque
1244 84 1380 114 mutuae

130 186 250 236 longa
281 189 448 236 usurpat
478 183 640 223 horaria
672 188 869 236 tempora,
900 183 1004 225 infra
1036 184 1168 224 subito
1199 185 1352 224 brevia.
1375 206 1431 212 —
1464 183 1547 226 Sed
1572 184 1843 226 examinemus
1861 198 1938 238 pa-

131 256 287 295 rumper
320 242 483 283 Stadii
521 242 655 283 verba.
724 243 936 291 „Meminit
975 243 1253 295 Ptolemaeus·
1278 243 1638 298 hemicycliorum.“
1702 243 1811 285 Sane
1849 257 1938 286 me-

129 302 253 350 minit,
290 307 334 342 at
365 315 443 342 non
475 302 513 341 in
547 301 730 341 doctrina
763 303 900 342 domos
922 302 1111 354 erigendi,
1146 303 1218 342 sed
1250 302 1289 342 in
1311 303 1494 343 doctriua
1515 303 1725 355 dirigendi.
1775 304 1937 356 Pergit:

132 362 256 410 „hora
290 361 576 414 aequinoctiali
609 361 885 402 distantium.“
951 360 1058 407 Quid
1078 361 1153 401 hoc
1187 363 1237 401 ad
1263 375 1360 407 rem,
1394 362 1429 402 si
1448 374 1584 402 verum
1605 363 1781 403 maxime
1803 363 1938 404 esset?

129 421 246 461 Anne
279 418 336 461 24
369 421 507 460 domos
542 419 708 460 stadius
743 420 982 475 fabricavit?
1043 420 1157 461 Duas
1189 422 1323 473 potius
1355 422 1476 461 horas
1503 421 1765 471 Ptolemaeus
1806 422 1938 462 nomi-

128 485 287 528 nasset,
333 481 367 520 si
400 481 448 519 de
482 479 663 519 domibus
702 479 868 531 egisset.
933 479 1013 521 Sed
1054 493 1133 520 non
1177 481 1359 533 percepit
1390 480 1557 521 Stadios
1589 485 1764 521 mentem
1793 485 1934 522 textus

130 538 297 579 Graeci:
345 537 399 580 ὧν
437 536 577 586 §nagor
608 554 707 578 κατα
740 554 805 589 την
842 539 963 590 αὐτην
993 542 1109 579 θεσιν
1148 540 1235 590 ι’σην
1266 539 1399 592 ἐγγυςα
1439 554 1506 590 την
1537 536 1648 590 ὥραν
1677 554 1788 580 nocet.
1850 541 1940 581 Hoc

129 599 215 638 vult
247 599 519 647 Ptolemaeus,
554 603 740 638 manente
773 598 850 638 fixo
884 599 1129 652 hemicyclio,
1165 612 1423 652 quaecunque
1455 611 1551 650 pars
1583 598 1738 639 zodiaci
1767 598 1811 639 in
1839 599 1938 640 illud

126 658 298 707 incidat,
353 657 509 710 aequali
555 657 742 696 horarum
785 657 1035 710 propriarum
1080 671 1152 698 seu
1192 658 1470 709 temporalium
1514 670 1677 698 numero
1722 658 1867 699 abesse
1914 672 1940 698 a

127 717 368 766 meridiano,
417 722 479 765 ut,
521 715 600 755 etsi
631 712 690 756 0⁰
721 726 764 759 {e
797 717 1041 757 constitutus
1082 717 1121 757 in
1153 717 1227 757 tali
1257 718 1335 757 fixo
1379 716 1637 771 hemicyclio,
1683 729 1940 770 quaecunque

126 789 223 828 pars
257 775 412 816 zodiaci
446 775 554 815 absit
586 789 610 814 a
640 775 860 815 meridiano
892 776 1027 827 plures
1060 776 1181 816 horas
1213 776 1551 828 aequinoctiales,
1585 789 1705 829 quam
1737 775 1772 817 si
1803 773 1863 817 0⁰
1895 779 1941 827 ,δ’

127 848 173 874 eo
208 836 500 883 transferatur,
540 839 674 874 tamen
709 834 886 875 vicissim
927 835 1049 874 horae
1089 831 1334 887 temporales
1372 835 1500 887 ipsius
1533 831 1593 875 0⁰
1623 845 1667 878 Θ
1699 840 1816 876 tanto
1847 835 1938 875 lon-

128 894 260 946 giores
301 895 383 934 sint
424 893 530 933 horis
567 893 856 945 temporalibus
897 893 1021 946 ipsius
1054 890 1116 934 0⁰
1146 898 1212 945 ὅ,
1252 908 1330 947 qua
1365 894 1522 946 ratione
1563 893 1728 934 tandem
1759 894 1941 947 aequalis
1982 899 1987 903 ”

127 958 192 994 est
223 953 407 1005 utrinque
452 953 638 992 horarum
682 952 952 1005 inaequalium
995 966 1194 994 numerus.
1258 954 1352 993 Vox
1395 952 1499 1004 ἰση·νΔ
1523 953 1587 993 hic
1631 952 1823 1005 intelligit
1861 965 1941 993 non

125 1028 252 1062 μηκει,
300 1013 371 1053 sed
413 1011 594 1062 ἀριθμῳ,
640 1012 765 1051 multo
809 1012 939 1052 minus
984 1011 1216 1064 ἰσημερινην.
1290 1012 1478 1053 Stadius:
1525 1012 1832 1065 „Aequatorem
1872 1011 1944 1052 illa

126 1072 269 1124 ubique
303 1072 551 1123 temporibus
583 1071 859 1122 praetergredi
892 1072 1140 1123 aequalibus,
1175 1072 1382 1112 zodiacum
1413 1071 1598 1123 partibus
1618 1071 1940 1124 inaequalibus.“

125 1130 203 1171 Est
246 1131 306 1170 ita
337 1143 412 1170 non
446 1135 601 1171 tantum
646 1130 684 1170 in
719 1130 901 1170 doctrina
940 1130 1132 1171 rationali
1163 1131 1367 1180 domuum,
1414 1131 1486 1171 sed
1518 1131 1640 1172 etiam
1683 1130 1723 1171 in
1757 1130 1942 1171 doctrina

125 1190 375 1230 Ptolemaica
407 1190 685 1230 directionum.
750 1188 856 1235 Quid
889 1203 984 1229 vero
1018 1190 1249 1230 subaudivit
1280 1189 1475 1231 Stadius?
1536 1190 1602 1230 An
1630 1189 1708 1242 ipsi
1734 1189 1844 1230 *idem
1877 1193 1942 1230 est

126 1249 405 1302 praetergredi·
436 1254 478 1288 et
508 1248 718 1301 intercipi?
779 1249 867 1289 Hoc
900 1249 1045 1289 fuisset
1077 1250 1128 1289 ad
1160 1255 1297 1290 votum
1330 1249 1484 1295 Stadii,
1525 1248 1561 1289 si
1593 1249 1786 1301 scriptum
1818 1253 1942 1297 esset,
1976 1291 1981 1294 ,

129 1309 319 1361 aequales
354 1321 470 1348 arcus
504 1308 734 1359 aequatoris
766 1307 871 1348 inter
890 1307 985 1348 bina
1017 1313 1058 1348 et
1077 1309 1173 1348 bina
1191 1308 1430 1362 hemicyclia
1461 1307 1657 1360 intercipi,
1691 1307 1845 1348 zodiaci
1875 1307 1941 1347 in-

129 1368 333 1420 aequales.
396 1367 488 1407 Non
532 1372 666 1407 autem
697 1362 772 1407 hoc
818 1367 916 1407 dicit
946 1367 1224 1417 Ptolemaeus,
1269 1368 1341 1407 sed
1371 1367 1470 1407 illud
1501 1366 1685 1420 utrinque
1718 1379 1939 1408 commuue.

126 1427 334 1467 Breviter:
378 1427 425 1466 de
458 1430 569 1466 motu
600 1426 796 1478 loquitur,
839 1426 931 1478 quia
961 1427 1000 1466 in
1035 1427 1254 1467 directione
1285 1431 1492 1476 versatur,
1532 1439 1620 1467 cum
1653 1425 1944 1472 doctrinado-

128 1499 259 1526 muum
292 1486 346 1525 sit
379 1486 426 1525 de
460 1485 553 1525 situ.
619 1484 797 1537 Colliges
829 1486 903 1526 hoc
935 1485 1039 1534 inde,
1074 1486 1168 1539 quia
1198 1486 1377 1526 nominat
1407 1499 1599 1539 χρονους,
1632 1485 1698 1538 qui
1729 1489 1825 1525 sunt
1842 1497 1941 1537 par-

130 1550 192 1584 tes
228 1545 470 1597 aequatoris.
533 1543 607 1584 Ait
638 1544 771 1597 igitur,
808 1550 1066 1597 aequatorem
1088 1545 1323 1597 aequalibus
1349 1545 1523 1584 transire
1549 1543 1821 1596 temporibus,
1844 1549 1944 1596 puta

131 1603 215 1644 suis
247 1603 442 1656 propriis,
475 1603 680 1643 zodiacum
713 1603 1012 1656 inaequalibus,
1045 1609 1144 1656 puta
1176 1617 1254 1644 non
1286 1603 1389 1652 suis,
1423 1603 1494 1643 sed
1527 1603 1689 1651 alienis,
1735 1601 1945 1655 aequatori
1976 1607 1981 1610 ”

130 1662 348 1715 inscriptis.
413 1662 579 1703 Zodiaci
612 1663 717 1702 enim
748 1662 936 1703 transitio
969 1663 1078 1703 nulla
1108 1676 1151 1702 se
1184 1663 1274 1715 ipsa
1293 1662 1457 1703 metitur
1489 1666 1685 1715 tempora,
1719 1661 1814 1714 quia
1833 1674 1937 1703 sem-

130 1735 202 1774 per
235 1727 275 1761 et
307 1722 450 1774 ubique
483 1721 705 1773 inaequalis
733 1727 810 1762 est.
875 1721 1062 1762 stadius:
1101 1723 1346 1771 „Praeterea
1373 1721 1508 1773 spatia
1552 1721 1656 1762 inter
1680 1720 1944 1762 meridianum

136 1786 178 1820 et
222 1781 470 1821 horizontem
510 1779 748 1820 intermedia
792 1794 864 1833 per
895 1781 1128 1833 inaequales
1161 1781 1282 1821 horas
1326 1781 1572 1822 mensurat.“
1637 1779 1810 1820 Omnino
1842 1778 1943 1820 Sta-

133 1840 220 1879 dius
254 1840 387 1879 animo
419 1843 604 1879 versatur
636 1840 675 1879 in
710 1839 989 1880 distributione
1023 1841 1228 1888 domuum,
1267 1840 1526 1880 Ptolemaeus
1563 1839 1603 1879 in
1643 1838 1944 1892 dispensatione

131 1904 323 1939 motuum.
385 1899 478 1940 Non
517 1897 680 1937 metitur
725 1898 860 1950 spatia
892 1899 1170 1947 Ptolemaeus,
1219 1899 1290 1939 sed
1328 1904 1460 1938 motus
1501 1898 1676 1950 partium
1706 1897 1861 1938 zodiaci
1893 1897 1944 1937 ab

133 1958 340 1997 horizonte
373 1957 413 1996 in
445 1956 719 2006 meridianum,
753 1962 795 1996 et
825 1957 989 1997 metitur
1022 1957 1178 2009 quidem
1217 1958 1409 2009 cujusque
1440 1956 1577 2008 puncti
1607 1956 1764 1996 zodiaci
1794 1960 1946 1996 motum

134 2017 301 2056 seorsim
341 2015 573 2068 aequalibus
615 2015 725 2055 horis
765 2016 1065 2067 temporalibus.
1126 2016 1218 2056 Non
1251 2016 1354 2055 enim
1393 2015 1534 2056 tribuit
1574 2014 1770 2067 principio
1811 2014 1945 2055 cancri

133 2075 355 2126 longiorem
392 2074 533 2114 horam
573 2073 612 2114 in
646 2079 755 2123 ortu,
801 2074 1023 2114 breviorem
1064 2074 1103 2114 in
1135 2075 1374 2123 meridiano,
1421 2074 1492 2114 sed
1531 2074 1754 2127 aequaliter
1786 2074 1946 2126 longam

133 2133 340 2185 utrinque;
385 2133 631 2173 diversorum
663 2146 759 2173 vero
790 2137 1026 2185 punctorum
1058 2134 1231 2182 zodiaci,
1277 2146 1355 2173 non
1395 2133 1671 2182 antisciorum,
1713 2137 1847 2173 motus
1878 2132 1944 2172 iu-

73 2224 76 2229 ,
135 2192 367 2244 aequalibus
399 2192 561 2231 metitur
591 2191 713 2232 horis.
776 2192 925 2232 Verius
959 2197 999 2232 et
1029 2193 1189 2244 proprie
1228 2189 1358 2244 magis
1398 2192 1588 2245 cujusque
1620 2191 1759 2244 puncti
1788 2191 1944 2232 zodiaci

133 2256 285 2291 motum
317 2251 367 2291 ab
398 2250 605 2290 horizonte
637 2251 677 2290 in
709 2251 934 2296 meridiem,
980 2252 1063 2292 sive
1097 2252 1238 2304 longus
1271 2252 1342 2300 sit,
1391 2252 1476 2291 sive
1515 2251 1671 2295 brevis.
1715 2250 1942 2303 aequaliter

136 2309 341 2350 distribuit
383 2310 421 2349 in
459 2314 597 2361 partes
640 2323 735 2359 sex,
771 2324 869 2363 quas
903 2311 1083 2363 appellat
1113 2311 1232 2351 horas
1260 2311 1519 2363 temporales.
1584 2309 1774 2352 Stadius:
1811 2309 1944 2362 „quod

136 2368 288 2420 arguit,
334 2369 444 2409 illum
482 2382 558 2408 non
592 2369 778 2409 divisisse
811 2370 1018 2410 zodiacum
1050 2370 1283 2425 aequalibus
1317 2369 1483 2421 spatiis,
1528 2369 1610 2409 sed.
1639 2368 1940 2421 aequatorem.“

136 2427 235 2467 Tam
273 2441 365 2468 vere
398 2428 472 2468 hoc
506 2427 672 2468 Stadius
716 2429 849 2480 arguit
887 2442 936 2468 ex
968 2429 1151 2469 doctrina
1190 2428 1451 2469 directionum
1493 2441 1613 2480 super
1654 2428 1837 2468 doctrina
1868 2427 1943 2466 do*-

135 2500 286 2535 muum,
321 2500 438 2539 quam
470 2500 562 2526 vere
596 2487 698 2527 alius
731 2488 874 2540 aliquis
906 2488 1083 2528 indidem
1115 2493 1304 2540 argueret
1341 2500 1459 2540 super
1491 2487 1770 2528 distributione
1803 2485 1943 2538 signo-

136 2559 243 2584 rum:
279 2546 371 2597 quia
402 2546 455 2585 ibi
483 2546 558 2586 loci
594 2547 848 2586 Ptolemaeus
882 2560 958 2586 non
991 2547 1120 2599 magis
1152 2548 1239 2599 agit
1270 2547 1318 2586 de
1352 2546 1545 2594 domibus,
1579 2558 1697 2598 quam
1733 2545 1782 2584 de
1803 2543 1943 2596 signis,

141 2604 179 2643 h.
215 2617 248 2643 e.
280 2605 398 2655 plane
432 2605 528 2644 nihil
563 2606 610 2644 de
643 2606 692 2645 iis
725 2607 822 2658 agit.
886 2607 972 2646 Nec
1005 2606 1107 2646 enim
1139 2606 1346 2646 zodiacum
1387 2618 1460 2645 nec
1505 2609 1761 2657 aequatorem
1801 2602 1946 2643 dividit

138 2663 369 2714 aequalibus
392 2664 547 2714 spatiis,
582 2664 653 2704 sed
673 2670 826 2705 motum
846 2665 1156 2717 uniuscujusque
1180 2664 1317 2716 puncti
1343 2664 1510 2711 zodiaci.
1574 2662 1761 2704 stadius:
1797 2661 1944 2710 „Alio-

140 2722 206 2773 qui
252 2722 486 2772 aequalibus
530 2723 639 2762 horis
683 2723 783 2764 haec
828 2724 1013 2764 deductio
1065 2723 1221 2763 absolvi
1270 2728 1449 2775 poterat,
1500 2734 1577 2762 non
1626 2720 1942 2773 inaequalibus.“

139 2779 337 2831 Agnoscit
371 2779 557 2830 stadius,
597 2782 871 2822 Ptolemaeum
910 2783 948 2822 in
989 2783 1226 2822 deductione
1265 2780 1437 2821 versari:
1480 2780 1574 2832 quid
1611 2779 1734 2831 igitur
1771 2778 1945 2819 somniat

141 2839 189 2878 de
222 2837 502 2878 distributione
537 2841 746 2880 domuum?
807 2842 862 2881 Et
892 2841 1103 2880 manifeste
1135 2841 1295 2893 ignorat
1325 2852 1488 2891 scopum
1509 2838 1744 2886 Ptolemaei,
1778 2850 1848 2876 cur
1878 2836 1944 2877 in-

141 2896 331 2948 aequales
363 2897 482 2936 horas
516 2904 691 2950 usurpet.
755 2900 953 2939 Identitas
986 2899 1170 2939 nimirum
1202 2899 1354 2939 numeri
1375 2898 1573 2945 horarum,
1605 2909 1682 2936 non
1704 2895 1942 2948 aequalium,

141 2956 212 2995 sed
246 2955 524 3006 inaequalium,
560 2958 732 2998 collocat
764 2959 927 2998 diversa
957 2958 1112 2999 zodiaci
1143 2963 1292 3010 puncta¹
1322 2956 1361 2996 in
1383 2956 1521 2997 eodem
1551 2955 1696 2995 circulo
1716 2954 1943 3006 positionis.

260 3013 446 3054 stadius:
495 3015 587 3063 „Ad
619 3016 732 3063 haec,
765 3017 831 3057 ubi
862 3017 1120 3057 Ptolemaeus
1152 3017 1200 3056 de
1231 3015 1521 3068 prorogatoriis
1552 3013 1638 3065 agit
1669 3013 1780 3058 locis,
1812 3013 1942 3053 unde-

143 3072 287 3113 cimam
319 3072 475 3113 domum
508 3075 566 3114 ait
597 3075 807 3127 hexagono
842 3076 1020 3129 aspicere
1053 3076 1336 3129 horoscopum,
1369 3074 1424 3113 M.
1461 3072 1507 3114 C.
1542 3072 1835 3128 quadrangulo,
1867 3083 1942 3113 no-
