2028 3242
798 61 839 92 de
864 60 959 92 rebus
985 60 1198 102 astrologicis.
1816 55 1901 100 349

98 164 279 212 quatu?-
301 165 424 209 aliquid
448 166 536 199 aliud
561 167 605 199 ad
629 176 690 198 nos
713 165 908 204 redundare,
934 165 985 198 vel
1009 166 1038 198 si
1061 164 1138 208 quid
1161 165 1343 207 proveniat,
1368 163 1403 196 id
1426 163 1522 201 lucis,
1547 163 1599 196 vel
1616 164 1758 196 mxime
1785 163 1901 197 caloris

98 212 257 249 bado
280 213 326 247 ad
347 223 409 246 not
431 215 628 257 pertingere.
679 213 887 256 Astu-elogia
918 221 993 245 vero
1017 213 1221 262 experientia
1244 216 1405 248 testatur,
1444 210 1597 252 planetas
1621 211 1681 243 snb
1706 210 1900 244 Ten-s·-

98 264 243 300 m.
266 270 366 304 quum
386 270 451 294 aec
474 261 584 294 lumen
609 270 672 294 nec
696 261 839 294 calorem
863 266 958 293 tuum
982 259 1027 292 ad
1051 259 1110 292 n'os
1134 259 1324 297 demittant,
1349 257 1484 291 vitalem
1502 262 1537 289 et
1553 258 1782 291 abscissoriam
1806 267 1902 290 suam

97 308 261 347 vitutem,
283 312 323 341 nt
346 312 381 341 et
405 308 486 341 alios
511 308 649 341 effectus
673 316 835 342 exercere.
885 306 1038 349 Sequitur
1051 307 1163 349 igitur,
1188 310 1222 338 et
1244 310 1377 348 praeter
1399 305 1506 337 lucem
1531 309 1566 337 et
1584 305 1726 337 calorem
1745 305 1901 338 astralem

99 354 183 389 Solis
207 355 320 388 mnas
345 356 446 388 etiam
471 355 553 388 alias
577 357 713 388 virtutes
737 353 884 390 habere.
921 362 1008 396 quae
1041 362 1104 386 nec
1136 352 1202 385 luci
1236 362 1299 385 nec
1332 353 1431 384 calori
1469 351 1598 384 illarum
1626 357 1703 384 sunt
1728 352 1898 395 alligatae.

98 402 286 444 Qunam.
309 411 389 435 mnu
412 403 500 435 solus
525 402 615 436 calor
638 401 724 435 Solia
748 401 894 434 vivificus
918 405 1010 433 motu
1034 409 1094 432 suo
1119 409 1231 433 annno
1254 401 1366 432 omnia
1389 403 1532 441 vegetet,
1557 399 1634 441 quid
1658 400 1758 442 igitur
1783 400 1901 432 stellae

97 450 272 497 agant'ad
295 454 478 483 ceterarum
500 459 608 482 rerum
633 446 940 482 conservationem?
988 447 1136 487 Necesse
1160 447 1233 484 erit.
1258 445 1322 479 illis
1347 446 1449 479 aliam
1473 447 1581 478 inesse
1606 447 1670 478 vim
1696 452 1732 478 et
1756 448 1901 479 animam

97 497 254 531 endem
277 497 453 534 ocultam,
477 506 576 540 quam
599 496 831 530 imenaibiliter
847 495 1092 541 communicant
1106 494 1203 527 rebus
1219 495 1349 528 creatis.
1386 492 1470 525 Solis
1488 498 1622 525 externo
1653 493 1763 526 calore
1791 496 1903 526 omnia

303 555 313 582 ς
346 545 402 587 qui
424 544 454 576 si
476 553 542 576 non
566 544 782 586 percipiatur,
807 542 887 575 nihil
914 541 1004 575 calor
1026 542 1175 575 internus
1200 546 1234 574 et
1258 541 1406 575 occultus
1430 541 1540 572 facere
1563 544 1689 582 potem
1727 541 1776 573 sic
1801 545 1836 573 et
1860 541 1902 573 de

97 550 296 625 mnu
437 591 449 628 ,“
473 595 509 623 et
532 600 593 624 eae
618 595 787 623 externum
813 590 956 623 calorem
981 599 1047 621 non
1071 589 1207 627 habent,
1234 599 1312 632 ergo
1336 597 1399 621 nec
1424 588 1489 619 vim
1513 587 1700 620 vivificandi
1717 587 1786 620 Soli
1812 597 1898 620 com-

97 646 253 675 nmen.
291 645 430 671 noco-se
455 642 506 671 est
528 639 652 682 igitur,
694 637 843 671 occultas
867 637 930 669 illis
948 638 1069 669 inesse
1093 637 1179 669 vires
1206 640 1242 669 et
1264 635 1492 671 influentiam,
1533 643 1634 677 quam
1658 635 1901 668 communicent

97 686 230 719 affl
277 685 364 729 Ergo
386 685 506 718 falsum
528 685 604 722 hoc,
628 685 743 718 stellas
766 684 840 718 luce
866 688 900 717 et
923 689 1016 717 motu
1039 693 1140 727 agere
1164 683 1281 721 solum,
1305 683 1399 715 nulla
1423 682 1493 715 alia
1515 682 1656 715 ratione.

213 767 482 820 Keplerus:
524 768 587 808 An
620 768 730 807 calor
762 772 803 807 et
833 767 902 808 lux
929 766 985 806 sit
1013 765 1237 806 vehiculum
1258 765 1447 805 virtutum
1466 764 1723 804 sideralium?
1754 765 1897 805 Nonne

97 825 231 869 omnia
262 825 543 867 dilucidissime
576 826 743 867 distinxi
775 825 813 866 in
847 823 1143 866 fundamentis?
1203 824 1263 864 Tu
1294 835 1389 864 vero
1421 823 1517 864 mihi
1549 823 1751 876 negotium
1783 824 1899 864 exbi-

97 884 169 927 bes
199 898 276 927 uon
307 885 589 926 necessarium.
650 883 860 932 Quatenus
897 884 964 924 lux
1008 889 1071 924 est
1114 883 1338 924 vehiculum
1379 882 1563 932 illarum,
1611 895 1691 923 non
1726 890 1819 924 sunt
1860 883 1901 923 in

97 955 243 996 magna
273 944 470 984 varietate
501 945 566 985 vel
597 943 888 984 inconstantia:
931 955 1032 996 quae
1064 955 1158 983 vero
1189 941 1228 982 in
1261 942 1348 982 dies
1378 947 1601 991 mutantur,
1634 953 1776 994 nempe
1808 942 1897 995 ple-

96 1015 220 1056 raque
250 1014 398 1053 eorum,
431 1016 533 1056 quae
564 1003 820 1044 considerant
839 1002 1046 1054 astrologi,
1082 1007 1174 1042 sunt
1204 1013 1327 1054 opera
1352 1013 1429 1041 non
1450 1001 1669 1050 stellarum,
1704 1001 1774 1041 sed
1802 1002 1899 1042 sub-

95 1062 290 1103 lunarium
323 1062 526 1110 mentium,
559 1075 660 1116 quae
692 1061 924 1114 corporibus
954 1061 1208 1114 praesident,
1239 1065 1281 1101 et
1311 1066 1511 1101 astrorum
1542 1059 1688 1101 sitibus
1721 1061 1898 1112 configu-

96 1120 395 1175 rationibusque
428 1121 575 1162 mutuis
606 1126 814 1161 moventur
846 1126 890 1160 ut
921 1120 1106 1172 objectis.
1167 1120 1253 1160 Nec
1273 1115 1474 1160 Saturnus
1506 1124 1571 1160 est
1601 1118 1807 1160 abscissor
1826 1132 1902 1159 sua

98 1186 255 1228 natura,
287 1180 361 1220 sed
388 1180 674 1232 imaginatione
707 1179 913 1220 facultatis
934 1179 1069 1220 vitalis
1101 1179 1140 1219 in
1159 1184 1255 1219 nato
1286 1178 1456 1227 homine,
1491 1190 1592 1231 quae
1625 1179 1899 1219 characterem

98 1239 315 1280 coelestem
345 1239 384 1279 in
419 1252 508 1279 esse
540 1246 583 1280 et
613 1239 696 1280 fieri
728 1238 883 1287 (radice
915 1244 957 1278 et
987 1238 1227 1286 directione)
1265 1237 1304 1278 in
1336 1250 1380 1278 se
1412 1238 1611 1290 suscepit,
1651 1250 1816 1290 eumque
1849 1238 1898 1278 ad

97 1298 216 1338 finem
242 1298 353 1341 vitae
385 1298 638 1339 circumfert:
672 1311 748 1337 non
781 1297 964 1346 otiosum,
998 1298 1069 1337 sed
1101 1298 1231 1337 instar
1262 1297 1409 1350 objecti
1441 1297 1621 1342 alterius,
1655 1297 1705 1337 ad
1731 1309 1899 1336 manen-

97 1362 179 1397 tem
217 1362 260 1397 et
297 1357 638 1409 praescribentem
681 1357 989 1401 commotionum
1033 1356 1214 1396 vitalium
1254 1355 1495 1396 naturalium
1526 1355 1755 1396 animalium
1789 1357 1900 1408 leges

98 1421 141 1456 et
169 1414 444 1465 incitamenta,
476 1429 577 1469 quae
609 1415 810 1464 eveniunt,
843 1421 885 1455 et
914 1415 954 1455 in
987 1427 1085 1467 opus
1104 1415 1304 1467 prodeunt
1323 1414 1557 1455 salutariter
1580 1415 1644 1465 vel
1663 1415 1898 1467 perniciose,

97 1486 168 1526 pro
199 1474 384 1526 subjecta
413 1475 585 1522 materia
614 1481 657 1515 et
687 1474 1002 1515 circumstantiis
1032 1475 1218 1519 locorum,
1251 1479 1487 1527 temporum,
1520 1473 1654 1514 dietae
1680 1479 1756 1514 etc.
1811 1474 1898 1515 Ne-

97 1545 172 1585 que
203 1534 315 1574 coelo
347 1533 516 1575 virtutes
548 1534 727 1575 occultas
758 1538 801 1573 et
833 1533 1148 1583 irrationabiles,
1194 1533 1266 1574 sed
1309 1532 1469 1573 animae
1508 1532 1642 1585 potius
1684 1533 1899 1574 facultates

97 1591 282 1633 sensibus
313 1605 392 1633 uon
422 1598 583 1634 utentes
613 1593 757 1642 tribu0‚
789 1605 866 1632 non
898 1606 1002 1633 nova
1034 1593 1182 1645 specie,
1215 1592 1346 1632 sciunt
1379 1593 1483 1632 enim
1503 1604 1639 1632 omnes
1671 1592 1720 1632 de
1748 1593 1897 1632 forma-

98 1650 187 1690 trici
233 1651 447 1700 facultate,
505 1665 606 1704 qnae
649 1654 727 1691 non
766 1663 815 1691 ex
858 1652 1107 1704 praescripto
1144 1657 1279 1692 tactus
1321 1664 1396 1691 sua
1442 1651 1578 1692 munia
1629 1651 1899 1697 administrat,

94 1709 222 1750 multo
253 1709 383 1750 minus
415 1723 465 1750 ex
496 1711 664 1751 aliorum
696 1723 904 1759 sensuum,
949 1711 1021 1751 sed
1054 1723 1104 1751 ex
1141 1710 1284 1751 intima
1314 1710 1473 1751 ratione
1507 1710 1599 1750 inde
1636 1706 1664 1750 a
1695 1710 1899 1751 creatione

97 1768 175 1809 sibi
206 1769 510 1810 communicata.
556 1769 674 1816 Quod
706 1770 742 1809 si
773 1782 893 1809 sensu
926 1771 1062 1818 utitur,
1085 1775 1140 1810 ut
1159 1769 1372 1810 formatrix
1401 1769 1442 1810 in
1462 1770 1589 1809 Terra
1607 1782 1729 1810 sensu
1750 1782 1896 1819 eorum,

98 1839 200 1880 quae
242 1834 337 1868 sunt
379 1829 429 1868 de
458 1829 666 1881 praesenti
707 1829 746 1869 in
789 1829 953 1878 mundo,
999 1829 1091 1869 dum
1133 1829 1173 1868 in
1205 1829 1479 1869 subterraneis
1517 1828 1683 1881 effugiet
1714 1829 1900 1869 sensibus

97 1884 318 1935 hominum;
369 1892 413 1928 ut
454 1888 663 1928 formatrix
705 1888 848 1929 matris
898 1901 1019 1928 sensu
1056 1893 1257 1928 astrorum
1298 1888 1548 1928 redeuntium
1588 1889 1640 1928 ad
1672 1889 1794 1929 sitnm
1825 1901 1898 1929 suo

98 1944 282 1995 similem,
313 1952 422 1988 certe
454 1947 488 1987 is
521 1960 663 1987 sensus
694 1960 771 1987 non
803 1960 854 1986 ex
884 1948 1139 2000 vulgatorum
1170 1947 1339 2000 quinque
1371 1960 1532 1987 numero
1565 1947 1656 1988 erit.

214 2015 301 2056 Soli
333 2017 515 2069 equidem
546 2017 780 2068 potissimas
811 2018 942 2058 tribuo
975 2017 1014 2057 in
1035 2015 1273 2066 actionibus,
1307 2030 1408 2070 quae
1440 2024 1535 2058 sunt
1565 2018 1696 2058 stellis
1715 2018 1899 2070 propriae

99 2079 142 2114 et
171 2075 381 2126 genuinae.
442 2076 503 2116 At
532 2075 573 2114 in
604 2076 680 2116 hac
711 2077 867 2122 ratione
898 2077 1046 2129 objecti
1085 2083 1126 2117 et
1157 2077 1379 2117 animorum
1424 2078 1548 2117 ceteri
1578 2078 1768 2129 planetae
1799 2090 1900 2131 pene

97 2133 185 2184 pari
212 2145 336 2185 passu
366 2146 456 2174 cum
488 2133 583 2174 Sole
615 2135 833 2183 ambulant,
866 2141 911 2175 ut
941 2137 1070 2188 majus
1102 2137 1156 2176 sit
1186 2142 1427 2176 momentum
1459 2136 1498 2176 in
1532 2134 1674 2187 (5504,
1709 2149 1827 2189 quam
1859 2137 1898 2176 in

100 2189 271 2242 osffld:
316 2193 410 2244 quia
438 2193 541 2244 conj.
564 2199 641 2232 -est
669 2194 910 2234 modificatio
942 2195 1166 2246 objectiva,
1199 2195 1331 2234 nitens
1364 2208 1440 2234 non
1474 2203 1616 2235 natura
1646 2197 1898 2247 planetarum

100 2251 328 2298 relatorum,
363 2251 433 2290 sed
467 2251 751 2302 imaginatione
784 2253 1030 2303 geometrica
1060 2254 1272 2300 mentium,
1307 2266 1408 2304 quae
1439 2254 1673 2306 praesident
1702 2255 1898 2307 patienti-

102 2309 175 2350 bus
207 2309 452 2362 corporibus.
514 2310 626 2348 Haec
658 2311 809 2350 centies
842 2311 879 2349 in
915 2311 1040 2350 literis
1072 2312 1125 2351 ad
1157 2312 1214 2350 Te
1246 2312 1424 2351 invenies
1456 2312 1669 2352 inculcata.

193 2401 440 2434 Fabricius:
474 2401 551 2434 Jam
576 2401 618 2433 ad
644 2402 720 2434 alia.
766 2403 929 2441 Concedo,
954 2403 1153 2436 Mercurium
1177 2413 1257 2444 prae
1283 2404 1355 2436 aliis
1380 2405 1414 2436 in
1438 2414 1496 2436 suo
1520 2409 1611 2437 motu
1629 2415 1701 2438 esse
1725 2406 1896 2439 incertum.

98 2449 194 2481 Facit
222 2449 285 2481 hoc
317 2459 357 2481 ex
380 2453 473 2490 parte
506 2449 698 2480 observandi
722 2450 992 2488 incommoditas,
1028 2451 1238 2483 latitudinum
1261 2451 1431 2493 implicata
1455 2453 1598 2484 varietas
1624 2451 1684 2485 dcc.
1733 2453 1900 2486 Videntur

101 2500 211 2528 autem
235 2500 304 2528 tres
327 2496 537 2527 latitudinum
563 2496 689 2537 species
714 2497 757 2528 ad
782 2497 864 2529 duas
890 2495 957 2537 (vel
982 2499 1082 2529 etiam
1106 2507 1207 2529 unam
1232 2498 1266 2529 in
1281 2496 1430 2537 Venere)
1460 2499 1629 2531 commode
1653 2500 1767 2532 reduci
1782 2510 1899 2542 posse;

99 2544 133 2574 in
156 2543 361 2585 longitudine
386 2553 512 2584 quoque
537 2543 718 2574 faciliorem
742 2544 828 2575 viam
861 2545 998 2576 inveniri
1022 2555 1115 2586 posse
1140 2555 1206 2576 non
1231 2545 1353 2577 dubito.
1405 2545 1487 2578 Cum
1511 2546 1644 2578 reflexio
1670 2551 1704 2579 et
1728 2547 1899 2579 inclinatio

101 2590 239 2631 epicycli
264 2590 447 2632 aequaliter
471 2590 521 2621 vel
546 2591 829 2631 proportionaliter
853 2596 1006 2623 crescant
1030 2596 1065 2624 et
1088 2592 1302 2629 decrescant,
1335 2593 1435 2625 facile
1458 2597 1571 2634 patet,
1606 2603 1708 2625 unam
1731 2595 1900 2636 utriusque

101 2645 236 2668 cansam
262 2646 344 2668 esse.
393 2636 587 2679 hagineris
613 2637 671 2668 tibi
696 2638 877 2678 epicyclum
902 2638 1055 2670 Mercurii
1089 2637 1193 2678 (more
1219 2639 1422 2672 Ptolemaico
1447 2641 1498 2672 vel
1524 2640 1774 2680 Tychoniano),
1808 2643 1899 2682 cujus

100 2683 191 2715 linea
214 2684 355 2726 apogaei
380 2693 454 2715 cum
470 2688 539 2715 toto
565 2684 710 2725 epicyclo
734 2685 936 2725 paralleliter
959 2686 1011 2718 vel
1025 2687 1338 2727 perpendiculariter
1362 2688 1420 2728 ipsi
1440 2689 1580 2730 apogaei
1599 2689 1775 2720 eccentrici
1791 2689 1900 2721 lineae

100 2734 271 2762 moveatur
294 2740 432 2772 semper,
458 2731 553 2772 idque
581 2731 624 2762 ad
648 2736 772 2762 motum
795 2731 881 2764 Solis
906 2742 1062 2764 annuum.
1112 2733 1293 2766 Mercurius
1318 2739 1489 2766 moveatur
1512 2736 1546 2766 in
1564 2736 1723 2776 epicyclo,
1747 2740 1786 2767 ut
1802 2735 1900 2768 debet

97 2779 193 2817 juxta
216 2786 311 2809 suam
334 2778 514 2818 periodum.
563 2778 634 2810 Hoc
659 2778 754 2810 modo
779 2778 859 2815 fiet,
894 2784 931 2811 ut
955 2789 1041 2822 quae
1066 2786 1138 2812 erat
1163 2782 1308 2822 superior
1338 2791 1414 2823 pars
1440 2782 1576 2822 epicycli
1615 2781 1744 2822 (centro
1770 2785 1840 2823 eJ'us
1863 2784 1897 2814 in

103 2833 189 2866 auge
215 2825 389 2856 eccentrici
416 2824 630 2864 constituto),
668 2826 701 2856 in
726 2826 818 2857 nodis
843 2826 892 2857 vel
919 2828 1080 2868 quadrato
1107 2830 1246 2870 apogaei
1271 2830 1447 2860 eccentrici
1472 2830 1534 2869 ipsi
1559 2829 1730 2870 eclipticas
1755 2831 1898 2866 uniatur,

103 2875 137 2902 et
161 2875 278 2902 contra
308 2872 471 2903 maximae
501 2872 684 2915 reflexionis
716 2878 873 2913 punctum
903 2873 1042 2906 latei-ale
1078 2873 1128 2914 (in
1153 2885 1301 2918 apogaeo
1327 2877 1502 2908 eccentrici
1534 2877 1712 2908 constituto
1736 2875 1898 2918 epicyclo)

101 2922 181 2949 tunc
205 2917 394 2950 devolvatur
419 2919 463 2950 ad
486 2919 607 2950 lineam
631 2919 730 2951 medii
753 2924 859 2952 motus
878 2919 961 2952 Solis
987 2921 1030 2953 ad
1054 2922 1156 2954 nodos
1178 2923 1379 2960 traductam,
1405 2932 1489 2964 quae
1508 2927 1541 2954 et
1557 2924 1693 2965 epicycli
1714 2933 1899 2967 apogaeum

103 2964 199 3006 vulgo
226 2965 399 3002 statuitun
439 2970 473 2997 et
498 2967 545 2997 sic
569 2966 753 2998 ressexionis
777 2972 952 3008 punctum,
978 2969 1079 3010 quod,
1107 2970 1250 3011 epicyclo
1274 2971 1308 3001 in
1336 2971 1511 3002 eccentrici
1535 2978 1683 3013 apogaeu
1709 2972 1898 3008 constituto,

103 3014 175 3041 erat
198 3011 232 3041 in
255 3011 411 3043 lateribus
437 3013 596 3054 epicycli‚
632 3023 718 3046 nunc
743 3014 775 3045 in
801 3015 924 3047 lineam
948 3016 1046 3048 medii
1080 3021 1187 3049 motus
1214 3016 1297 3049 Solis
1321 3017 1467 3055 incidat,
1504 3022 1544 3058 et
1561 3018 1608 3050 sic
1632 3019 1809 3051 maximam
1833 3018 1898 3050 illic

101 3054 349 3092 inclinationem
370 3058 483 3091 faciat.
