2028 3242
146 68 235 112 224
948 68 1166 101 Prooemium.

149 177 192 208 D.
215 176 345 208 Curtius
364 185 437 207 eum
458 176 578 208 diserte
598 175 790 216 appellaret,
819 178 853 206 et
868 174 1066 217 plagiarium
1084 184 1195 207 meum
1211 175 1344 216 insuper
1365 174 1560 207 intitularet.
1593 173 1660 208 Sed
1677 175 1811 211 accidit,
1835 178 1873 207 ut
1889 174 1967 208 dum

150 224 302 255 studiosis
328 223 521 264 quibusdam
548 232 588 254 ex
612 223 695 254 meis
719 222 808 254 hunc
827 221 973 254 laborem
997 222 1180 264 corrigendi
1201 231 1316 263 operas
1335 220 1590 265 typographicae
1612 223 1648 256 in
1664 223 1727 255 isto
1747 222 1967 266 Epistularum

148 271 227 302 libro
246 270 531 309 concredidissem,
563 274 662 312 atque
687 270 750 301 illis
769 270 955 312 originalia,
979 273 1076 310 prout
1099 270 1323 311 manuscripta
1348 273 1459 309 erant,
1485 269 1704 307 tradidissem,
1729 270 1778 303 illi
1800 270 1882 303 nihil
1905 271 1965 302 im-

149 318 344 349 mutandum
371 317 540 357 duxerint,
573 327 681 359 neque
705 327 758 349 me
782 317 890 359 magis
915 317 1006 349 seriis
1032 316 1209 349 distentum
1234 317 1444 358 interpellare
1469 318 1542 349 ausi
1565 318 1652 354 sint,
1679 317 1818 362 ideoque
1844 318 1967 354 omnia,

150 370 247 406 prout
273 365 481 407 autographa
504 365 696 402 habebant,
731 365 870 406 imprimi
893 365 1123 406 permiserint,
1158 366 1269 406 sicque
1293 365 1422 397 incuria
1445 365 1590 406 quadam
1620 365 1746 398 facmm
1777 369 1848 404 est,
1882 365 1968 407 quod

149 413 250 454 ipsius
281 422 402 444 nomen
435 422 508 444 cum
541 412 695 454 epithetis
727 412 884 453 appositis
914 412 1012 443 isthic
1044 415 1211 444 retentum
1241 413 1293 443 sit.
1342 413 1396 444 An
1420 422 1496 444 vero
1520 412 1606 445 haec
1630 412 1797 446 sufficiens
1821 417 1856 446 et
1875 414 1969 454 iusta

149 461 231 491 satis
257 460 298 491 sit
324 469 445 499 causa,
478 464 549 491 tam
574 470 674 501 supra
699 469 828 491 omnem
852 459 985 491 modum
1011 468 1137 491 vesana
1161 459 1291 491 malitia
1313 461 1346 491 in
1371 469 1425 491 me
1451 463 1485 492 et
1508 469 1616 498 meos,
1653 459 1802 503 adeoque
1825 461 1968 502 patriam

149 508 254 548 ipsam
281 507 519 544 debacchandi,
545 506 634 540 brevi
660 507 883 548 dispiciemus.
933 506 1100 539 Potuisset
1126 507 1275 548 equidem
1301 507 1341 538 de
1367 507 1497 548 injuria,
1525 508 1552 539 si
1577 517 1643 550 qua
1666 508 1751 540 foret
1775 508 1835 540 sibi
1859 507 1966 544 illata,

151 555 305 596 conqueri
331 558 429 609 atque
454 554 542 587 hanc
567 555 665 587 licitis
697 554 812 586 mediis
847 554 993 591 amoliri,
1028 564 1095 586 non
1129 558 1240 586 autem
1266 564 1306 586 ex
1338 554 1475 587 effraeni
1500 555 1668 588 vindictae
1693 555 1874 596 cupiditate
1898 558 1967 586 tam

149 603 322 657 impotenti
347 603 455 634 animo
481 603 599 639 furere,
626 602 799 643 omniaque
824 601 922 643 longe
949 601 1113 633 deteriora
1136 601 1284 634 reddere.
1333 601 1450 643 Neque
1474 606 1588 634 tamen
1613 607 1675 640 est,
1706 612 1765 635 cur
1789 602 1965 642 existimes,

149 649 235 690 quod
259 650 294 680 in
319 650 417 681 istum
442 654 637 692 nugatorem
662 650 723 681 sim
749 650 960 685 commotior,
987 658 1085 704 quam
1109 658 1205 681 meae
1231 649 1433 681 conditiones
1459 649 1656 689 admittant,
1684 654 1722 682 ut
1746 654 1784 682 tu
1808 647 1966 690 (candido

150 701 263 728 tamen
290 694 416 737 animo)
451 697 571 735 infers,
609 707 675 729 non
708 696 795 729 enim
822 696 974 728 Caesaris
1000 697 1050 728 ira
1084 693 1148 736 (uti
1173 696 1306 738 quidam
1332 691 1433 729 etiam
1458 697 1502 729 ad
1525 707 1579 729 me
1603 694 1806 740 perscripsit)
1832 697 1966 740 dignum

151 744 298 776 arbitror.
348 745 395 776 At
419 745 573 786 quoniam
598 748 714 777 contra
736 746 789 785 jus
815 748 849 775 et
879 743 950 782 fas,
989 747 1167 785 contraque
1200 743 1448 776 laudatissimae
1478 745 1606 785 imperii
1640 745 1889 777 constitutiones
1914 754 1967 776 me

110 827 112 830 ¹
150 792 270 832 scripto
295 791 367 833 plus
393 801 491 834 quam
524 792 650 824 famoso
679 795 816 833 praeter
848 790 978 823 omnem
1003 792 1176 823 veritatem
1203 795 1238 823 et
1260 792 1412 823 meritum
1436 801 1546 824 meum
1571 791 1789 824 dehonestare
1812 792 1968 834 perfricta

110 835 113 838 ’
150 839 255 871 fronte
281 843 419 870 conatus
445 843 511 876 est,
544 841 617 880 jure
650 848 725 870 cum
749 839 818 880 ipso
845 839 900 880 agi
926 839 1065 875 curabo,
1101 843 1200 879 atque
1215 838 1415 870 'secundum
1445 838 1537 881 leges
1570 839 1700 881 reprimi
1735 843 1770 872 et
1800 839 1967 882 castigari.

151 885 311 918 Subduxit
335 887 363 917 is
390 896 425 917 se
450 886 562 928 Praga
585 888 618 918 in
645 885 796 918 Silesiam
822 886 920 927 paulo
944 890 1019 926 post
1042 895 1152 917 meum
1177 885 1286 918 isthuc
1313 895 1504 922 accessum,
1536 886 1741 928 sed‘nuper,
1766 887 1815 918 uti
1839 887 1966 924 rescivi,

151 934 253 965 tacite
271 934 376 965 rediit.
403 933 499 965 Forte
517 934 602 975 quod
619 934 662 966 ibi
679 943 732 965 me
749 943 815 964 non
834 933 973 974 amplius
994 943 1066 965 esse
1081 933 1309 970 intellexerat;
1334 936 1371 964 at
1387 943 1486 975 quam
1506 933 1626 977 longae
1642 933 1722 966 mihi
1746 934 1813 966 sint
1836 944 1967 972 manus,

151 981 280 1012 etiamsi
304 985 435 1022 praesto
460 991 527 1013 non
552 982 612 1012 sim
626 1005 635 1019 ,
674 981 764 1013 brevi
788 981 822 1012 in
849 984 973 1012 arresto
999 981 1152 1012 detentus
1179 984 1214 1012 et
1239 984 1358 1022 postea
1381 981 1416 1013 in
1440 981 1602 1022 judicium
1625 985 1810 1023 protractus
1834 982 1968 1014 sentiet.

246 1028 411 1067 Quoniam
434 1038 510 1060 vero
534 1029 683 1071 intelligo
710 1038 750 1060 ex
774 1029 859 1064 tuis,
890 1032 925 1060 te
950 1037 1085 1069 spurcas
1111 1032 1145 1060 et
1170 1028 1322 1060 scurriles
1347 1029 1430 1060 istas
1458 1028 1592 1061 chartas
1616 1038 1683 1062 ιιοιι
1706 1029 1843 1066 vidisse,
1874 1029 1969 1061 mitto

148 1076 332 1118 exemplar,
366 1079 404 1107 ut
430 1079 463 1108 et
488 1076 528 1108 de
553 1080 613 1108 tua
645 1076 783 1117 epistola
814 1075 910 1107 isthic
940 1076 1097 1116 promtius
1129 1075 1303 1117 dispicias,
1340 1085 1380 1108 ac
1413 1080 1526 1108 cetera
1559 1076 1672 1118 qualia
1703 1077 1772 1109 sint
1802 1077 1968 1110 aestimes.

146 1123 283 1155 Videbis
308 1124 439 1165 utique,
466 1133 564 1165 quam
589 1124 727 1160 insana,
753 1123 937 1160 maledica,
965 1123 1151 1155 conviciosa
1176 1126 1210 1155 et
1235 1123 1360 1155 foetida
1384 1123 1428 1155 sit
1453 1124 1660 1166 compilatio,
1686 1133 1851 1166 quamque
1875 1133 1970 1156 suum

154 1175 302 1202 autorem
328 1172 473 1212 apprime
497 1171 656 1203 redoleat.
698 1170 958 1212 Impudentiores
984 1171 1166 1202 calumnias
1191 1180 1360 1212 nunquam
1385 1170 1469 1204 forte
1492 1171 1612 1215 legisti.
1651 1171 1839 1204 Abhorrent
1856 1171 1906 1204 ‘ab
1930 1171 1970 1203 iis

156 1227 251 1250 aures
277 1219 421 1250 omnium
446 1218 652 1250 cordatorum
678 1222 712 1250 et
735 1218 919 1259 proborum.

249 1265 373 1298 Verum
399 1266 439 1297 de
464 1267 526 1297 isto
553 1265 652 1298 effero
676 1265 760 1297 Urso
787 1265 1008 1297 Dithmarsico
1033 1264 1105 1306 plus
1132 1265 1232 1304 satis,
1258 1275 1364 1307 neque
1390 1265 1478 1298 enim
1502 1268 1553 1297 tot
1577 1275 1599 1298 a
1622 1269 1656 1298 te
1681 1266 1734 1299 vel
1757 1275 1811 1298 me
1834 1265 1969 1308 prolatis

153 1314 257 1345 verbis
283 1313 399 1356 dignus
426 1318 493 1349 est,
528 1318 562 1345 et
586 1315 613 1345 si
637 1314 744 1354 ipsum
768 1314 856 1344 intus
883 1316 915 1345 et
939 1314 973 1344 in
1000 1316 1075 1344 cute
1101 1310 1154 1352 (ut
1179 1310 1289 1353 ajunt)
1315 1322 1428 1344 nosses
1455 1310 1538 1352 (non
1561 1314 1630 1354 jam
1656 1314 1770 1356 loquor
1793 1313 1834 1345 de
1858 1314 1970 1346 scabie

156 1361 302 1397 Gallica,
329 1370 394 1402 qua
420 1361 460 1392 ob
485 1362 572 1392 vitae
598 1361 821 1402 impuritatem
846 1358 970 1400 scatet)
981 1374 992 1397 ,·
1015 1360 1103 1391 idem
1128 1369 1258 1391 mecum
1283 1361 1470 1399 testareris,
1498 1361 1562 1392 imo
1585 1362 1656 1402 Jam
1682 1361 1804 1393 dudum
1827 1364 1970 1393 testatus

154 1409 280 1440 fuisses.
331 1407 474 1440 Unicum
498 1408 616 1440 saltem
641 1408 779 1447 addam,
806 1408 1004 1449 hypotheses
1029 1411 1158 1439 nostras
1185 1407 1353 1439 asserendi
1379 1417 1499 1445 causa,
1531 1408 1611 1440 licet
1635 1409 1697 1441 hoc
1721 1409 1891 1440 minimum
1915 1408 1969 1445 sit,

154 1460 188 1487 et
211 1456 308 1498 longe
333 1455 428 1496 plura
451 1455 674 1497 validioraque
699 1456 733 1487 in
757 1459 886 1496 promtu
901 1455 1044 1487 habeam
1062 1459 1269 1496 argumenta.
1307 1455 1515 1496 Hypotheses
1540 1455 1613 1488 illas
1638 1466 1726 1489 anno
1752 1454 1847 1488 '1584
1871 1465 1894 1488 a
1916 1465 1970 1487 me

154 1504 291 1544 primum
317 1504 541 1558 excogitatas,
566 1513 647 1545 quas
671 1503 734 1534 iste
760 1503 820 1535 sibi
847 1512 999 1545 arrogare
1025 1512 1091 1533 non
1114 1506 1261 1540 veretur,
1294 1503 1395 1544 ipsius
1422 1512 1457 1534 re
1481 1511 1561 1534 vera
1591 1504 1761 1536 inventum
1793 1512 1866 1536 esse
1899 1503 1970 1546 quis

156 1550 338 1588 crediderit,
366 1551 419 1592 qui
446 1560 519 1582 eum
544 1551 618 1582 ullis
644 1551 924 1582 observationibus
950 1550 1157 1586 coelestibus,
1182 1550 1271 1581 unde
1296 1559 1402 1582 novae
1418 1549 1616 1591 hypotheses
1643 1550 1858 1588 extruendae,
1883 1560 1970 1583 nun·
2010 1560 2012 1565 ’

154 1607 252 1639 quam
278 1598 500 1631 assuefactum
526 1608 597 1630 esse
622 1597 735 1629 novit?
772 1597 840 1629 Imo
867 1598 894 1629 si
918 1599 1014 1629 unius
1039 1597 1208 1638 planetae,
1233 1598 1427 1638 praesertim
1451 1607 1470 1629 e
1494 1598 1597 1630 tribus
1611 1598 1839 1647 superioribus
1865 1606 1968 1640 appa-

154 1649 280 1677 rentem
304 1645 411 1677 locum
436 1655 493 1686 per
515 1644 603 1677 hanc
625 1645 829 1677 neotericam
846 1645 1103 1686 suppositionem
1119 1645 1300 1676 secundum
1320 1654 1433 1677 omnes
1449 1639 1728 1686 particularitates
1746 1645 1971 1678 demonstrare

154 1693 316 1734 nequierit
341 1691 406 1732 (uti
430 1694 483 1724 vix
506 1690 663 1734 poterit),
690 1693 742 1725 cui
768 1702 890 1734 quaeso
915 1692 1110 1734 intelligenti
1135 1701 1230 1723 suum
1256 1702 1328 1724 esse
1353 1693 1522 1724 inventum
1546 1692 1645 1725 fidem
1669 1692 1796 1726 faciet?

250 1739 316 1772 Sed
340 1750 406 1771 non
430 1741 485 1771 ille
510 1741 647 1778 saltem,
673 1749 786 1771 verum
811 1743 844 1770 et
870 1740 944 1776 alii,
971 1740 1048 1771 dum
1074 1749 1135 1781 ego
1160 1748 1237 1771 mea
1261 1749 1372 1780 premo
1397 1743 1496 1782 atque
1520 1740 1554 1772 in
1577 1740 1686 1773 lucem
1707 1740 1806 1774 edere
1823 1743 1969 1779 cunctor,

154 1787 241 1818 hanc
267 1788 544 1829 excogitationem
569 1788 630 1819 sibi
655 1787 834 1819 attribuere
860 1788 931 1818 ausi
956 1791 1047 1818 sunt.
1097 1787 1187 1818 Inter
1218 1796 1297 1828 quos
1330 1790 1381 1819 est
1406 1787 1523 1822 Scotus
1554 1788 1708 1830 quidam,
1742 1787 1971 1821 Duncanus

155 1835 297 1871 nomine,
323 1834 523 1867 Helmstadii
547 1834 637 1866 Med.
664 1838 698 1866 et
710 1834 829 1872 ,Math.
855 1835 1039 1875 professor,
1075 1835 1129 1874 qui
1155 1844 1229 1865 cum
1254 1834 1341 1866 hanc
1365 1835 1528 1867 rationem
1553 1845 1575 1868 a
1598 1845 1652 1868 me
1675 1836 1711 1868 in
1734 1835 1848 1879 Dania
1873 1844 1969 1868 acce-

155 1882 266 1923 pisset,
293 1891 368 1913 eam
392 1883 530 1923 primum
555 1881 725 1913 Rostochii
749 1883 902 1922 privatim
927 1882 993 1912 suis
1020 1881 1186 1922 discipulis
1212 1881 1369 1919 dictavit,
1395 1891 1458 1914 nec
1483 1892 1592 1915 meam
1617 1893 1688 1916 esse
1713 1883 1880 1916 inficiatus
1907 1886 1968 1920 est,

154 1929 213 1960 sed
237 1928 460 1969 Tychonicam
485 1929 570 1961 ultro
596 1929 783 1971 appellavit,
809 1928 895 1970 quod
918 1929 952 1959 in
977 1929 1154 1969 propinquo
1181 1938 1298 1966 essem,
1326 1933 1447 1966 eume,
1478 1931 1505 1961 si
1530 1930 1626 1962 aliter
1648 1930 1787 1971 faceret,
1813 1930 1848 1962 id
1869 1929 1971 1963 facile

152 1976 329 2008 resciscere
354 1986 448 2017 posse
474 1980 648 2009 vereretur.
701 1975 794 2008 Clam
818 1980 932 2008 tamen
956 1976 1014 2012 iis,
1041 1976 1155 2016 quibus
1179 1976 1322 2008 maxime
1346 1976 1488 2014 fidebat,
1525 1978 1692 2019 discipulis
1716 1979 1751 2010 in
1775 1987 1890 2010 aurem
1913 1986 1970 2008 su-

154 2023 322 2060 surrabat,
350 2033 385 2055 se
411 2024 542 2065 quidem
566 2023 697 2055 honoris
723 2032 828 2055 causa
853 2032 927 2055 eam
951 2022 1147 2064 hypothesin
1171 2023 1250 2054 mihi
1275 2023 1478 2060 adscribere,
1504 2027 1542 2056 ut
1564 2025 1636 2066 plus
1661 2025 1791 2068 gratiae
1817 2028 1851 2057 et
1875 2027 1971 2057 auto—

153 2071 259 2102 ritatis
283 2071 405 2105 habere
430 2072 532 2112 possit
557 2071 645 2112 apud
671 2071 836 2103 auditores
868 2080 963 2107 suos,
1001 2079 1116 2102 revera
1145 2074 1259 2102 tamen
1290 2079 1384 2102 suam
1415 2071 1516 2112 ipsius
1553 2081 1644 2110 esse,
1678 2073 1765 2114 quod
1796 2075 1830 2104 et
1853 2076 1972 2114 postea

154 2118 352 2150 Helmstadii
377 2119 529 2150 remotior
554 2128 575 2150 a
598 2128 651 2150 me
675 2118 784 2150 factus
811 2118 984 2150 audentius
1011 2121 1044 2149 et
1068 2117 1317 2149 inverecundius
1342 2119 1512 2150 commisit.
1554 2118 1621 2151 Sed
1644 2121 1711 2152 ista
1737 2119 1826 2152 fraus
1853 2123 1888 2152 et
1910 2120 1970 2151 im-

155 2169 290 2206 postura
315 2175 389 2197 cum
415 2166 456 2197 ab
483 2166 566 2205 aliis,
593 2170 664 2198 tum
681 2166 874 2207 praesertim
891 2165 934 2196 D.
950 2165 993 2196 D.
1012 2164 1102 2196 Dan.
1123 2164 1313 2197 Cramero
1326 2188 1334 2202 ,
1363 2165 1451 2206 apud
1468 2165 1674 2199 Stetinenses
1691 2167 1794 2199 Verbi
1809 2167 1970 2203 ministro,

154 2214 220 2244 viro
247 2213 455 2254 singulariter
482 2213 627 2250 erudito,
654 2214 708 2254 qui
734 2212 824 2245 Scoti
848 2213 942 2244 istius
967 2212 1138 2244 Rostochii
1163 2212 1239 2244 olim
1265 2213 1393 2244 auditor
1419 2218 1511 2251 erat,
1538 2214 1673 2247 detecta
1697 2218 1758 2247 est.
1809 2213 1844 2247 Si
1869 2215 1972 2246 otium

155 2260 366 2301 superfuerit,
398 2261 517 2292 curabo
544 2261 727 2302 exemplum
751 2260 919 2292 literarum
953 2261 1023 2301 ejus
1050 2259 1093 2292 ad
1119 2259 1288 2302 oligerum
1314 2260 1614 2295 Rosaekrantzium
1637 2272 1748 2295 meum
1773 2261 1970 2304 consangui-

155 2317 253 2339 neum
278 2307 344 2339 hac
370 2308 410 2340 de
435 2318 470 2340 re
495 2309 709 2349 scriptamm,
737 2308 828 2340 hisce
854 2308 984 2349 apponi.

252 2354 306 2387 Sic
332 2365 458 2397 quoque
480 2355 719 2392 Roeslinus,
744 2355 824 2388 licet
847 2356 954 2398 magis
981 2358 1090 2387 astute
1116 2359 1149 2387 et
1174 2359 1284 2391 caute,
1309 2365 1386 2387 mea
1409 2365 1466 2396 pro
1485 2356 1552 2387 suis
1569 2355 1740 2389 venditare
1755 2356 1968 2398 praesumsit,

155 2404 204 2434 ita
229 2406 351 2439 tamen,
377 2407 415 2434 ut
438 2402 516 2434 mihi
541 2403 629 2435 hanc
654 2403 913 2444 speculationem
937 2413 1002 2434 non
1029 2403 1206 2445 derogarit,
1232 2403 1292 2435 sed
1316 2413 1351 2435 se
1377 2413 1468 2440 eam,
1495 2407 1668 2446 postquam
1693 2403 1811 2436 similia
1835 2403 1970 2436 adinve-

157 2451 269 2490 nisset,
294 2451 328 2481 in
353 2450 432 2482 libro
458 2461 531 2482 meo
557 2451 598 2482 de
617 2450 756 2482 Cometa
781 2460 812 2483 a.
832 2448 875 2480 77
902 2451 1060 2491 reperisse
1085 2450 1219 2482 fatetur.
1258 2450 1420 2493 Egregius
1445 2459 1526 2482 sane
1551 2451 1655 2488 fucus,
1682 2452 1710 2483 si
1733 2450 1832 2483 fidem
1855 2450 1972 2483 mereri

156 2502 277 2538 posset,
303 2507 381 2529 nam
406 2498 487 2530 liber
510 2498 563 2530 ille
588 2508 691 2535 meus,
719 2500 811 2539 cujus
837 2499 997 2534 meminit,
1022 2508 1081 2539 per
1106 2495 1126 2528 9
1153 2507 1257 2529 annos
1285 2502 1387 2530 antea
1411 2498 1585 2538 impressus
1611 2502 1684 2530 erat
1708 2502 1742 2530 et
1764 2498 1906 2539 plurima
1931 2498 1972 2530 de
2024 2513 2028 2525 ι

157 2545 221 2576 hac
249 2555 270 2576 a
294 2555 345 2576 me
375 2546 561 2578 introducta
587 2546 778 2578 coelestium
802 2545 1040 2577 revolutionum
1057 2545 1267 2586 dispositione
1289 2547 1360 2586 Jam
1384 2546 1606 2577 innotuerant.
1644 2545 1691 2577 At
1714 2547 1742 2577 si
1765 2545 1847 2577 nihil
1871 2545 1971 2583 aliud,
2022 2562 2028 2567 -

157 2592 190 2623 id
215 2592 331 2624 saltem
359 2596 393 2623 et
415 2602 513 2634 quam
538 2594 680 2625 maxime
706 2587 853 2625 fraudem
870 2593 988 2634 prodit,
1014 2592 1111 2634 quod,
1138 2592 1214 2624 dum
1229 2592 1317 2624 hanc
1333 2591 1539 2634 hypothesin,
1565 2595 1604 2624 ut
1627 2602 1704 2624 suus
1728 2592 1823 2625 fieret
1845 2596 1970 2635 partus,
2024 2582 2028 2595 ²

158 2641 191 2670 in
217 2639 378 2671 nonnullis
405 2641 500 2672 aliter
525 2641 663 2672 formare
690 2645 827 2673 conatus
854 2642 896 2672 sit
921 2650 1059 2682 eamque
1085 2640 1278 2677 emendare,
1310 2641 1345 2671 in
1370 2649 1516 2672 enormes
1542 2640 1763 2672 absurditates
1787 2640 1971 2682 impegerit,
2018 2630 2028 2646 '¹

158 2688 261 2727 ipsam
292 2688 516 2727 symmetriam
553 2697 592 2720 ac
629 2689 869 2729 proportionem
906 2688 1144 2720 revolutionum
1180 2686 1428 2719 interturbando
1463 2690 1561 2729 atque
1593 2687 1635 2719 ab
1668 2688 1746 2729 ipsis
1771 2687 1973 2733 apparentiis
2019 2686 2022 2703 ³

159 2735 392 2766 alienissimam
417 2735 615 2773 statuendo;
653 2740 691 2767 ut
715 2735 791 2768 inde
817 2736 899 2768 satis
931 2735 1073 2776 liqueat,
1111 2744 1186 2766 eum
1215 2744 1282 2766 non
1313 2734 1431 2766 saltem
1454 2733 1516 2765 has
1541 2734 1740 2776 hypotheses
1763 2743 1973 2777 nequaquam

158 2781 352 2823 intelligere,
378 2782 498 2814 nedum
523 2786 560 2814 ut
586 2792 699 2815 earum
724 2787 820 2815 autor
844 2784 897 2822 sit,
925 2783 984 2815 sed
1008 2791 1050 2814 ne
1076 2782 1207 2824 quidem
1231 2782 1315 2814 ullas
1341 2781 1436 2818 alias,
1460 2782 1525 2813 imo
1543 2783 1766 2815 astronomiae
1787 2781 1974 2824 penetralia
2009 2810 2012 2815 ,

161 2828 301 2860 necdum
326 2830 569 2870 introspexisse.
1711 2842 1723 2847 ⁴

253 2886 318 2919 Ma
325 2888 465 2930 ginum
490 2889 611 2920 Italum
636 2898 804 2931 nunquam
823 2888 1034 2921 existimarim
1051 2887 1119 2920 tale
1136 2888 1214 2930 quid
1231 2887 1417 2929 affectasse.
1457 2887 1554 2927 Quod
1577 2888 1604 2919 si
1628 2887 1718 2927 fecit,
1743 2888 1846 2921 literis
1869 2897 1973 2920 mauu

161 2935 290 2974 propria
316 2935 358 2966 ad
382 2945 435 2967 me
454 2936 549 2973 datis,
578 2937 692 2977 quibus
717 2946 752 2968 se
779 2936 869 2968 illam
893 2936 1090 2978 hypothesin
1115 2945 1154 2967 ex
1178 2935 1257 2966 libro
1282 2938 1391 2966 nostro
1417 2935 1560 2967 secundo
1580 2934 1620 2967 de
1637 2935 1801 2968 aethereis
1825 2936 1970 2978 phaeno-
2006 2951 2007 2954 ¹

161 2982 263 3012 menis
288 2982 426 3022 primum
450 2984 665 3024 perspexisse,
693 2984 817 3025 sibique
844 2985 990 3025 apprime
1014 2983 1157 3024 placere,
1182 2981 1278 3013 modo
1297 2981 1413 3014 Martis
1431 2983 1515 3014 orbis
1533 2981 1679 3014 Solarem
1704 2984 1843 3016 transire
1861 2986 1974 3025 posset

163 3025 306 3067 (putavit
332 3030 419 3060 enim
444 3039 483 3061 ex
503 3030 639 3073 vulgata
658 3032 835 3068 sententia,
861 3031 968 3063 reales
995 3040 1068 3063 esse
1092 3031 1126 3062 in
1152 3029 1241 3061 coelo
1268 3026 1388 3068 orbes),
1416 3030 1523 3062 fassus
1550 3033 1610 3067 est,
1638 3031 1805 3063 contraria
1829 3030 1970 3063 admisit·

161 3075 192 3106 A
217 3074 352 3118 Magino
378 3085 471 3114 vero,
503 3078 530 3109 si
554 3078 609 3119 qui
635 3077 690 3110 alii
714 3077 810 3119 hujus
835 3078 1068 3120 speculationis
1095 3077 1216 3113 conscii
1240 3079 1335 3115 sunt,
1367 3076 1431 3112 hac
1457 3077 1631 3111 occasione
1655 3076 1862 3116 habuerunt,
1887 3078 1973 3124 intel
