2028 3242
134 77 220 119 270
860 75 1022 117 Apologia
1047 75 1211 116 Tychonis

132 184 195 223 Ex
232 183 294 222 his
327 186 497 234 apparet
527 180 686 220 occasio
718 180 909 232 genuina,
951 192 1052 232 quae
1085 180 1302 232 Apollonio
1341 180 1443 220 hanc
1476 181 1733 222 assumtionis
1778 182 1946 221 formam

93 290 99 298 .
134 240 467 294 suppeditaverit.
531 240 635 280 Nam
675 240 792 292 quod.
812 252 1021 279 accessum
1054 245 1095 279 et
1125 252 1327 279 recessum
1370 239 1623 291 planetarum
1660 240 1713 280 ad
1743 253 1816 282 nos
1852 252 1948 292 pro-

133 300 399 355 portionalem
431 299 680 339 conversioni
716 298 824 339 Solis
859 299 1017 346 attinet,
1054 299 1219 338 eundem
1253 299 1375 338 etiam
1400 299 1675 340 ptolemaicae
1705 300 1950 355 hypotheses

78 374 81 382 =
134 360 337 399 exhibent.
401 359 542 412 Itaque
578 358 706 398 adhuc
740 358 834 398 nihil
869 363 944 405 est,
978 370 1054 410 quo
1087 371 1176 398 sese
1198 363 1359 398 tueatur
1378 358 1507 399 Ursus
1539 358 1797 412 obtineatque
1817 359 1949 411 Apol—

78 439 91 471 ³.
136 419 279 459 lonium
295 431 384 458 esse
407 419 650 457 inversarum
670 417 1480 473 Aristarchianarum,Qequessl'xygcvhppi
1505 418 1710 471 debentur,
1733 423 1948 472 auctorem.

251 478 325 518 His
359 478 461 517 adde
495 483 536 517 et
568 477 662 523 hoc,
705 477 808 528 quod
841 490 927 516 cum
961 477 1227 528 inaequalitas
1263 477 1334 516 illa
1365 484 1516 526 motus,
1561 490 1678 529 quam
1711 477 1951 529 Apollonius

71 533 75 559 '⁵
134 553 158 577 a
190 551 263 577 sua
295 537 635 577 demonstratione
681 537 902 588 sejunctam
944 549 1034 575 esse
1066 536 1211 584 voluit,
1260 536 1409 588 negligi
1442 541 1635 589 nequeat,
1680 536 1817 589 itaque
1849 548 1951 588 apo-

109 610 279 648 ¹gaeum
326 602 367 635 et
409 596 638 648 perigaeum
684 595 721 634 in
768 595 871 635 linea
911 595 1009 641 HN,
1055 594 1125 635 ΟΕ
1171 595 1229 642 (in
1277 596 1425 636 schem.
1473 595 1630 648 quinto)
1676 608 1834 647 semper
1877 595 1951 635 sibi

139 656 215 708 ipsi
247 656 443 708 parallela
476 654 665 694 constitui
699 654 863 702 debeat,
898 667 947 693 ex
979 667 1025 693 eo
1059 654 1209 703 evenit,
1256 660 1301 694 ut
1331 653 1407 694 AE
1440 655 1608 707 apogaei
1641 655 1788 695 lineam
1820 654 1952 695 dicere

60 722 66 760 ,ἑ
132 716 218 767 jam
249 728 365 767 porro
398 727 474 754 non
507 713 705 765 possimus
737 719 903 765 totaque
937 714 1238 753 nomenclatura
1269 714 1469 766 Tycbonis
1504 714 1664 754 differat
1695 714 1745 754 ab
1779 713 1952 766 Apollo-

58 767 82 808 ’θ’
140 774 216 814 nio.
281 773 416 819 Quare
450 786 576 825 neque
608 777 758 812 motum
789 773 979 824 planetae
1011 773 1050 812 in
1082 772 1368 824 praecedentia
1399 773 1484 813 fieri
1516 773 1662 813 statuit
1693 785 1743 813 ex
1772 773 1813 813 A
1845 773 1883 813 in
1902 773 1953 821 B,

140 834 210 873 sed
248 833 288 873 in
326 833 614 884 consequentia
652 844 701 870 ex
735 831 767 872 C
800 833 838 871 in
870 832 904 870 B
944 837 1085 871 contra
1124 845 1241 884 quam
1273 832 1526 883 Apollonius.
1561 833 1638 872 .In
1676 837 1795 878 tanta
1824 845 1955 872 rernm

70 893 76 918 ’-
139 893 471 944 terminorumque
505 891 741 931 diversitate
776 891 927 931 frustra
960 891 1118 931 laborat
1149 891 1278 931 Ursus
1311 892 1562 931 abstractam
1594 905 1619 931 a
1649 891 1836 944 Tychone
1869 891 1954 932 for-

139 965 243 992 mam
274 950 555 1005 hypothesium
588 950 639 989 ad
671 950 928 1002 Apollonium
960 951 1128 990 deferre.

917 1149 1206 1156 ———-————

917 1327 1077 1392 Caput
1114 1327 1198 1375 1v.

139 1434 236 1474 Non
280 1439 446 1475 exstare
488 1432 613 1475 ullibi
654 1433 900 1474 mentionem
950 1434 1258 1487 hypothesium,
1310 1447 1418 1488 quas
1463 1434 1604 1490 Tycho
1658 1433 1742 1475 sibi
1792 1436 1956 1484 asserit,

744 1492 880 1534 Ursus
910 1492 1137 1546 Apollonio
1169 1494 1352 1548 affin-stit.

256 1599 404 1639 Nescio
450 1611 525 1651 quo
571 1599 717 1639 affectu
756 1580 987 1639 stimulante
1030 1599 1070 1638 id
1113 1612 1232 1639 unum
1274 1599 1358 1651 agit
1395 1599 1544 1648 Ursus,
1589 1603 1636 1639 ut
1665 1598 1867 1653 Tycbonis
1909 1598 1958 1639 de

139 1659 281 1698 mundo
327 1658 609 1710 conceptiones
644 1659 877 1710 antiquitati
911 1664 1096 1707 asserat,
1104 1680 1107 1686 -
1137 1658 1393 1699 manifestam
1439 1658 1600 1698 veritati
1645 1658 1724 1698 vim
1771 1656 1956 1699 afferens.

140 1717 314 1757 Primum
354 1730 402 1756 ex
435 1717 638 1756 veteribus
676 1718 715 1756 in
755 1718 882 1757 aciem
916 1730 1037 1769 supra
1073 1719 1319 1769 produxerat
1352 1717 1622 1769 Apollonium.
1686 1716 1731 1757 Si
1769 1717 1844 1757 hoc
1882 1717 1958 1758 de-

143 1777 380 1816 fendendum
414 1776 682 1828 suscepisset,
727 1777 1008 1828 cognationem
1043 1778 1240 1828 quandam
1272 1777 1520 1817 intercedere
1551 1775 1823 1829 Apolloniano
1861 1776 1981 1828 pro-E

141 1835 305 1875 blemati
327 1848 414 1874 cum
435 1835 632 1888 Tycbonis
655 1836 961 1888 hypothesibus,
996 1841 1159 1887 poterat
1189 1837 1354 1876 tolerari
1385 1837 1544 1888 partim,
1582 1836 1621 1876 iu
1654 1836 1800 1882 ceteris
1833 1848 1958 1876 excu-

142 1895 235 1934 sari.
300 1895 414 1934 Nunc
454 1895 545 1946 quia
582 1896 700 1946 plane
740 1901 948 1946 utrumque
994 1901 1212 1946 exaequat,
1260 1895 1448 1947 apparuit
1490 1895 1670 1946 proximo
1711 1895 1843 1947 capite
1889 1907 1958 1935 eos

80 1978 84 1979 ν
141 1967 217 1993 non
256 1954 372 2005 plene
404 1953 509 1993 Urso
553 1954 676 1993 fuisse
722 1954 930 2006 cognitos,
977 1954 1135 1993 minime
1177 1967 1270 1994 vero
1309 1955 1371 1994 vel
1415 1955 1560 1994 lectum
1608 1954 1672 1993 vel
1710 1954 1960 1994 intellectum

140 2012 347 2064 Apollonii
378 2012 594 2063 problema.
659 2012 860 2065 Cognatio
894 2018 1027 2052 autem
1059 2013 1129 2052 illa
1162 2013 1444 2079 hypothesium
1475 2013 1674 2065 Tycbonis
1707 2025 1796 2052 cum
1821 2013 1956 2064 Apol-

141 2071 236 2111 lonii
276 2071 544 2127 problemate,
591 2084 707 2123 quam
752 2078 792 2111 et
833 2085 953 2123 supra
993 2072 1266 2111 demonstravi
1311 2077 1351 2112 et
1384 2072 1471 2123 J'am
1503 2071 1667 2112 concedi
1707 2084 1827 2135 posse
1859 2071 1956 2121 dixi,

136 2131 219 2182 jam
253 2130 410 2182 quidem
443 2131 626 2179 cernitur,
660 2136 872 2183 postquam
894 2130 1029 2183 Tycho
1063 2143 1174 2170 suam
1207 2131 1340 2171 mundi
1374 2132 1540 2171 formam
1570 2123 1854 2171 diversissimis
1889 2130 1954 2170 in—

143 2190 283 2229 ductus
317 2189 560 2256 argumentis
594 2195 634 2229 et
654 2191 863 2230 constituit
884 2195 929 2229 et
951 2190 1143 2241 prodidit.
1207 2190 1372 2243 Absque
1397 2191 1471 2230 hoc
1493 2195 1615 2240 esset,
1648 2190 1755 2230 haud
1775 2190 1959 2243 equidem

142 2249 239 2295 scio,
272 2262 321 2287 an
357 2249 562 2301 quisquam
604 2249 703 2288 adeo
738 2249 844 2288 felici
883 2250 1038 2288 futurus
1073 2249 1215 2289 fuisset
1245 2249 1423 2301 ingenio,
1473 2255 1516 2289 ut
1559 2262 1609 2289 ex
1633 2249 1720 2289 solo
1751 2248 1957 2301 Apollonii

142 2308 390 2360 problemate
411 2308 593 2359 inspecto
615 2308 651 2347 in
675 2308 874 2361 Tycbonis
907 2308 1177 2359 cogitationes
1198 2308 1373 2348 incidere
1394 2308 1620 2361 potuisset;
1652 2308 1753 2350 adeo
1785 2308 1958 2348 obscura

145 2373 208 2406 est
239 2367 339 2406 haec
372 2367 559 2418 cognatio
593 2380 813 2419 coecusque
845 2367 1052 2408 transitus,

260 2426 378 2465 Alter
419 2439 468 2465 ex
507 2427 708 2466 veteribus
742 2426 918 2480 Tychoni
958 2427 1008 2466 ab
1039 2427 1144 2467 Urso
1183 2431 1373 2478 tanquam
1411 2426 1588 2466 aemulus
1628 2426 1677 2466 ob
1710 2425 1846 2465 oculos
1879 2426 1956 2466 ad·-

144 2485 299 2525 ducitur
330 2485 610 2525 Martianus
645 2485 875 2542 Capella,
897 2482 951 2534 ¹³)
990 2486 1029 2525 in
1064 2499 1139 2537 quo
1172 2482 1295 2525 multo
1327 2486 1455 2528 adhuc
1487 2483 1724 2524 imbecillius
1756 2489 1843 2524 stat
1873 2484 1956 2525 Ur—

145 2557 211 2583 sus
253 2557 370 2596 quam
411 2544 449 2583 in
483 2545 711 2596 Apollonio,
774 2545 935 2585 Etenim
968 2545 1001 2584 is
1035 2550 1192 2591 auctor,
1239 2557 1326 2583 cum
1364 2545 1574 2584 honestam
1613 2556 1634 2582 e
1667 2543 1796 2583 literis
1835 2543 1957 2584 animi

144 2603 431 2642 recreationem
462 2610 621 2670 peteret
653 2604 733 2651 (vir
766 2603 870 2643 enim
908 2604 1094 2655 politicus
1127 2608 1215 2643 erat
1256 2609 1297 2642 et
1327 2614 1491 2654 praeses
1524 2593 1729 2652 Africae),
1770 2603 1956 2655 poeticen

144 2662 475 2714 encyclopaediae
509 2663 748 2714 conjungere
783 2663 946 2711 statuit,
990 2663 1203 2713 fabulaque
1235 2661 1484 2713 pereleganti
1526 2661 1695 2701 conficta
1726 2662 1775 2701 de
1806 2661 1956 2714 nuptiis

145 2720 331 2760 Mercurii
365 2727 405 2760 et
431 2722 693 2773 Philologiae,
729 2735 815 2762 cum
849 2721 1143 2773 philosophiam
1163 2720 1413 2760 Platonicam
1445 2724 1529 2759 tum
1560 2720 1599 2760 in
1632 2720 1764 2773 specie
1801 2725 1956 2772 septem
2016 2773 2020 2775 μ

146 2784 254 2817 artes
290 2780 353 2827 (ut
384 2781 655 2831 appellamus)
691 2781 879 2820 liberales
912 2780 972 2820 ita
1002 2780 1140 2832 tetigit
1171 2785 1212 2818 et
1242 2778 1449 2830 percurrit,
1482 2784 1527 2818 ut
1558 2792 1634 2818 non
1654 2785 1820 2820 tantum
1841 2792 1954 2819 sum-

146 2850 249 2876 mam
292 2838 482 2890 cujusque
523 2840 757 2879 brevissime
803 2845 1040 2891 exponeret,
1085 2839 1157 2878 sed
1202 2837 1322 2877 etiam
1354 2837 1542 2889 quidquid
1581 2838 1618 2878 in
1657 2833 1825 2890 singulis
1867 2838 1955 2890 ipse

146 2896 469 2946 deprehendebat
500 2898 668 2949 insigne,
703 2900 944 2946 abstrusum,
977 2897 1270 2944 admirandum,
1304 2901 1374 2935 aut
1404 2896 1487 2936 tale
1526 2897 1630 2949 quod
1662 2897 1792 2950 ipsum
1821 2897 1952 2951 potis—

145 2953 283 2993 timum
317 2956 532 3002 afficiebat,
566 2957 606 2996 id
639 2970 728 2996 cum
761 2957 973 3008 diligentia
993 2956 1299 3008 cincinnatoque
1329 2955 1434 3007 stylo
1455 2955 1688 3000 inculcaret.
1750 2953 1802 2996 111'
1817 2961 1952 2996 astro-

146 3013 278 3051 nomia
309 3014 578 3061 Macrobium‚
611 3015 785 3055 Plinium
817 3020 859 3055 et
889 3015 1119 3055 Vitruvium
1150 3013 1403 3066 potissimum
1436 3020 1596 3054 secutus
1627 3019 1713 3062 est,
1747 3012 1953 3055 Romanus

147 3070 315 3127 Latinos
347 3072 565 3122 scriptores
603 3073 721 3125 idque
755 3074 876 3122 adeo,
910 3078 955 3113 ut·
987 3086 1036 3114 ne
1057 3073 1216 3126 quidem
1237 3071 1287 3112 ab
1307 3072 1505 3113 erroribus
1537 3085 1673 3113 eorum
1705 3071 1950 3122 discesserit,
