2028 3242
135 108 229 152 230
935 105 1153 138 Prooemium.

135 216 216 248 satis
241 214 407 256 intelligo,
443 213 502 245 sed
533 212 589 245 ille
618 212 740 247 labitur
764 212 800 244 iu
823 211 944 244 multas
978 211 1210 244 absurditates.
1262 211 1390 244 Darum
1423 215 1512 244 ware
1537 222 1573 245 er
1595 212 1657 249 ποι
1690 212 1755 254 bey
1779 211 1951 254 Copemici

133 261 366 304 hypothesibus
391 259 557 303 gepliben,
582 259 632 292 bis
658 269 693 292 er
717 260 845 292 bessers
870 259 994 291 funden
1018 258 1101 295 hett,
1127 258 1312 293 sonderlich
1335 258 1410 291 weil
1432 260 1524 294 seine
1549 259 1746 302 hypotheses
1771 260 1805 293 in
1823 260 1952 292 calculo

134 309 352 345 astronomico
387 308 480 341 mehr
510 308 560 339 nit
589 307 651 338 mit
674 306 746 339 sich
769 308 925 348 pringen.
962 307 1052 338 dann
1078 306 1249 347 Copernici
1274 306 1472 348 hypotheses
1503 307 1600 340 auch
1650 307 1695 340 Es
1719 311 1807 345 vke
1840 308 1952 340 besser

133 357 187 390 ffir
219 356 313 395 iimo,
351 365 386 388 er
409 355 502 387 hetto
535 354 594 386 das
619 354 687 388 lezt
712 353 842 396 Capitol
867 354 1085 396 vnderwegen
1109 353 1287 396 gelassen‚
1324 353 1417 385 wiird
1441 353 1528 386 ihme
1554 353 1661 387 selber
1690 353 1734 387 vil
1757 353 1873 390 Mulie.
1885 355 1951 389 vud

135 404 265 444 arbeytt
288 403 475 446 vergebens
494 401 654 439 machon,
679 402 745 435 vnd
770 400 855 437 doch
879 402 930 433 nit
955 401 1104 434 erhalten
1128 405 1261 443 mogem
1288 402 1329 433 ob
1355 411 1390 434 er
1414 401 1515 436 schon
1541 401 1606 434 den
1630 401 1862 464 Landgraff'on
1875 402 1949 434 dar-

133 451 215 484 uber
239 460 314 484 zum
340 446 548 486 Schirmhern
575 458 828 491 angenommen.

228 497 382 540 Denique
406 497 437 529 d.
465 495 519 528 28.
549 495 624 528 Oct.
650 496 737 529 haec
760 496 950 538 perscripsit
973 495 1062 531 idem
1085 495 1263 528 Roeslinus
1288 494 1488 532 Maestlino.
1515 494 1687 534 Quantum
1711 505 1753 535 ex
1767 495 1871 534 literis
1887 495 1952 535 luis

134 545 301 589 intelligp,
339 546 508 586 utriusque
535 547 570 576 et
594 543 759 585 Tychonis
785 547 819 577 et
842 543 1001 584 Raymari
1035 543 1102 578 fere
1135 547 1186 574 est
1211 553 1280 575 una
1306 547 1340 576 et
1365 543 1482 577 eadem
1506 543 1676 578 sententia
1704 542 1747 576 de
1769 546 1952 584 systemate

133 593 266 630 mundi,
305 596 339 626 et
373 592 543 624 amborum
575 591 713 623 eaedem
744 591 812 622 fere
843 590 1055 631 hypotheses.
1119 589 1294 622 Confessus
1328 591 1459 632 quidem
1490 590 1570 621 mihi
1593 594 1646 622 est
1677 589 1883 631 Raymarus,
1917 600 1952 623 se

134 640 299 681 Tychonis
325 639 517 681 discipulum
542 638 642 670 fuisse
666 638 718 670 vel
741 638 849 679 potius
875 637 1066 677 Tychonem
1090 646 1154 671 sua
1176 647 1276 679 opera
1299 639 1333 670 ιιι
1359 637 1570 670 observandis
1595 641 1630 669 et
1649 637 1856 671 caleulmdis
1879 637 1951 679 pla·

134 691 287 724 netarum
310 687 451 719 motibus
476 696 572 718 usum
595 686 714 721 fuisse.
753 685 811 719 sed
832 684 1022 725 Tychonem
1048 683 1183 719 alterius
1210 695 1284 717 esse
1307 686 1495 718 sententiae
1521 684 1655 717 dicebat
1681 688 1716 718 et
1739 685 1884 727 proxime
1909 685 1953 718 ad

134 734 318 767 Ptolemaei
348 733 547 775 hypotheses
579 732 756 769 accedere3
793 736 829 765 et
859 732 1005 765 addebat
1039 731 1139 764 etiam
1164 731 1354 772 Tychonem
1385 733 1421 764 in
1445 736 1518 764 arte
1549 731 1642 765 illum
1665 741 1733 766 non
1757 741 1834 767 esse
1855 742 1953 774 quem

133 781 228 818 multi
253 781 452 818 existiment,
479 780 678 822 astrologum
703 780 810 821 potius
835 789 909 811 esse
932 788 1031 820 quarn
1056 782 1298 816 astronomum,
1323 790 1387 812 nec
1411 779 1645 821 praestiturum
1669 779 1761 814 inum
1785 789 1842 822 ea,
1864 789 1950 823 quae

135 829 179 864 de
202 838 240 863 eo
264 828 360 861 multi
383 828 445 860 sibi
468 827 674 871 pollicentur.
725 826 799 865 Sed
803 830 997 870 quantum
1002 835 1049 866 ex
1056 826 1170 865 literis
1195 827 1267 863 tuis
1277 835 1467 869 cognosco,
1493 826 1692 877 aliquidffl
1652 830 1742 861 certe
1773 825 1952 868 praestitit.

139 875 193 908 Sic
218 885 303 909 unus
328 875 454 908 invidet
478 874 585 915 alteri,
612 874 698 916 quod
724 884 790 905 ιιοιι
815 873 913 906 decet
937 875 972 907 in
997 860 1166 918 discipulo.

229 921 455 956 Johannes
481 921 747 953 Christierni
773 918 922 960 (Dauus,
956 918 1103 953 medicus
1123 914 1266 962 posthac
1291 918 1415 961 Ripae)
1441 930 1538 963 quem
1573 920 1654 954 dicit
1677 920 1789 963 Tyehn
1818 920 1951 955 η-ᾱοωβ

142 968 297 1007 sticum&
323 970 410 1002 haec
435 969 582 1010 Tychoni
608 969 666 1000 dat
693 966 816 1009 (Lugd.
843 967 920 1000 Bat.
949 968 980 999 d.
1011 966 1063 999 13.
1090 964 1338 1008 Maj.1598.):

228 1016 270 1048 R.
297 1016 372 1050 Ursi
398 1017 553 1057 scriptum
578 1025 678 1057 supra
700 1015 835 1047 modum
858 1015 1055 1047 virulentum
1081 1025 1120 1047 ac
1145 1015 1239 1047 futile
1265 1019 1326 1052 est,
1354 1015 1437 1048 adeo
1462 1018 1500 1047 ut
1525 1018 1656 1056 praeter
1682 1015 1868 1048 calumnia·
1891 1025 1951 1049 ne·

134 1064 254 1097 fandas
278 1065 312 1096 in
337 1067 370 1096 te
394 1063 577 1097 mendaciis
602 1068 707 1095 totum
733 1066 887 1095 scateret.
940 1062 1075 1102 Quaeso
1098 1062 1174 1104 quid
1199 1062 1318 1095 frontis·
1340 1062 1424 1095 Urso
1448 1062 1542 1103 huic,
1573 1063 1628 1105 qui
1653 1064 1725 1096 sine
1749 1064 1956 1101 conscientia

137 1112 338 1147 comminisci
362 1121 428 1144 non
454 1114 594 1145 veretur,
622 1119 662 1142 ac
687 1110 715 1142 si
740 1114 820 1143 tuae
844 1110 1064 1151 hypotheseos
1089 1110 1211 1151 primus
1237 1114 1353 1145 auctor
1378 1111 1548 1144 extitisset..
1586 1144 1589 1145 ⁷

231 1159 412 1200 Postquam
436 1159 652 1199 superioribus
678 1158 774 1190 annis
800 1167 875 1190 cum
899 1157 1023 1189 Erico
1049 1157 1237 1200 Langio.
1273 1159 1326 1192 cui
1358 1161 1438 1191 tunc
1463 1158 1678 1195 inserviebat,
1711 1157 1956 1202 Uraniburgum

101 1246 104 1247 ⁷
141 1206 320 1249 appulisset
345 1215 386 1238 ao
412 1207 619 1248 cognovisset
643 1206 729 1238 inter
754 1209 885 1242 cetera,
911 1209 944 1237 te
971 1215 1046 1238 cum
1070 1205 1200 1247 Langio
1225 1205 1392 1248 quaedam
1417 1205 1476 1238 abs
1500 1210 1535 1239 te
1561 1207 1752 1249 excogitata
1774 1207 1953 1241 communi-

102 1251 105 1286 ,j
135 1263 243 1291 casse
268 1254 413 1286 curiosus
437 1257 476 1285 ut
501 1257 583 1292 erat,
609 1257 643 1284 te
668 1253 771 1285 inscio
798 1262 910 1284 omnes
928 1252 1059 1285 Musaei
1085 1252 1234 1294 anguloS,
1261 1263 1376 1286 omnes
1399 1253 1548 1295 pagellas
1565 1257 1642 1287 tuas
1661 1253 1824 1293 lustravit,
1850 1254 1957 1291 donea

102 1329 105 1336 ,
138 1302 223 1334 forte
245 1302 279 1333 in
305 1301 499 1335 schedulam
523 1300 701 1342 quandam,
727 1300 762 1333 in
786 1309 852 1342 qua
875 1300 961 1332 haec
986 1304 1046 1332 tua
1070 1300 1260 1341 hypothesis
1285 1310 1420 1335 erronee
1446 1310 1486 1335 ac
1512 1301 1608 1335 dubio
1633 1300 1747 1343 procul
1771 1311 1794 1337 ι
1809 1301 1956 1336 studioso

137 1348 278 1390 quodam
302 1352 359 1381 tuo
386 1349 492 1381 obiter
517 1348 687 1381 delineata
712 1351 806 1384 erat,
831 1347 1022 1383 incidisset
1049 1348 1114 1381 hac
1140 1352 1284 1389 arrepta,
1307 1352 1480 1390 postquam
1504 1349 1540 1383 iu
1565 1349 1780 1383 Germaniam
1799 1357 1839 1381 se
1863 1358 1955 1385 rm

136 1397 248 1437 pisset,
275 1395 398 1437 passim
420 1397 491 1436 jam
516 1395 607 1429 velut
631 1405 726 1428 suam
758 1399 793 1429 et
818 1404 839 1428 a
863 1405 898 1427 se
934 1395 1105 1429 inventam
1130 1395 1293 1432 exhibuit,
1328 1406 1395 1428 non
1420 1405 1515 1430 secus
1547 1405 1588 1429 ac
1600 1396 1987 1443 Q

159 1447 281 1476 ortans.

137 1454 157 1486 p
232 1490 371 1523 Proinde
398 1489 614 1521 certissimum
641 1492 710 1525 est,
744 1489 861 1522 librum
886 1493 980 1521 tuum
1005 1489 1045 1522 de
1073 1488 1212 1523 Cometa
1237 1490 1316 1522 anni
1341 1486 1397 1520 77.
1424 1488 1623 1532 Uraniburgi
1653 1490 1720 1522 tuis
1743 1490 1830 1532 typis
1853 1490 1956 1525 fuisse

138 1538 329 1579 impressum
360 1546 447 1568 anno
481 1535 537 1568 87.
566 1535 780 1578 (quamquam
814 1539 930 1577 postea
965 1546 1088 1569 annum
1121 1535 1178 1569 88.
1203 1537 1343 1578 imprimi
1373 1534 1538 1576 voluisti),
1573 1537 1656 1571 adeo
1688 1541 1746 1575 ut,
1781 1541 1955 1580 postquam

136 1585 238 1618 Ursus
272 1585 479 1626 Argentinae
511 1587 584 1618 tum
614 1584 738 1626 degens
771 1584 888 1615 librum
921 1584 1009 1617 hunc
1034 1587 1128 1616 tuum
1158 1585 1315 1627 prodiisse
1346 1585 1571 1626 cognovisset,
1605 1585 1811 1618 conscientia
1842 1588 1954 1618 tactus

137 1635 266 1665 mature
291 1632 352 1665 sibi
377 1631 641 1674 prospiciendum
666 1631 804 1666 duxerit,
830 1634 864 1663 et
889 1632 1005 1664 eodem
1030 1629 1086 1664 88.
1112 1633 1264 1674 Augusto
1289 1632 1552 1664 Fundamentum
1578 1641 1672 1664 suum
1689 1633 1953 1668 Astronomicum

138 1679 255 1715 excudi
281 1680 444 1713 curaverit
469 1679 684 1722 Argentinae,
711 1679 868 1721 ignorans
892 1679 1009 1712 librum
1034 1683 1127 1711 tuum
1153 1689 1239 1712 anno
1265 1679 1486 1712 antecedente
1505 1679 1605 1712 fnisse
1629 1679 1764 1712 editum.
1812 1679 1852 1713 Id
1867 1679 1955 1722 quod

137 1727 227 1761 vivus
250 1727 346 1760 tostis
372 1737 446 1759 cum
470 1727 580 1759 multis
607 1726 699 1762 aliis,
736 1727 790 1767 qui
821 1727 854 1757 in
881 1727 998 1758 studiis
1025 1727 1251 1760 astronomicis
1277 1727 1447 1759 domestici
1479 1736 1629 1764 eramus,
1668 1731 1758 1760 certo
1789 1727 1953 1761 affirmare

136 1784 267 1815 possim.

231 1821 334 1853 Ursus
360 1821 471 1862 igitur,
497 1824 572 1852 utut
595 1820 743 1862 plagium
768 1829 862 1851 suum
888 1819 1065 1853 defendere
1091 1825 1246 1858 conetur,
1273 1820 1394 1853 frustra
1417 1820 1548 1853 laborat
1572 1830 1613 1854 ac
1637 1826 1762 1854 temere
1787 1825 1822 1854 et
1845 1821 1951 1863 impu-

139 1867 255 1900 denter
285 1878 320 1900 se
347 1869 417 1908 ejus
443 1868 582 1908 primum
613 1869 816 1899 inventorem
838 1868 992 1908 jactitat,
1028 1872 1065 1899 ut
1097 1872 1248 1907 taceam,
1287 1868 1373 1909 quod
1405 1878 1462 1909 per
1486 1867 1692 1901 Rothmanni
1715 1868 1952 1903 indicationem

137 1912 202 1953 (uti
225 1915 429 1947 mendaciter
452 1915 506 1946 ille
531 1911 799 1954 comminiscitur)
826 1923 900 1946 eam
924 1924 1133 1956 nequaquam
1157 1916 1335 1956 acceperis.

233 1961 386 2002 Denique
413 1961 498 2002 quod
524 1962 794 2003 Apollonium
818 1961 1050 2003 Pergaeum
1076 1963 1215 1998 attinet,
1241 1972 1300 1994 nos
1326 1971 1456 1997 omnes,
1482 1962 1537 2004 qui
1562 1963 1610 1994 tui
1634 1962 1784 2003 discipuli
1810 1972 1950 1998 eramus.

138 2008 361 2041 indubitanter
385 2012 562 2045 testamur,
600 2009 725 2040 nullum
750 2010 793 2041 ibi
818 2008 958 2050 Pergaei
983 2010 1155 2049 scriptum,
1191 2010 1276 2050 quod
1302 2009 1342 2041 de
1366 2009 1599 2051 hypothesibus
1625 2016 1756 2052 ageret,
1793 2011 1951 2048 extitisse,

140 2065 204 2088 nec
229 2059 263 2087 te
289 2057 476 2097 quempiam
503 2057 601 2087 alium
627 2058 696 2095 ejus
721 2056 874 2088 librorum
897 2055 1062 2092 habuisse,
1089 2061 1222 2097 praeter
1247 2066 1322 2088 eum
1347 2057 1400 2098 qui
1425 2057 1466 2088 de
1492 2056 1621 2088 Conicis
1646 2058 1727 2100 agit.

235 2102 332 2142 Quod
356 2102 459 2135 Ursus
490 2104 657 2134 insinuare
682 2103 751 2134 vult
777 2103 1051 2144 Copernicum
1086 2103 1155 2135 tale
1189 2104 1266 2145 quid
1299 2104 1472 2145 protulisse
1504 2108 1604 2145 atque
1637 2103 1833 2145 hypothesin
1862 2104 1952 2136 hanc

136 2150 303 2188 innuisse,
339 2150 373 2181 id
405 2151 552 2182 existimo
584 2150 816 2192 redargutione
848 2160 913 2182 non
944 2151 1110 2193 indigere,
1151 2160 1224 2183 cum
1250 2152 1330 2182 satis
1357 2155 1485 2183 constet
1517 2151 1583 2184 ista
1616 2161 1767 2193 perverse
1801 2152 1843 2184 ab
1868 2151 1951 2184 Urso

138 2196 242 2229 allata
265 2197 377 2229 fuisse.

185 2266 189 2269 <
233 2243 457 2277 obtrectatori
479 2244 555 2276 huic
579 2244 776 2285 respondere
807 2248 841 2277 te
866 2246 1023 2285 maiorem
1051 2245 1118 2276 scio
1144 2249 1178 2277 et
1204 2254 1359 2287 agnosco.
1410 2245 1553 2277 Faciant
1582 2245 1667 2278 forte
1699 2246 1775 2283 alii,
1807 2245 1887 2278 licet
1913 2249 1949 2277 tu

137 2291 230 2322 illum
254 2291 488 2333 redargutione
513 2291 683 2334 indignum
709 2301 864 2329 censeas3
899 2296 933 2324 et
957 2292 1073 2324 merito
1108 2292 1258 2334 quidem,
1297 2292 1374 2334 quid
1415 2293 1502 2325 enim
1537 2298 1671 2326 curares·
1693 2292 1769 2325 Ursi
1793 2302 1951 2324 vesanam

135 2337 326 2371 insaniam?
360 2348 456 2380 quem
482 2342 606 2371 certum
632 2343 683 2370 est
707 2348 745 2370 eo
772 2340 938 2372 amentiae
964 2339 1143 2373 adductum
1166 2340 1266 2372 fuisse
1292 2340 1385 2376 olim,
1418 2349 1492 2371 cum
1518 2340 1634 2372 adhuc
1657 2341 1692 2372 in
1715 2339 1831 2372 Dania
1853 2340 1949 2371 mini-

138 2388 240 2417 strum
263 2385 383 2428 Langii
410 2390 535 2428 ageret.
561 2390 599 2418 ut
623 2386 785 2428 plerisque
809 2388 875 2418 suis
900 2387 988 2419 libris
1013 2388 1090 2428 igne
1115 2387 1292 2420 combustis
1318 2387 1378 2418 sibi
1404 2396 1425 2419 a
1449 2387 1594 2428 patibulo
1619 2388 1767 2425 timeret;
1804 2388 1855 2419 ita
1877 2396 1950 2418 ver·

137 2432 279 2473 tiginoso
307 2434 451 2475 agitatus
478 2434 609 2465 cerebro
637 2434 779 2466 crebrius
805 2434 933 2476 Langio
960 2434 1003 2465 ad
1027 2434 1128 2475 pedes
1154 2435 1292 2475 supplex
1316 2435 1507 2475 procubuit,
1543 2434 1649 2466 donec
1681 2435 1722 2466 ab
1748 2444 1787 2466 eo
1818 2434 1950 2468 liberati

138 2479 218 2511 nihil
242 2481 349 2522 magis
373 2481 408 2512 ιιι
433 2481 515 2512 votis
540 2480 665 2512 habuit.
715 2480 831 2519 Nolii
814 2482 974 2524 fflissura
953 2481 996 2519 ad
1021 2481 1111 2518 efieri
1142 2480 1239 2525 Qus
1264 2481 1339 2514 Ursi
1370 2482 1577 2525 impudentes
1608 2491 1730 2519 moyen
1754 2481 1948 2520 galumnias²

136 2526 196 2558 sed
219 2531 315 2568 prout
339 2537 379 2559 ex
405 2528 472 2559 alto
499 2527 596 2560 Luna
620 2528 741 2571 rabiosi
767 2530 860 2560 canis
883 2529 1046 2571 latratum
1062 2528 1147 2571 nihil
1171 2533 1334 2566 moratur,
1369 2529 1419 2560 ita
1449 2532 1501 2573 et
1514 2532 1733 2576 fflssoemffi
1726 2529 1976 2574 Generositati

136 2573 266 2606 illatam
289 2574 443 2615 injuriam
467 2574 562 2607 flocci
587 2567 712 2616 pende,
753 2580 840 2608 certo
866 2569 1016 2612 statuens
1034 2566 1153 2618 nullos
1178 2573 1272 2608 fore
1272 2573 1362 2608 viros
1378 2570 1550 2615 cordatos,
1585 2577 1639 2618 qui
1664 2586 1729 2608 ιιοιι
1755 2577 1874 2624 justa
1874 2585 1962 2618 cum

136 2620 363 2663 indignatione
388 2623 544 2663 scriptum
568 2622 648 2653 illud
674 2632 772 2664 supra
795 2623 926 2655 modum
951 2615 1150 2655 maledicum
1177 2633 1217 2655 ac
1242 2624 1404 2656 famosum
1427 2623 1568 2666 legant.
1598 2622 1700 2656 Vale

232 2667 470 2700 Testimonium
495 2669 648 2711 denique,
674 2670 759 2712 quod
784 2671 967 2703 transmisit
992 2680 1065 2703 eum
1090 2670 1276 2712 praemissis
1301 2669 1414 2711 Tycho
1439 2669 1603 2712 Keplero,
1632 2670 1780 2709 „scribae
1802 2668 1946 2712 Ιιιιιειίὕ

139 2712 255 2753 (Mioh.
281 2714 474 2754 Waltheri),
498 2715 561 2748 hoc
587 2721 654 2748 est:
1164 2734 1176 2740 -

232 2762 329 2794 Erich
354 2763 487 2805 Langes
513 2764 583 2795 sein
609 2763 796 2797 Schreibers
821 2764 1067 2802 Bekanntnuss‚
1092 2773 1161 2796 was
1185 2764 1251 2796 ihm
1276 2764 1418 2797 bewusst
1441 2773 1505 2795 von
1529 2764 1603 2797 dem
1627 2764 1710 2797 Urso
1726 2763 1946 2797 Ditmassoho.

234 2853 474 2888 Verzeichnuss
508 2856 642 2888 etlicher
668 2856 810 2896 Stucke,
845 2867 912 2890 was
943 2859 1005 2891 mir
1034 2868 1097 2890 von
1123 2859 1230 2891 einem
1259 2858 1320 2891 mit
1348 2867 1471 2890 namen
1496 2857 1538 2890 N.
1565 2857 1648 2890 Urso
1673 2857 1776 2889 Ditm.
1810 2857 1945 2895 bewust2

278 2901 419 2934 welcher
444 2903 506 2944 bey
529 2905 671 2936 meinem
694 2904 863 2937 Junokern
890 2905 965 2938 dem
989 2906 1096 2938 Edlen
1119 2906 1188 2939 und
1212 2905 1438 2939 Ehrenvesten
1463 2904 1561 2938 Erich
1584 2904 1702 2947 Lange
1725 2904 1892 2947 gedienet.

233 2992 305 3024 Wie
332 3003 367 3025 er
391 3004 433 3026 zu
456 2996 598 3028 meinem
623 2996 791 3030 Junckem
815 2998 986 3036 kommen,
1022 2967 1083 3031 hat
1107 3009 1143 3032 er
1166 2999 1235 3032 sich
1261 2999 1476 3041 angelassen‚
1514 2999 1563 3031 als
1587 3007 1663 3030 wan
1688 3007 1723 3030 es
1747 2999 1808 3031 mit
1831 2998 1944 3030 seinen

141 3037 272 3072 sathon
305 3043 406 3072 etwas
431 3042 540 3073 rechts
563 3043 632 3074 und
656 3044 857 3076 sonderlichs
882 3046 953 3078 sein
979 3045 1084 3078 sollte.
1134 3045 1261 3079 Jedoch
1284 3046 1345 3077 hat
1369 3055 1404 3078 er
1427 3046 1496 3078 sich
1521 3045 1582 3077 viel
1608 3045 1727 3077 anders
1755 3055 1817 3077 von
1842 3049 1944 3088 tugen

141 3095 182 3116 zu
206 3088 328 3126 tagen,
359 3096 473 3128 wegen
499 3090 606 3120 seines
632 3090 837 3132 unnothigen
863 3091 1076 3125 Schvatzens
1107 3093 1175 3125 und
1200 3092 1442 3135 leichtfertigen
1467 3092 1713 3135 Disputierens,
1744 3091 1885 3125 welches
1910 3101 1945 3124 er
