2028 3242
128 82 213 125 304
691 82 825 115 Literae
852 82 988 124 Kepleri
1013 81 1214 125 aliorumque
1240 87 1374 116 mutuae

122 188 224 220 literis
251 196 386 219 causam
427 186 551 219 dilatae
578 187 855 228 compensationis
887 197 944 229 pro
971 187 1180 220 dedicatione
1203 187 1371 220 Pmdromi
1404 187 1501 222 affert
1525 187 1797 230 Zehentmajerus
1825 187 1939 227 „cala-

122 236 275 266 mitosum
300 238 425 266 statum
448 234 590 275 patriae,
617 237 655 266 ut
678 234 755 266 hinc
781 244 933 276 proceres
959 234 1154 267 occasiones
1177 238 1326 276 captent,
1353 236 1513 276 ejusmodi
1538 236 1714 278 petitiones
1732 236 1933 278 denegare,“

123 282 208 324 quod
233 291 284 318 ea,
312 290 396 323 quae
422 290 520 322 supra
545 281 683 313 diximus
710 281 750 313 de
775 281 1027 319 Herberstenio‚
1055 281 1249 314 confirmare
1274 282 1413 314 videtur.

217 328 334 360 Porro:
364 328 519 366 „Judicia
546 328 764 371 genethliaca
789 329 906 360 vellem
931 333 968 360 ut
993 330 1098 370 prima
1122 338 1251 371 quaque
1277 330 1451 362 occasione
1478 339 1689 372 componeres
1713 334 1748 363 et
1770 329 1850 362 mihi
1872 329 1938 361 huc

123 377 287 412 mitteres;
313 375 406 407 labor
430 375 614 408 liberaliter
638 376 697 408 tibi
724 376 1025 417 compensabitur.“
1077 376 1228 408 Deinde:
1267 377 1447 412 „Generosi
1471 378 1538 409 mei
1563 377 1695 410 nomine
1719 381 1754 410 te
1778 387 1876 419 rogo,
1901 379 1940 408 ut

123 424 332 454 nativitatem
382 422 460 454 mihi
508 427 597 455 certo
631 424 797 462 mitteres3
834 428 968 455 tenetur
1006 424 1092 455 enim
1124 433 1244 465 parens
1277 424 1456 462 desiderio,
1494 423 1628 467 legendi
1665 425 1832 457 fortunam
1868 423 1935 456 filii.

123 470 324 502 Nativitates
349 470 422 502 illas
448 473 514 502 tres
539 480 643 511 nuper
668 471 727 502 tibi
753 480 774 502 a
798 481 851 502 me
870 471 1010 503 traditas
1037 480 1208 512 compone.
1258 471 1425 504 Judicium
1442 471 1591 514 quodque
1608 472 1802 514 singulatim
1818 471 1938 507 scribe,

122 527 183 549 nec
210 517 249 549 de
274 517 447 549 honorario
484 517 623 549 honesto
659 517 805 549 dubita.“
857 517 1026 560 Denique:
1064 518 1246 550 Pecuniam
1282 519 1341 550 tibi
1365 519 1468 551 mittit
1493 518 1678 551 Generosus
1718 516 1764 550 40
1793 518 1938 550 thaleros

122 566 285 607 integros,
322 574 379 606 pro
405 565 521 606 quibus
553 565 649 596 latori
674 565 827 596 restitues
854 563 899 596 50
925 565 1074 597 florenos.
1123 565 1276 598 Postulat
1299 576 1357 607 pro
1383 566 1533 604 servitio,
1572 566 1659 608 quod
1682 565 1747 599 hac
1786 566 1821 598 in
1843 568 1939 607 parte

122 613 180 644 tibi
206 611 347 648 exhibet,
374 615 410 643 ut
427 612 638 644 nativitatem
663 611 788 644 scheda
813 613 1044 654 consignatam
1069 613 1266 654 componas“
1295 611 1354 645 &c

215 658 334 690 Insunt
357 659 408 691 his
434 659 680 700 ZehentmaJeri
712 659 814 691 literis
839 659 946 691 multa
978 663 1097 692 notatu
1135 660 1284 703 digniora
1319 660 1360 693 de
1395 661 1492 693 rebus
1524 660 1662 703 publicis
1688 659 1848 701 Styriacis
1881 662 1934 691 tu·

126 707 297 738 multuosis
325 710 358 738 et
385 707 424 738 de
443 707 617 738 vexatione
644 707 762 738 civium
777 705 914 739 Lutheri
938 706 1016 738 fidei
1041 707 1265 746 addictorum,
1293 708 1332 740 de
1345 707 1483 750 Kepleri
1507 708 1677 740 sententia
1701 708 1742 740 de
1766 707 1862 740 rebus
1888 706 1936 738 di-

124 754 219 790 vinis,
247 753 286 785 de
311 754 411 794 ipsius
437 754 516 790 vita,
543 753 657 785 studiis
684 753 838 795 aliisque,
865 763 951 796 quae
978 754 1088 786 omnia
1111 754 1164 786 hic
1191 756 1386 790 omittuntur
1411 755 1475 788 alio
1500 755 1574 787 loco
1599 755 1810 788 reservanda.
1862 753 1937 786 Hoc

123 804 254 832 tantum
280 801 441 837 addimus,
468 801 552 842 quod
578 801 707 842 propius
734 801 778 832 ad
802 811 881 838 rem,
909 801 949 833 de
975 811 1040 842 qua
1063 801 1114 833 his
1140 802 1267 844 agimus
1295 802 1397 839 foliis,
1424 803 1594 844 pertinens
1616 802 1776 844 judicium
1799 801 1937 843 Kepleri

124 849 164 879 de
191 848 369 890 astrologia
394 847 542 879 exhibet:
578 847 684 885 „Tu“‚
711 849 824 881 scribit
849 848 1122 888 Zehentmajerus
1149 849 1179 880 d.
1213 847 1263 880 13.
1292 849 1367 881 Oct.
1395 847 1472 887 99„
1510 850 1586 891 „qui
1611 850 1796 891 sapientiae
1820 847 1937 882 studiis

92 916 96 927 2
123 895 284 926 incumbis
311 899 345 926 et
370 895 495 926 futuros
521 899 657 927 eventus
685 905 724 927 ex
749 896 846 927 astris
870 896 1047 937 prospicis,
1081 905 1221 938 quaeso,
1258 897 1286 927 si
1318 896 1395 938 quid
1419 897 1454 928 in
1479 896 1621 928 siderum
1652 897 1761 938 positu
1786 894 1936 928 animad-

92 974 96 987 ,Δ
122 943 265 979 vertisti,
292 941 378 983 quod
403 941 569 983 singulare
595 942 672 983 quid
697 943 882 984 regionibus
907 942 998 974 hisce
1025 943 1219 980 denunciet,
1253 944 1335 975 mihi
1361 947 1394 975 et
1419 944 1589 976 Generoso
1617 954 1690 976 meo
1717 944 1936 976 communica.

121 989 324 1031 Magnopere
350 989 517 1021 desiderat
541 989 596 1020 ille
622 989 781 1030 ejusmodi
806 990 950 1032 speciale
975 991 1223 1033 prognosticon,
1262 991 1409 1032 inprimis
1435 1001 1456 1023 a
1480 995 1533 1027 te,
1566 991 1632 1023 viro
1659 991 1755 1024 docto
1782 994 1816 1023 et
1839 989 1936 1031 hujus

94 1038 97 1044 ’
124 1038 202 1068 artis
226 1037 342 1077 perito.
393 1036 463 1078 Ego
490 1046 572 1068 sane
597 1041 743 1069 mentem
768 1041 861 1069 tuam
887 1038 927 1069 de
954 1038 1112 1078 ejusmodi
1138 1038 1359 1081 singularibus
1383 1040 1453 1079 jam
1474 1042 1553 1071 ante
1576 1043 1784 1081 perspectam
1807 1037 1935 1070 habeo:

97 1084 201 1127 Lnihss
227 1083 380 1115 videlicet
407 1084 485 1116 certi
510 1084 544 1115 in
569 1084 677 1125 specie
708 1084 854 1125 praedici
878 1094 993 1126 posse,
1029 1089 1087 1117 aut
1112 1093 1248 1118 eventus
1275 1089 1381 1118 certos
1414 1085 1566 1124 definiri;
1600 1085 1660 1119 sed
1687 1085 1878 1129 generalem
1904 1088 1938 1117 et

99 1131 216 1163 'valde
242 1131 401 1163 lubricam
427 1140 498 1162 esse
526 1131 764 1173 astrologorum
789 1131 977 1164 notitiam.“
1901 1168 1906 1171 .

216 1177 343 1210 Similia
368 1178 530 1219 Keplerus
558 1179 673 1210 eodem
699 1182 844 1220 tempore
869 1179 1068 1212 Homelio
1096 1179 1245 1219 cuidam,
1273 1180 1414 1217 medico,
1440 1180 1666 1222 perscripsisse
1690 1179 1837 1219 videtur,
1867 1179 1936 1220 qui.

120 1236 195 1258 cum
218 1226 370 1257 themata
394 1226 606 1257 nativitatum
623 1226 797 1258 liberorum
821 1236 953 1259 suorum
979 1227 1020 1258 ab
1045 1227 1114 1268 ipso
1140 1228 1303 1268 petiisset,
1332 1228 1366 1258 in
1385 1227 1597 1269 responsione
1622 1227 1699 1259 vitio
1716 1231 1826 1259 vertat
1841 1226 1934 1268 Kep-

121 1274 205 1312 lero,
237 1273 344 1314 „quod
371 1272 454 1304 adeo
480 1274 632 1314 insurgat
656 1273 691 1304 in
717 1273 899 1306 doctrinam
917 1274 1063 1305 Arabum
1090 1278 1123 1306 et
1147 1274 1258 1316 procul
1287 1274 1384 1306 dubio
1409 1278 1580 1316 receptam
1605 1282 1628 1306 a
1650 1275 1763 1316 primis
1787 1274 1936 1316 patribus

124 1320 307 1352 doctrinam
334 1324 367 1352 et
392 1320 611 1352 fundamenta
637 1321 849 1363 astrologica,
876 1322 1070 1362 praesertim
1094 1322 1128 1353 in
1155 1322 1268 1353 domos
1294 1321 1536 1362 planetarum.“
1591 1320 1786 1364 „Perlege“,
1815 1321 1935 1364 pergit,

126 1368 243 1406 „libros
269 1366 489 1408 Theophrasti
513 1366 683 1399 Paracelsi
709 1372 742 1400 et
767 1369 914 1400 invenies
940 1367 1085 1401 diversas
1112 1378 1133 1400 a
1157 1373 1214 1400 tuo
1236 1368 1360 1409 judicio
1385 1369 1544 1406 rationes,
1569 1366 1685 1410 quibus
1711 1372 1745 1401 et
1767 1378 1826 1410 per
1850 1376 1936 1410 quae

123 1415 233 1446 media
258 1419 349 1446 astra
373 1415 542 1446 nobiscum
568 1416 822 1447 communicent.
873 1415 978 1447 Nemo
1004 1417 1154 1448 nascitur
1180 1417 1303 1457 absque
1328 1416 1489 1457 peculiari
1506 1416 1614 1452 domo,
1641 1416 1694 1449 cui
1718 1415 1865 1458 praefixa
1885 1418 1937 1447 est

125 1462 233 1499 stella,
260 1471 318 1494 seu
336 1461 476 1502 Hylech,
504 1471 601 1504 quem
627 1463 784 1504 angelum
809 1473 869 1494 seu
894 1463 1029 1505 genium
1048 1467 1107 1494 aut
1132 1464 1281 1504 spiritum
1305 1464 1454 1495 nomines
1479 1462 1633 1495 saltem-‘⁴

217 1508 272 1542 Sic
299 1519 339 1541 ex
355 1509 375 1541 J
384 1518 460 1540 oan
472 1510 534 1541 nis
561 1509 784 1547 Ericksen,
814 1510 962 1551 discipuli
981 1510 1146 1551 quondam
1163 1510 1339 1551 Tychonis,
1367 1510 1568 1552 astrologiae
1585 1509 1763 1542 admodum
1792 1509 1930 1548 addicti,

122 1557 223 1588 literis
250 1556 365 1588 eadem
391 1556 543 1598 colligere
569 1567 752 1598 possumus,
779 1558 972 1589 scribentis:
1001 1557 1131 1598 „Saepe
1156 1558 1234 1589 mihi
1258 1559 1349 1589 venit
1373 1559 1406 1589 in
1432 1562 1588 1595 mentem,
1614 1557 1691 1589 dum
1721 1566 1764 1589 ea
1789 1565 1874 1599 quae
1898 1560 1934 1588 te

123 1606 157 1635 in
183 1604 389 1646 astrologicis
416 1604 631 1635 disserentem
657 1604 821 1646 quondam
859 1605 968 1636 audivi
993 1606 1131 1641 rumino,
1158 1614 1280 1637 numne
1305 1614 1390 1647 quae
1415 1609 1543 1637 veteres
1569 1604 1610 1636 de
1634 1604 1843 1645 planetarum
1874 1603 1932 1636 do-

123 1651 228 1682 mibus
254 1651 472 1690 tradiderunt,
498 1651 541 1682 ad
566 1652 735 1683 stellarum
760 1653 974 1683 inerrantium
1001 1653 1097 1694 signa
1120 1653 1242 1692 potius,
1269 1661 1366 1694 quam
1392 1652 1660 1684 dodecatemoria
1685 1652 1852 1694 signorum
1869 1651 1932 1683 cir·-

123 1699 187 1730 culi
212 1700 278 1730 sint
302 1699 485 1730 referenda.
536 1699 677 1730 Averem
704 1709 743 1730 ex
768 1703 802 1731 te
829 1708 1046 1740 cognoscere,
1083 1700 1198 1741 quibus
1233 1699 1456 1731 fundamentis
1490 1699 1658 1731 domorum
1682 1697 1797 1730 mundi
1831 1698 1932 1741 sigui-

122 1746 225 1777 ficata
249 1746 443 1782 innitantur,
472 1755 529 1777 cur
553 1747 677 1786 primae
702 1747 781 1784 vita,
809 1746 976 1777 secundae
1002 1746 1127 1778 lucrum
1152 1745 1211 1778 &c-
1239 1747 1306 1778 sint
1336 1747 1508 1778 attributa.
1558 1745 1667 1785 Quam
1690 1745 1819 1783 vellem,
1849 1753 1934 1787 quae

123 1792 163 1824 de
190 1793 422 1825 directionibus
447 1794 636 1833 scripseras,
662 1793 859 1834 perlustrare
884 1803 1025 1834 possem,
1053 1794 1079 1825 si
1096 1794 1146 1825 ita
1170 1794 1229 1825 tibi
1254 1794 1360 1825 visum
1376 1794 1485 1830 fuerit,
1512 1792 1635 1825 Davidi
1651 1793 1802 1825 Fabricio
1816 1791 1934 1824 eadem

123 1849 233 1881 opera,
260 1841 313 1882 qui
338 1841 373 1871 in
389 1841 568 1881 propinquo
585 1840 638 1872 hic
657 1840 757 1882 degit,
784 1840 1092 1873 communicanda.“
1121 1838 1165 1880 (E
1183 1841 1283 1872 literis
1301 1841 1333 1873 d.
1355 1840 1558 1873 Daventriae
1575 1840 1607 1872 d.
1627 1837 1683 1871 29.
1704 1839 1795 1882 Sept.
1814 1836 1933 1879 1601.)

217 1898 277 1930 His
311 1899 448 1930 tandem
484 1899 710 1940 subjungimus
748 1907 805 1938 ea,
839 1908 924 1940 quae
962 1899 1126 1940 Keplerus
1162 1908 1221 1940 per
1253 1898 1366 1930 literas
1402 1899 1470 1940 egit
1502 1908 1576 1931 cum
1611 1898 1686 1936 illc,
1722 1908 1818 1940 quem
1855 1897 1936 1930 dicit

124 1945 292 1982 Ericksen,
312 1945 477 1977 Davide
495 1946 550 1976 Fa
562 1947 692 1978 bricio
704 1969 712 1982 ‚
739 1947 793 1987 qui
815 1947 900 1977 inter
918 1956 1048 1982 omnes,
1076 1955 1150 1978 cum
1167 1946 1282 1987 quibus
1301 1949 1513 1977 conversatus
1534 1948 1585 1977 est
1600 1945 1776 1987 Keplerus,
1800 1944 1935 1976 maximi

123 1993 238 2024 habuit
263 1993 474 2034 astrologiam
499 1994 764 2035 sententiamque
791 1993 831 2024 de
857 1994 913 2024 illa
938 1994 1054 2024 mirum
1078 1994 1113 2024 in
1138 1993 1269 2024 modum
1290 1993 1436 2034 Keplero
1464 1993 1608 2024 extorsit.
1658 1992 1777 2023 Insunt
1793 1991 1935 2023 Fabricii

123 2040 239 2071 literae
263 2039 462 2081 Keplerique
488 2041 734 2081 responsionum
760 2040 949 2072 adversaria
974 2040 1024 2072 vel
1051 2040 1253 2081 exemplaria
1276 2049 1335 2081 per
1361 2049 1581 2072 amanuenses
1606 2039 1744 2080 Kepleri
1769 2039 1936 2080 descripta

124 2085 224 2128 (quod
249 2087 332 2118 forte
351 2086 424 2118 Ursi
449 2087 676 2119 immodestiae
701 2087 920 2119 tribuendum.
962 2087 1044 2118 Vide
1062 2096 1161 2128 supra
1176 2097 1207 2128 p.
1228 2085 1327 2126 234.)
1346 2087 1500 2119 volumini
1517 2086 1558 2118 X.
1576 2086 1657 2119 Mss.
1672 2085 1933 2128 Petropolitano-

121 2144 203 2166 rum.
228 2134 338 2166 Minus
351 2135 524 2175 perspicua
536 2134 677 2166 Fabricii
692 2135 1004 2176 amanuensiumque
1019 2134 1155 2175 Kepleri
1167 2143 1284 2166 manus
1298 2144 1356 2166 seu
1369 2135 1501 2167 inscitia
1512 2134 1630 2166 horum
1643 2143 1703 2166 seu
1715 2133 1933 2176 negligentia,

123 2181 289 2213 difficilem
314 2190 388 2213 eam
413 2183 542 2223 saepius
567 2182 718 2214 fecerunt
743 2182 917 2223 explicatu.
968 2182 1108 2214 Fabricii
1133 2182 1295 2214 scribendi
1312 2182 1407 2220 ratio,
1436 2191 1511 2224 qua,
1539 2181 1697 2224 quidquid
1714 2181 1748 2212 in
1769 2181 1935 2213 calamum

123 2230 260 2264 veniret,
284 2229 387 2260 literis
412 2229 606 2265 mandabat,
633 2228 815 2270 Keplerum
833 2230 943 2268 movit,
971 2233 1009 2260 ut
1026 2229 1167 2272 singula,
1195 2229 1238 2261 ad
1264 2238 1349 2271 quae
1367 2229 1596 2271 respondebat,
1620 2228 1764 2260 numeris
1781 2231 1933 2265 notaret;

123 2286 181 2308 nos
207 2285 282 2308 vero
308 2280 416 2307 ratum
441 2276 625 2312 habuimus,
652 2277 787 2318 singulis
805 2277 945 2308 Fabricii
971 2277 1216 2318 quaestionibus
1231 2277 1539 2318 exceptionibusque
1563 2277 1708 2318 proxime
1733 2275 1934 2317 subjungere

123 2324 259 2365 Kepleri
283 2332 451 2364 responsa,
477 2324 577 2364 ipsius
603 2325 707 2355 secuti
732 2324 864 2356 modum
888 2323 1036 2365 Kepleri,
1062 2334 1124 2366 quo
1150 2333 1227 2355 usus
1253 2328 1303 2356 est
1327 2326 1361 2355 in
1390 2324 1541 2366 „Eclogis
1568 2321 1771 2355 Chronicisr‘*

218 2383 270 2415 De
289 2383 429 2415 Fabricii
455 2384 523 2415 vita
546 2383 630 2416 haec
657 2384 750 2415 nobis
775 2384 956 2416 innotuere.
1008 2382 1117 2416 Natus
1143 2387 1194 2415 est
1220 2392 1306 2415 anno
1335 2380 1425 2414 1564
1443 2382 1574 2415 Esenae
1597 2382 1722 2414 Frisiae
1747 2380 1932 2417 orientalis;

125 2433 228 2464 literis
255 2431 356 2462 sacris
384 2440 516 2472 operam
544 2430 656 2468 dabat,
683 2441 745 2463 nec
772 2440 837 2462 non
865 2431 1136 2462 mathematicam
1165 2431 1461 2472 astronomiamque
1489 2429 1628 2462 colebat.
1678 2428 1933 2460 Inobservatio-

126 2481 220 2511 nibus
246 2478 415 2510 stellarum
442 2477 635 2515 excellebat,
663 2488 792 2510 omnem
818 2478 1013 2510 industriam
1039 2482 1073 2509 et
1098 2478 1315 2510 subtilitatem
1341 2477 1519 2514 adhibens,
1546 2476 1684 2517 acieque
1708 2475 1797 2507 visus
1820 2475 1933 2517 singu-

126 2528 184 2559 lari
209 2526 394 2567 praeditus,
421 2526 470 2557 ita
495 2530 531 2557 ut
555 2526 719 2567 Keplerus
745 2535 819 2557 eum
846 2526 994 2566 Tychoni
1021 2529 1237 2566 compararet,
1265 2525 1397 2556 dicens:
1436 2520 1503 2562 „vir
1527 2522 1603 2554 talis
1635 2523 1670 2554 in
1695 2522 1934 2556 astronomicis,

125 2584 226 2616 penes
252 2583 365 2615 quem,
401 2577 475 2614 post
501 2574 697 2605 exstinctam
730 2582 804 2604 cum
830 2577 966 2604 auctore
992 2572 1121 2604 Braheo
1149 2571 1354 2614 diligentiam
1388 2570 1582 2603 observandi
1615 2569 1794 2609 coelestia,
1830 2568 1934 2600 omnis

126 2626 193 2653 stat
216 2621 250 2652 in
276 2620 476 2651 observando
503 2620 718 2652 auctoritas“.
768 2618 856 2659 (Lib.
885 2620 924 2651 de
952 2619 1056 2651 Stella
1079 2628 1165 2650 nova
1191 2628 1264 2660 cap.
1291 2617 1383 2657 XII.)
1432 2617 1569 2658 Kepleri
1605 2617 1774 2659 ingenium
1799 2615 1934 2648 maximi

124 2668 248 2699 habens
273 2667 487 2699 libentissime
514 2667 671 2699 audiebat
695 2671 895 2704 monentem,
924 2670 1059 2708 paratus
1090 2675 1218 2708 semper
1247 2665 1290 2697 ad
1308 2665 1416 2697 officia
1441 2674 1515 2696 cum
1533 2664 1756 2696 astronomica
1779 2666 1850 2694 tum
1868 2662 1936 2695 alia

126 2716 186 2757 ipsi
212 2724 233 2746 a
257 2714 401 2755 Keplero
427 2714 588 2746 mandata
612 2714 824 2755 perficienda.
875 2713 1016 2746 Scatens
1042 2717 1154 2745 autem
1179 2713 1408 2754 superstitione
1434 2711 1630 2752 astrologiae
1655 2710 1792 2742 nimium
1809 2710 1933 2742 tribue.-

126 2763 203 2799 bat3
227 2762 349 2802 judicio
375 2761 546 2793 imbecillis
570 2762 604 2792 in
629 2762 763 2793 minutis
789 2761 992 2798 versabatur,
1019 2761 1170 2802 graviora
1194 2770 1259 2791 non
1281 2759 1488 2802 intelligebat
1505 2757 1705 2799 Keplerique
1723 2757 1933 2789 velocitatem

131 2810 370 2851 cogitationum
396 2812 429 2839 et
454 2809 693 2840 sententiarum
718 2809 914 2840 varietatem
940 2818 1006 2839 non
1033 2811 1204 2840 assecutus
1230 2810 1297 2843 est;
1330 2805 1532 2847 opinionibus
1557 2804 1791 2845 praejudicatis
1816 2804 1935 2835 ductus

130 2866 171 2887 ne
199 2865 297 2887 ausus
323 2855 454 2896 quidem
480 2859 530 2887 est
556 2856 723 2887 discedere
750 2865 771 2887 a
795 2853 985 2887 Ptolemaeo
1013 2859 1071 2886 aut
1096 2855 1186 2896 sequi
1213 2853 1384 2894 Copernici
1408 2853 1449 2884 de
1474 2852 1595 2883 mundo
1620 2852 1792 2888 rationem,
1819 2859 1935 2892 quam—

130 2912 228 2943 quam
254 2903 443 2943 saepissime
469 2903 628 2934 incitatus
655 2912 676 2934 a
699 2903 855 2944 Keplero.
909 2902 981 2941 Quo
1006 2906 1152 2943 tempore
1177 2901 1384 2933 familiaritas
1409 2899 1474 2940 ipsiv
1489 2908 1562 2930 cum
1579 2898 1724 2939 Keplero
1747 2897 1934 2930 intercede-

130 2950 198 2984 bat,
224 2951 363 2990 pastoris
388 2959 523 2981 munere
550 2950 749 2991 fungebatur
766 2949 1006 2982 Resterhaviae
1031 2949 1154 2980 Frisiae
1181 2947 1359 2986 orientalis,
1387 2946 1504 2978 deinde
1523 2943 1648 2985 (1602)
1666 2946 1821 2982 Auricae,
1846 2943 1934 2976 unde

128 2996 216 3027 brevi
251 2997 311 3033 „ob
337 2996 456 3027 bellum
481 2998 514 3027 in
541 2997 645 3027 Frisia
678 3001 807 3039 gestum
846 2997 998 3038 migravit
1023 2994 1202 3031 Esenam“,
1238 2995 1294 3026 ubi
1328 3004 1405 3035 „pro
1440 2997 1586 3034 tempore
1619 2993 1774 3033 principis
1810 2991 1934 3023 aulicus

130 3043 340 3074 concionator
364 3043 467 3075 habet
490 3043 626 3075 liberam
651 3044 685 3075 in
711 3053 787 3076 arce
812 3043 996 3081 mensam“,
1030 3043 1168 3085 denique
1195 3041 1328 3077 Ostelae
1354 3038 1479 3080 (1604)
1507 3040 1746 3073 concionatoris
1770 3038 1931 3081 fungeba-

130 3093 182 3121 tur
205 3098 350 3121 munere.
