2028 3242
144 94 226 138 148
824 91 974 132 Mysterii
1002 92 1270 135 Cosmograpbici

877 233 1037 296 Caput
1073 231 1214 280 XIII.

138 339 212 378 De
245 339 536 392 computandis
567 337 735 378 orbibus
765 337 840 388 qui
871 337 1117 390 corporibus
1153 338 1442 377 inscribuntur
1476 342 1517 377 et
1545 338 1955 380 circumscribuntur.

256 433 462 472 Hactenus
495 431 591 471 ‘nihil
625 432 793 479 dictum,
837 430 910 470 nisi
953 436 1226 470 consentanea
1259 430 1453 483 quaedam
1489 430 1605 482 signa
1643 437 1685 472 et
1719 431 1854 484 *elnone
1885 446 1954 472 su—

140 492 267 543 scepti
301 491 577 532 theorematis.
629 491 900 530 Transeamus
934 490 1050 529 modo
1085 489 1135 529 ad
1167 489 1401 540 ἀποςηματα
1433 489 1587 530 orbium
1612 491 1884 532 astronomiae
1915 496 1958 532 et

142 551 506 591 demonstrationes
545 551 834 602 geometricas:
885 562 985 601 quae
1026 548 1103 588 nisi
1143 549 1421 597 consentiant,
1466 549 1605 601 procul
1644 549 1763 590 dubio
1801 563 1956 591 omnem

136 610 445 662 praecedentem
479 621 641 660 operam
675 608 898 649 luserimus.
951 608 1128 647 Primum
1154 609 1325 648 omnium
1353 607 1573 658 videamus,
1607 607 1644 648 in
1677 614 1828 662 quanta
1857 621 1954 662 pro-

136 668 318 721 portione
353 669 436 708 sint
466 670 584 707 orbes
618 668 786 720 singulis
827 667 887 706 his
930 667 1101 719 quinque
1141 666 1371 718 corporibus
1405 667 1656 719 regularibus
1690 668 1954 721 inscripti‘ad

137 728 475 779 circumscriptos.

253 786 310 826 Et
341 786 443 826 radii
477 786 632 838 quidem
673 784 759 823 sive
799 783 1084 824 semidiametri
1125 784 1514 836 circumscriptorum
1555 791 1732 837 aequant
1762 784 1953 825 semidia-

136 845 277 896 'gonios
311 857 533 897 corporum.
597 845 703 885 Nam
736 843 812 883 nisi
846 855 982 882 omnes
1016 843 1151 895 anguli
1189 843 1337 895 figurae
1371 843 1580 896 tetigerint
1611 844 1778 884 eandem
1810 855 1953 896 super-

138 904 278 952 ficiem,
313 916 455 955 corpus
489 904 671 955 regulare
707 915 782 942 nou
817 902 905 941 erit.
956 901 1047 942 Bini
1081 907 1215 942 autem
1247 902 1382 954 anguli
1408 903 1583 954 oppositi
1614 907 1750 943 mutuo
1783 908 1825 943 et
1855 915 1952 942 cen-

136 969 239 1002 trum
272 963 423 1015 figurae
457 975 615 1014 semper
654 967 748 1001 sunt
786 961 822 1001 in
864 961 1004 1000 eadem
1044 961 1149 1000 linea
1187 961 1270 1000 sive
1310 961 1375 1001 axi
1408 962 1529 1002 orbis.
1591 961 1803 1013 Excipitur
1834 974 1953 1002 unum

137 1022 384 1071 tetraedron‚
421 1022 525 1073 quod
557 1022 682 1061 habet
714 1020 893 1072 singulos
927 1021 1095 1071 angulos
1128 1020 1295 1072 singulis
1330 1020 1518 1060 facierum
1551 1020 1701 1061 centris
1727 1020 1948 1074 oppositos.

253 1080 347 1121 Jam
382 1086 497 1120 recta
529 1085 771 1120 connectens
805 1085 945 1118 centra
976 1080 1124 1131 figurae
1157 1086 1199 1119 et
1237 1080 1346 1119 basis
1380 1085 1442 1119 est
1475 1080 1610 1120 radius
1642 1079 1728 1119 sive
1760 1079 1952 1120 semidia-

133 1145 264 1188 meter
309 1139 490 1191 inscripti
535 1152 607 1191 per
652 1139 833 1180 ultimam
878 1138 942 1178 lib.
981 1137 1076 1179 XV.
1149 1135 1345 1190 Campani
1383 1139 1423 1178 in
1459 1138 1681 1180 Euclidem.
1709 1134 1769 1188 ⁴⁸)
1831 1137 1952 1180 Orbis

137 1200 239 1238 enim
271 1199 486 1250 inscriptus
521 1206 686 1251 tangere
730 1198 851 1237 debet
889 1198 1021 1236 omnia
1063 1203 1203 1237 centra
1247 1199 1414 1250 figurae,
1462 1203 1503 1238 et
1543 1199 1692 1251 figurae
1734 1197 1952 1251 inscriptae

140 1270 228 1297 cum
260 1257 573 1310 circumscriptis
605 1270 741 1297 omnes
774 1256 984 1309 possident
1015 1257 1118 1296 idem
1150 1264 1344 1297 centrum.

340 1339 401 1370 mg,
424 1337 467 1365 18,
773 1315 887 1362 Quod
911 1329 998 1356 cum
1019 1316 1078 1355 ita
1098 1316 1163 1364 sit,
1200 1316 1316 1356 facile
1338 1321 1402 1356 est
1422 1315 1570 1365 videre,
1596 1315 1818 1368 potentiam
1837 1315 1953 1364 radii,

649 1389 725 1428 quo
747 1375 917 1415 circulus
938 1375 1026 1414 basi
1046 1375 1394 1423 circumscribitur,
1417 1374 1674 1415 auferendam
1699 1375 1748 1415 de
1772 1375 1958 1428 potentia

652 1435 754 1475 radii
776 1434 882 1474 orbis
904 1434 1207 1486 circumscripti,
1230 1440 1273 1474 ut
1292 1433 1454 1474 residua
1473 1433 1528 1474 sit
1545 1433 1728 1486 potentia
1747 1433 1956 1486 quaesitae

654 1495 786 1534 lineae
820 1489 1023 1532 seu'radii
1057 1493 1165 1533 orbis
1196 1493 1392 1545 inscripti.
1447 1493 1492 1532 In
1525 1493 1716 1545 adjuncto
1749 1493 1955 1533 schemate

651 1551 775 1592 HOM
798 1557 862 1591 est
881 1552 968 1591 axis
990 1553 1279 1604 circumscripti
1306 1552 1426 1600 orbis,
1449 1551 1574 1604 cujus,
1597 1557 1642 1592 nt
1662 1557 1704 1592 et
1721 1552 1872 1604 figurae
1891 1551 1956 1592 in-

654 1612 829 1662 scriptae
851 1623 1056 1650 commune
1078 1617 1255 1651 centrum
1278 1611 1315 1651 in
1333 1611 1382 1658 O,
1402 1609 1521 1650 HGL
1540 1611 1701 1663 planum
1716 1623 1834 1651 unum
1853 1611 1955 1663 figu-

653 1684 733 1719 rae,
768 1670 871 1721 quod
904 1670 967 1709 hic
994 1670 1048 1709 sit
1075 1671 1198 1718 basis,
1231 1671 1257 1710 J
1278 1676 1458 1709 centrum
1478 1669 1600 1718 basis,
1634 1669 1700 1710 HJ
1718 1669 1856 1710 radius
1876 1670 1955 1710 cir-

653 1728 885 1779 cumscripti
916 1728 1017 1768 basi.
1068 1729 1124 1768 Et
1155 1735 1268 1769 recta
1295 1742 1344 1768 ex
1371 1734 1508 1770 centro
1536 1729 1644 1769 orbis
1665 1727 1702 1769 Ο
1732 1729 1772 1769 in
1801 1729 1830 1773 J
1857 1741 1956 1769 cen-

612 1795 755 1873 ἐρωῇ
778 1787 940 1827 minoris
968 1787 1105 1827 circuli
1135 1788 1311 1828 demissa
1342 1788 1682 1840 perpendicularis
1707 1787 1786 1828 erit
1810 1787 1957 1828 circulo

656 1854 696 1887 et
728 1847 855 1886 lineae
877 1846 956 1886 HJ.
990 1847 1034 1885 In
1056 1848 1255 1899 triangulo
1276 1848 1396 1898 igitur
1415 1846 1520 1887 HJO
1541 1847 1710 1899 angulus
1736 1847 1789 1887 ad
1812 1846 1840 1886 J
1863 1858 1956 1887 rec-

654 1964 837 2017 potentia
855 1963 921 2003 IIJ
948 1965 1085 2004 ablata
1107 1978 1155 2004 ex
1182 1964 1258 2004 ΗΟ
1285 1964 1479 2016 potentia,
1514 1965 1702 2017 relinquit
1721 1963 1786 2005 JO
1810 1969 1958 2017 poten-

149 2026 245 2066 tiam
281 2026 503 2077 quaesitam
538 2026 605 2073 (E.
642 2026 670 2071 Ι,
705 2021 796 2070 47).
826 2018 884 2070 ⁴⁶)

262 2084 364 2124 Hinc
404 2090 590 2135 apparet,
634 2089 676 2122 ut
715 2082 909 2121 habeatur
939 2080 1004 2120 JO
1046 2081 1084 2120 in
1124 2081 1305 2120 omnibus
1351 2082 1503 2133 figuris,
1559 2081 1829 2134 quaerendam
1866 2093 1957 2121 esse

143 2143 252 2195 prius
286 2143 353 2182 HJ
386 2143 537 2182 radium
563 2142 688 2181 basis.
753 2141 934 2179 Habetur
967 2148 1101 2180 autem
1134 2147 1176 2179 et
1205 2141 1272 2180 HJ
1304 2141 1460 2188 radius,
1500 2141 1660 2193 cognito
1696 2141 1822 2180 latere
1853 2140 1957 2192 figu-

145 2215 232 2250 rae,
273 2203 333 2241 cui
373 2201 561 2241 ciiculum
602 2199 901 2239 circumscribit.
972 2199 1073 2238 Hinc
1115 2212 1290 2248 rursum,
1336 2205 1381 2239 ut
1419 2200 1555 2240 radius
1594 2200 1705 2240 basis
1744 2199 1954 2248 habeatur,

146 2261 411 2313 quaerendum
442 2260 551 2312 prius
584 2260 690 2299 latus
724 2258 936 2310 cujuslibet
975 2258 1135 2310 figuiffiae

262 2319 461 2358 Assumto
494 2319 614 2368 igitur
645 2318 756 2357 radio
788 2317 1078 2368 circumscripti
1111 2318 1323 2369 cujuslibet
1355 2318 1393 2358 in
1428 2295 1655 2369 quantitate
1689 2317 1800 2362 sinus
1831 2316 1957 2357 totius

151 2376 262 2418 1000
295 2378 466 2429 partium
502 2377 670 2424 (suflicit
702 2383 837 2416 nostro
871 2376 1056 2416 instituto
1091 2377 1188 2416 haec
1220 2377 1321 2416 radii
1346 2377 1600 2429 magnitudo)
1633 2375 1818 2429 potentia
1848 2375 1956 2415 late-

145 2437 197 2475 ris
232 2437 357 2476 cubici
393 2437 524 2483 (Eucl.
559 2436 673 2483 XIII,
716 2435 785 2487 15)
820 2442 883 2475 est
914 2448 1008 2487 pars
1043 2436 1164 2475 tertia
1195 2437 1400 2488 potentiae
1434 2437 1536 2484 axis,
1571 2442 1614 2476 ut
1645 2436 1678 2476 si
1711 2435 1799 2475 axis
1831 2434 1957 2474 habet

146 2494 277 2543 2000,
322 2496 426 2535 latus
460 2495 549 2534 cubi
582 2496 704 2534 habet
742 2491 863 2534 1155.
928 2495 1090 2534 Lateris
1129 2496 1308 2534 octaedri
1347 2495 1529 2546 potentia
1562 2493 1698 2547 (Eucl.
1730 2493 1845 2542 XIII,
1884 2491 1957 2541 14)

146 2561 209 2592 cst
242 2555 444 2593 dimidium
479 2555 682 2605 potentiae
716 2554 817 2593 axis.
881 2554 1041 2593 Lateris
1063 2554 1295 2594 tetraedrici
1315 2554 1498 2606 potentia
1519 2561 1583 2593 est
1606 2553 1678 2601 (ib.
1705 2551 1777 2601 13)
1797 2552 1956 2605 sesqui-

146 2614 273 2652 altera
314 2626 407 2664 pars
447 2614 494 2652 de
533 2613 715 2664 potentia
760 2608 935 2660 axis.³f)
1000 2613 1133 2664 Atque
1180 2613 1371 2652 hactenus
1414 2613 1499 2652 usui
1540 2613 1615 2652 fuit
1653 2624 1813 2652 aureum
1858 2610 1958 2651 illud

146 2672 350 2711 theorema
382 2672 636 2724 Pythagorae
677 2672 723 2710 de
757 2671 949 2723 potentiis
989 2671 1158 2711 laterum
1197 2672 1234 2711 in
1269 2672 1467 2723 triangulo
1500 2671 1744 2723 rectaugulo.
1808 2669 1854 2710 In
1887 2682 1956 2710 ce—

145 2730 242 2769 teris
282 2731 433 2769 duobus
467 2731 697 2782 corporibus
738 2733 864 2769 altero
899 2730 964 2769 illo
1003 2731 1248 2782 geometriae
1289 2731 1476 2770 thesauro
1508 2742 1607 2781 opus
1641 2735 1724 2778 est,
1764 2726 1812 2768 de
1851 2729 1958 2769 linea

578 1905 586 1914 '
655 1912 733 1946 tus.
773 1905 882 1956 Elgo
908 1904 986 1944 ΗΟ
1018 1907 1200 1956 potentia
1234 1911 1381 1958 aequat
1412 1906 1617 1957 potentias
1649 1897 1727 1954 HJ,
1761 1905 1839 1947 JO.
1902 1905 1959 1946 Et
2019 1955 2023 1958 ἡ

147 2789 362 2827 secundum
395 2795 614 2828 extremam
655 2795 694 2828 ct
726 2789 898 2828 mediam
932 2790 1128 2828 rationem
1166 2796 1280 2829 secta
1312 2789 1445 2836 (Eucl.
1481 2789 1554 2837 VJ,
1589 2786 1677 2835 30).
1743 2789 1850 2828 Nam
1881 2787 1955 2827 do-
2025 2788 2028 2790 ’

147 2846 423 2886 ἀροαόἀνίοωι]
458 2848 563 2887 latus
597 2854 660 2887 est
692 2848 820 2898 major
851 2848 980 2899 portio
1015 2849 1153 2887 lateris
1187 2848 1312 2888 cubici
1345 2847 1447 2886 secti
1487 2847 1702 2886 secundum
1735 2852 1956 2886 extremam

147 2910 186 2942 et
218 2905 387 2943 mediam
421 2906 615 2945 rationem
650 2906 782 2953 (Eucl.
816 2907 929 2955 XIII,
970 2907 1034 2947 17.
1059 2907 1188 2955 Cor.).
1251 2906 1318 2946 Sic
1350 2919 1420 2958 pro
1454 2906 1698 2946 icosaedrico
1730 2905 1859 2945 latere
1891 2905 1956 2944 in-
2025 2935 2028 2939 .

147 2962 339 3001 veniendo
373 2963 538 3014 primum
573 2965 774 3016 quaeritur
807 2966 941 3005 radius
975 2965 1080 3005 illius
1113 2966 1260 3014 circuli,
1296 2965 1359 3017 qui
1393 2964 1561 3017 quinque
1594 2964 1793 3004 icosaedri
1825 2963 1957 3015 tangit

147 3021 325 3071 angulos,
350 3022 412 3072 qui
434 3028 497 3061 est
511 3022 583 3061 AC
609 3024 645 3061 in
668 3024 813 3063 circulo
829 3025 902 3063 AB
917 3025 1001 3075 (fig.
1028 3023 1108 3072 19).
1136 3025 1237 3075 Ejus
1257 3024 1438 3075 potentia
1459 3029 1523 3062 est
1537 3023 1674 3075 quinta
1694 3035 1788 3074 pars
1812 3024 1860 3063 de
1879 3035 1955 3075 po-
2017 3044 2028 3066 -,

149 3079 274 3118 tentia
295 3079 382 3118 axis
406 3080 536 3125 (Eucl.
560 3081 672 3130 XIII,
702 3080 766 3122 16.
791 3082 904 3129 Cor.)
951 3083 1077 3135 Igitur
1098 3083 1169 3130 (ib.
1194 3082 1219 3123 5
1242 3088 1283 3123 et
1303 3080 1349 3130 9)
1382 3082 1480 3123 radii
1502 3082 1617 3122 istius
1638 3081 1712 3122 AC
1741 3082 1955 3122 secundum
