2028 3242
161 99 211 141 41
221 98 248 140 2
921 96 1056 131 Literae
1073 97 1211 140 Kepleri

277 205 526 238 Herwartus
562 203 610 236 ab
640 201 899 246 Hohenburg
933 203 967 235 in
991 202 1094 235 literis
1120 203 1151 235 d.
1181 201 1213 235 2.
1239 203 1317 236 Jan.
1347 202 1450 237 1599.
1481 205 1524 238 de
1547 205 1613 239 hac
1636 205 1773 248 Kepleri
1805 206 1974 239 sententia

164 254 290 286 scribit:
323 253 405 285 Was
431 253 488 284 der
511 251 597 284 Hert
621 252 656 283 in
680 252 788 283 seiner
811 250 967 283 Praetica
991 260 1032 282 zu
1056 250 1131 282 End
1156 251 1327 284 derselben
1353 252 1394 284 de
1417 256 1563 295 tempore
1594 257 1630 286 et
1657 253 1846 296 quantitate
1872 248 1913 297 ό
1938 257 1973 285 et

162 299 195 343 00
222 300 430 332 luminarium
464 302 498 331 et
530 298 699 341 eclipsium
725 297 926 335 discurriert,
962 298 1031 330 hab
1051 298 1116 330 rich
1148 308 1230 340 gem
1254 299 1406 341 gelesen,
1432 300 1501 333 und
1530 301 1724 338 vemimmffi
1751 300 1828 332 dass
1854 299 1973 334 etliche

158 347 389 380 Mathematici
418 347 452 378 in
479 346 606 385 Saxeu,
646 345 724 377 alda
747 354 826 376 man
852 345 904 377 die
929 345 1086 378 bedeutte
1117 347 1234 388 jiingst
1265 346 1473 380 beschehene
1504 357 1618 391 grosse
1641 348 1850 384 riustemuss
1875 347 1968 380 coelo

159 406 274 428 sereno
299 395 362 427 wol
387 393 544 437 gesehen,
571 394 606 425 id
630 393 736 435 ipsum
761 392 919 424 observirt
941 393 1051 425 haben
1077 393 1201 429 souen,
1228 393 1288 425 das
1313 394 1456 427 nemlich
1481 394 1534 428 die
1560 394 1651 428 Sonn
1675 393 1853 427 damshlen
1877 393 1971 428 nicht

158 454 220 475 von
244 443 374 480 unden,
407 441 547 474 sondern
581 450 644 472 von
670 440 754 472 oben
778 439 838 472 her
870 440 923 472 bei
953 436 995 480 ³l⁴
1031 440 1216 472 verfinstert
1240 441 1385 474 worden.
1434 442 1507 475 Bitt
1537 451 1593 475 um
1617 441 1839 485 Erleuterung
1861 442 1972 475 dieser

161 491 342 526 anomalia,
366 490 429 522 wie
453 490 500 521 sie
526 489 570 521 ad
592 487 790 529 hypothesin
815 487 988 529 Copernici
1013 498 1055 520 zu
1080 489 1353 521 accommodiren.

275 586 328 618 Ad
350 585 437 618 haec
461 582 631 626 respondit
654 582 886 625 Keplerus:

276 669 339 709 De
373 667 481 708 Solis
515 666 655 718 eclipsi
695 666 863 718 primum
902 668 1024 724 valde
1061 667 1157 708 mihi
1196 671 1355 720 gratum
1387 672 1472 716 est,
1513 667 1705 708 accedere
1746 668 1798 708 ad
1838 680 1969 708 meam
2002 678 2008 682 ·

158 730 325 770 aliorum
359 740 512 780 quoque
558 726 883 774 observationes,
929 727 1072 779 quibus
1112 727 1325 779 praecipue
1364 726 1479 779 digiti
1519 726 1696 780 ecliptici
1732 727 1966 780 prodantur.

159 789 268 830 Sane
299 800 442 828 novem
476 785 625 837 digitos
658 784 744 837 ipse
777 798 945 837 quoque,
978 787 1050 827 sed
1082 786 1232 826 oculari
1261 787 1407 827 saltem
1427 787 1670 840 conjectura,
1702 787 1814 828 nulla
1831 785 1968 827 circini

157 848 339 900 ἀκριβείᾳ
371 846 615 886 constituere
647 849 843 896 poteram.

274 908 415 958 Itaque
448 916 691 957 magnopere
723 907 765 943 te
797 916 885 953 oro,
919 909 965 944 ut
994 904 1099 944 inter
1129 908 1288 944 ceteras
1321 903 1534 946 aliorum
1566 904 1965 955 observationes,

157 980 256 1019 quas
287 964 512 1018 polliceris,
557 963 661 1003 hanc
694 962 835 1011 etiam,
876 964 943 1004 ubi
974 968 1118 1004 nactus
1150 963 1252 1011 eris,
1291 963 1499 1017 adjungas.
1561 963 1734 1006 Omnino
1765 965 1868 1006 haec
1899 965 1968 1006 via

157 1031 220 1066 est
252 1026 304 1065 ad
334 1022 620 1077 perfectionem
653 1022 766 1062 artis.
830 1021 1194 1064 observationibus
1233 1023 1319 1075 ipse
1351 1023 1742 1076 quoquedncumbo,
1785 1024 1966 1077 quamvis

156 1086 262 1126 nullo
299 1084 654 1124 instrumentorum
692 1083 876 1134 remigio,
918 1083 984 1123 vel
1022 1083 1113 1123 ideo
1152 1084 1315 1131 saltem,
1362 1088 1408 1123 ut
1445 1082 1480 1123 si
1523 1083 1681 1136 quando
1718 1083 1760 1123 in
1797 1083 1967 1124 aliorum

156 1143 460 1185 observationes
503 1141 698 1189 incidam,
745 1155 822 1182 non
869 1142 967 1183 nihil
1011 1138 1202 1192 habeam,
1250 1155 1326 1195 quo
1370 1142 1621 1194 diligentiam
1661 1142 1965 1184 observatorum

154 1205 373 1256 explorem.
435 1201 542 1243 Nam
573 1201 649 1240 hae
671 1201 976 1255 observationes
996 1215 1173 1251 crassae,
1209 1215 1308 1255 quae
1341 1203 1594 1254 planetarum
1627 1201 1680 1242 ad
1709 1202 1812 1243 fixas
1843 1202 1965 1244 sitnm
1994 1221 1997 1225 ’

155 1264 280 1303 variis
313 1261 626 1302 circumstantiis
657 1261 844 1313 produnt,
878 1261 956 1301 etsi
987 1274 1066 1301 non
1099 1262 1151 1302 ad
1182 1266 1266 1301 tam
1298 1261 1465 1314 exiguas
1495 1261 1791 1314 portiunculas,
1823 1266 1870 1303 ut
1898 1261 1965 1302 in-

156 1321 477 1368 strumentariae‚
512 1320 731 1367 deducunt,
763 1320 892 1360 minus
924 1326 1073 1370 tamen,
1108 1334 1225 1373 quam
1250 1320 1363 1366 illae,
1407 1320 1603 1361 obnoxiae
1634 1325 1729 1361 sunt
1758 1320 1818 1362 illi
1848 1333 1964 1362 erro-

158 1396 245 1422 rum
275 1379 479 1428 varietati,
516 1379 582 1432 qui
613 1380 825 1420 confertim
855 1380 1133 1421 instrumentis
1164 1379 1419 1420 insidiantur.
1482 1380 1545 1420 De
1566 1392 1698 1420 annua
1727 1379 1804 1420 hac
1834 1380 1963 1434 eclip-

159 1442 258 1482 sium
292 1438 503 1488 anomalia,
549 1438 627 1478 etsi
668 1452 745 1478 non
785 1444 848 1479 est
881 1440 994 1487 (ante
1031 1440 1243 1480 multorum
1285 1452 1477 1479 annorum
1508 1439 1668 1480 labores
1693 1438 1963 1484 continuatos,

159 1500 292 1540 omnia
322 1499 445 1551 probe
476 1503 712 1550 perspecta,
753 1499 885 1539 omnia
916 1499 1060 1539 calculi
1092 1498 1267 1551 ecliptici
1299 1499 1559 1539 fundamenta
1589 1497 1642 1538 ad
1673 1498 1865 1539 amussim
1894 1511 1963 1539 re-

156 1565 314 1607 vocata,
350 1570 486 1598 omnes
519 1558 691 1597 omnium
723 1562 946 1610 temporum
979 1558 1150 1610 eclipses
1182 1558 1232 1597 ad
1254 1558 1451 1598 calculum
1470 1556 1727 1598 Prutenicum
1750 1557 1961 1606 reductas)

157 1619 366 1671 quicquam
395 1617 746 1669 pronunciandum,
779 1617 928 1669 ingenii
959 1622 1096 1657 tamen
1130 1617 1264 1669 gratia
1295 1617 1433 1657 licebit
1463 1615 1568 1657 serio
1600 1615 1810 1657 certamini
1837 1628 1960 1669 prae-

157 1679 305 1718 ludere.
366 1675 563 1716 Memini
601 1689 715 1715 sane
758 1676 804 1715 in
836 1677 1137 1717 Ptolemaico
1170 1676 1427 1728 eclipsium
1471 1675 1666 1716 calculo
1705 1674 1763 1716 ab
1802 1675 1961 1716 Alba·
2019 1709 2027 1715 .

157 1737 322 1789 tegnio
356 1734 714 1787 deprehensam
747 1735 1054 1785 annmaliam,
1089 1740 1138 1776 et
1165 1735 1555 1788 discrepantiam
1585 1735 1960 1775 observaturum

156 1795 414 1848 eclipsium
459 1794 517 1834 ab
550 1794 723 1834 iisdem
766 1794 1058 1844 calculatiS,
1105 1807 1299 1846 eamque
1344 1794 1490 1835 aliam
1533 1806 1668 1847 quam
1715 1793 1958 1834 11000110-

155 1855 327 1895 dierna
359 1858 446 1893 est.
512 1853 608 1893 Ideo
639 1852 872 1904 priusquam
904 1855 1003 1894 certi
1036 1854 1128 1906 quid
1161 1858 1382 1902 statuatur,
1417 1853 1523 1894 illius
1555 1852 1679 1893 etiam
1709 1865 1833 1894 causa
1862 1853 1959 1894 red-

155 1914 286 1954 denda
318 1912 408 1953 erit.
470 1912 924 1963 Praesupponemus
956 1913 1287 1965 igitur-shanc
1320 1911 1611 1952 anomaliam
1642 1924 1845 1952 annuam
1874 1912 1955 1952 ho-

155 1973 437 2013 diernarum
459 1971 719 2022 eclipsium
749 1977 1036 2024 perpetuum
1069 1984 1179 2011 esse
1211 1971 1466 2011 Prutenici
1498 1970 1680 2011 calculi
1714 1971 1958 2020 comitem,

154 2032 193 2071 si
227 2032 268 2071 is
299 2035 436 2071 retro
469 2034 744 2081 usurpetur.
806 2031 862 2071 Et
891 2030 1139 2083 propositum
1170 2029 1286 2070 nobis
1319 2034 1419 2077 esto,
1452 2042 1617 2070 causam
1636 2029 1810 2081 reperire
1840 2029 1959 2081 hujus

154 2090 391 2130 anomaliae.
457 2087 558 2129 C'um
590 2101 684 2140 ergo
717 2088 796 2129 tria
827 2090 910 2130 sint
941 2101 1127 2142 corpora,
1171 2094 1255 2129 tres
1287 2093 1417 2129 motus
1453 2088 1506 2128 ad
1530 2088 1821 2129 noviluniorum
1850 2093 1958 2129 tem-

151 2162 251 2202 pora
281 2147 527 2188 dimetienda
559 2153 853 2198 concurrentes,
886 2153 985 2201 puta
1018 2147 1139 2197 Solis,
1173 2148 1327 2196 Lunae,
1362 2153 1404 2188 et
1434 2147 1553 2200 primi
1584 2147 1743 2187 mobilis
1775 2149 1840 2196 (nt
1869 2152 1956 2188 ter-

152 2209 270 2248 minis
314 2207 554 2247 usitatarum
586 2206 866 2259 hypothesium
897 2209 1096 2256 utamur),
1144 2207 1303 2259 singula
1352 2207 1532 2259 singulas
1582 2206 1697 2246 nobis
1736 2205 1958 2259 praebeant

155 2267 417 2320 suspiciones.
479 2265 586 2305 Nam
625 2266 717 2305 dum
760 2267 987 2307 vernalia
1024 2266 1279 2307 novilunia
1323 2271 1406 2306 aut
1441 2265 1720 2319 plenilunia
1757 2265 1958 2306 tardius

152 2339 294 2367 revera
324 2325 500 2373 veniant,
535 2337 652 2376 quam
672 2323 710 2363 in
732 2327 885 2367 calculo
905 2326 1201 2378 praedicuntur,
1235 2325 1539 2365 autumnalia
1569 2324 1745 2372 citius:
1779 2324 1815 2365 si
1833 2337 1958 2365 causa

152 2386 190 2425 in
218 2384 326 2426 Solis
358 2389 469 2424 motu
508 2389 591 2432 est,
639 2390 800 2435 oportet
832 2385 967 2426 Solem
1008 2397 1130 2425 verno
1169 2390 1351 2436 tempore
1395 2383 1551 2436 longius
1591 2383 1631 2422 in
1670 2383 1957 2436 consequentia

684 2444 835 2484 distare
869 2458 988 2496 quam
1033 2458 1057 2483 a
1100 2444 1254 2483 calculo
1286 2443 1486 2494 proditur,
1532 2442 1751 2482 autumnali
1782 2442 1954 2482 brevius.

682 2502 740 2543 Ut
781 2504 821 2543 A
865 2504 920 2543 sit
959 2508 1139 2544 centrum
1183 2502 1316 2542 mundi
1361 2506 1402 2542 et
1444 2500 1551 2541 orbis
1595 2500 1793 2549 Lunaris,
1843 2501 1956 2554 cujus

683 2562 878 2602 diameter
914 2575 987 2614 per
1020 2561 1291 2614 longitudines
1323 2559 1431 2600 Solis
1471 2559 1626 2599 medias
1658 2571 1781 2611 prope
1813 2559 1954 2612 aequi-

681 2621 817 2661 noctia
850 2622 961 2668 (nam
1003 2621 1054 2661 ab
1099 2621 1123 2660 l.
1156 2633 1207 2660 m.
1247 2619 1403 2659 distant
1442 2630 1519 2658 non
1561 2617 1699 2658 multis
1743 2618 1956 2670 gradibus)

683 2681 737 2720 sit
767 2679 962 2720 DMAPI.
1023 2680 1058 2720 B
1104 2679 1159 2719 sit
1208 2683 1386 2718 centrum
1430 2676 1642 2717 eccentrici
1674 2675 1782 2717 Solis
1822 2677 1864 2717 in
1910 2689 1956 2716 eo

682 2740 762 2780 situ
811 2739 850 2779 in
896 2751 972 2791 quo
1020 2737 1237 2778 assumitur
1288 2737 1326 2776 in
1371 2736 1537 2779 calculo,
1595 2734 1791 2775 diameter
1833 2735 1958 2787 igitur

680 2811 752 2850 per
789 2797 1060 2850 longitudines
1098 2796 1252 2836 medias
1286 2793 1410 2835 LBO.
1474 2793 1539 2834 Sit
1577 2799 1711 2834 autem
1741 2794 1779 2834 D
1815 2793 1954 2842 Libra,

678 2857 698 2897 I
729 2856 864 2903 Aries,
897 2861 939 2896 et
971 2860 1229 2896 assumantur
1259 2854 1354 2894 bina
1384 2857 1567 2905 tempora
1599 2851 1639 2892 in
1672 2852 1813 2904 quibus
1839 2852 1957 2893 Luna

683 2916 898 2956 secundum
932 2914 1126 2956 calculum
1159 2913 1245 2966 (qui
1276 2913 1355 2964 jam
1386 2911 1426 2951 in
1454 2912 1571 2952 Luna
1601 2923 1727 2951 verax
1757 2924 1846 2951 esse
1877 2922 1954 2963 po-

151 2976 277 3024 nitur)
311 2978 366 3017 sit
404 2978 443 3017 in
476 2977 527 3025 Q,
560 2979 616 3019 R.
679 2975 826 3020 Iisdem
847 2980 1068 3026 temporum
1095 2971 1274 3012 articulis
1295 2975 1518 3022 appareant
1548 2969 1587 3009 in
1608 2969 1954 3010 observationibus

153 3035 254 3074 duae
297 3036 467 3087 eclipses
501 3037 682 3078 Solares.
744 3034 923 3074 Necesse
963 3037 1028 3072 est
1065 3031 1205 3083 igitur,
1245 3028 1380 3070 Solem
1419 3041 1612 3083 apparere
1649 3029 1689 3069 in
1729 3029 1835 3070 linea
1865 3027 1952 3077 AF,
