2028 3242
804 85 914 128 Notae
938 86 1091 122 Editoris.
1769 86 1861 135 ,659

62 197 198 234 dichi-
215 200 297 234 aut>
312 195 491 233 invidiose
519 195 679 241 torqueri
707 195 835 241 possit.
878 195 1058 243 Quidquid
1085 194 1181 231 enim
1206 205 1328 231 rerum
1354 205 1504 233 suarum
1529 199 1726 244 magnates
1753 207 1779 234 a
1803 209 1861 240 me

62 251 211 298 oblique
236 248 434 296 perstringi
461 248 586 283 dolere
613 249 776 294 possint,
818 253 1013 294 postquam
1040 252 1194 284 eventus
1222 249 1392 284 admonet
1405 275 1415 291 ,
1453 249 1549 285 idem
1587 249 1700 286 etiam
1736 261 1862 289 eorum

62 302 269 340 memorii
301 305 457 348 possunt
496 306 537 336 et
568 301 683 336 multo
730 301 867 348 magis;
908 301 963 336 ita
1002 301 1098 337 enim
1124 301 1252 347 scripsi
1281 301 1406 337 dedita
1433 312 1560 348 opera.
1614 303 1675 339 De
1699 302 1862 340 Animali

61 355 209 404 generis
235 354 401 391 neutrius
429 354 505 390 alia
532 357 591 389 est
618 354 828 399 responsio,
858 366 907 389 ex
935 365 1009 400 qua
1034 355 1105 390 hoc
1129 365 1239 389 unum
1279 356 1431 390 verbum
1467 355 1540 391 hac
1578 355 1658 391 vice
1684 367 1857 403 excerpo,
1883 378 1886 381 ι

63 409 158 459 quod
183 408 445 457 quaerentibus
473 407 593 442 dicere
620 407 756 453 possis:
786 407 963 442 neminem
990 418 1127 449 eorum,
1156 407 1217 453 qui
1244 407 1417 442 dubitant
1443 407 1528 454 quid
1546 408 1667 451 velim,
1696 409 1765 444 sub
1791 409 1862 444 hoc

61 460 211 498 animali
238 459 511 508 comprehendi;
551 459 613 506 qui
649 471 735 495 vero
763 459 891 495 moniti
918 471 1004 494 vere
1033 464 1140 503 sunt,
1183 460 1217 494 id
1258 471 1297 494 se
1326 459 1555 496 intellexisse
1584 460 1701 498 literis
1730 463 1778 497 ad
1805 473 1863 498 me

60 515 205 561 scriptis
231 519 317 551 sunt
343 513 483 550 testati.
521 513 645 555 Errat,
675 512 877 559 quicunque
906 517 1053 558 torquet
1079 523 1162 548 mea
1189 513 1306 548 verba
1332 513 1568 550 insolentius:
1596 514 1740 551 habent
1767 514 1864 550 enim

60 568 130 606 illa
154 567 357 614 simplicem
379 571 420 602 et
445 566 596 612 planum
622 577 767 601 sensum
781 593 791 607 ,
833 565 917 612 qui,
958 565 1127 612 detectis¹
1150 565 1318 612 partibus
1346 577 1437 612 quas
1464 566 1689 612 perstrinxi,
1730 566 1865 604 nemini

60 632 134 656 neu
159 620 308 657 evius-ns
334 624 376 656 ct
401 618 529 655 obvius
557 624 626 660 est,
655 618 839 664 exceptis,
869 629 964 664 quae
991 619 1036 653 de
1063 618 1234 654 Eckardo
1263 618 1392 654 Italico
1406 646 1415 662 ‚
1445 619 1506 667 qui
1534 619 1776 666 explicandus
1802 631 1860 656 re-

61 676 162 715 stam
188 673 341 715 uduset,
368 673 464 719 quod
491 671 556 707 ille
584 683 656 707 non
685 671 733 706 sit
761 671 798 706 in
826 671 949 713 ltalia,
979 672 1043 706 sed
1072 677 1176 707 trans
1207 682 1320 708 mare.

178 735 263 771 oum
282 735 335 768 his
359 739 587 777 comparentur
609 735 792 777 sequentia.
818 743 904 777 quae
926 744 944 767 e
966 734 1067 767 literis
1083 733 1219 776 Kepleri
1242 738 1276 768 et
1305 734 1395 768 Petri
1412 733 1559 779 erugari,
1586 734 1706 769 medici
1732 739 1768 770 et
1791 744 1863 777 ma-

60 781 233 816 thematici
258 782 469 819 Duntiscani,
491 783 615 814 mutuis
642 782 865 814 desumimus.

177 829 361 870 omme·
383 828 409 861 C
422 832 586 871 rugero:
621 829 808 872 „quodnam
828 828 916 860 istud
932 828 1068 861 tandem
1089 829 1211 861 animal
1228 829 1358 871 generis
1374 826 1568 862 nenti-ius?“
1594 828 1680 862 haec
1695 829 1865 872 respondit

60 882 224 925 Ruptum
252 881 300 923 (d.
327 881 385 914 28.
410 882 503 914 Febr.
533 880 660 921 1620:
692 889 765 912 non
792 876 921 923 scripsi
948 878 993 912 de
1015 877 1188 917 „animali
1199 877 1347 924 generis
1366 876 1554 912 neutrius“
1576 888 1696 913 vanae
1717 878 1863 925 gloriae

61 942 185 973 causa,
213 932 278 967 sed
305 930 425 966 animo
452 930 717 971 commodandi;
746 941 859 976 quare
886 933 927 965 et
952 930 1104 965 secretis
1131 930 1249 966 literis
1274 930 1444 965 admonui
1462 931 1634 966 sedentes
1651 930 1692 966 in
1709 931 1861 967 cerebro

61 983 243 1020 animalis.
296 983 423 1019 nodos
451 983 594 1030 quidem
620 983 819 1024 infortunii,
849 983 943 1029 quod
971 982 1188 1025 divinabam,
1217 983 1322 1019 nulla
1348 984 1562 1028 comprobat
1586 994 1708 1019 rerum
1734 994 1861 1020 conse·

61 1037 159 1073 cutio
185 1036 402 1072 conformis:
431 1036 615 1071 imminere
643 1039 768 1071 tamen
796 1035 944 1071 animali
971 1035 1168 1081 perniciem
1195 1036 1355 1078 aliunde,
1383 1036 1518 1071 videris
1545 1040 1586 1072 et
1612 1040 1655 1072 tu
1681 1035 1860 1084 augurari

60 1090 126 1126 fol.
158 1089 232 1126 133
271 1090 308 1125 in
349 1090 421 1125 fine
465 1093 526 1135 (sc.
556 1094 772 1127 Uranodromi
798 1093 974 1130 Cometici,
1006 1093 1155 1136 Dsntzig
1180 1091 1283 1125 1619.
1333 1092 1499 1137 Crugerus
1524 1094 1558 1126 in
1586 1092 1649 1126 hoc
1676 1093 1758 1126 libro
1785 1101 1860 1126 sae-

60 1142 133 1183 pius
157 1140 338 1184 chlerum
361 1140 502 1173 laudans
527 1141 626 1178 dicit,
657 1151 719 1173 nec
754 1151 819 1173 non
843 1140 928 1173 illius
953 1140 1202 1183 Prognosticum
1227 1140 1271 1173 ad
1295 1149 1401 1173 annos
1428 1138 1518 1172 1618
1544 1144 1580 1174 et
1604 1138 1667 1179 193
1692 1150 1723 1173 v.
1748 1150 1778 1173 c.
1805 1140 1860 1172 fol.

64 1185 152 1221 129:
175 1189 235 1222 vir
256 1190 361 1221 sitsen
383 1187 438 1220 bie
463 1197 560 1224 zvar.
586 1189 647 1220 vie
664 1188 821 1230 Keppleri
837 1187 945 1224 Thier,
971 1188 1005 1219 in
1029 1187 1094 1220 den
1111 1186 1240 1225 nonem
1266 1188 1345 1220 aber
1367 1197 1439 1220 vas
1462 1188 1538 1221 thut
1559 1196 1639 1220 man
1661 1188 1696 1222 in
1711 1186 1863 1220 Bahman

62 1235 131 1269 und
154 1234 391 1269 omnium
430 1235 511 1267 Wss
534 1235 740 1278 rathschlagt
764 1234 916 1277 dagegen
941 1234 998 1266 der
1021 1233 1155 1276 Bapst?
1180 1233 1241 1267 ac.
1293 1235 1389 1274 Quae
1420 1239 1552 1276 spectat
1572 1233 1738 1276 Keplerus
1761 1234 1862 1266 rerba

63 1281 211 1331 Cgfigsd,
235 1282 320 1321 hacc
342 1286 435 1315 sunt:
469 1281 612 1315 Sonsten
636 1281 743 1314 kundt
767 1291 845 1314 man
870 1281 982 1314 diesen
1008 1280 1166 1314 Cometen
1190 1281 1278 1315 auch
1301 1281 1385 1315 wohl
1408 1280 1652 1324 hieroglyphice
1676 1281 1862 1324 ucalegon,

62 1328 165 1370 durch
186 1328 416 1373 Bokachtunss
439 1329 497 1362 der
519 1329 745 1361 himmlisehen
770 1328 900 1365 Bilder,
937 1328 1059 1361 welche
1097 1328 1155 1361 der
1180 1327 1296 1362 Comet
1326 1328 1588 1362 durchvandert.
1636 1328 1727 1361 Aber
1754 1325 1863 1361 solcbs

61 1377 107 1409 ist
128 1375 285 1409 odiosum.
331 1376 409 1409 Und
434 1376 512 1408 Gott
536 1384 614 1419 mag
637 1377 763 1411 vissen.
797 1377 858 1408 wie
884 1375 936 1407 die
959 1375 1079 1408 hendel
1102 1375 1189 1408 noch
1211 1375 1464 1408 hinauslauffen.
1512 1374 1584 1407 Wir
1605 1373 1716 1408 haben
1738 1374 1801 1407 vol
1824 1383 1861 1407 so

61 1423 126 1456 viel
148 1416 266 1456 vrsach
289 1433 332 1456 su
355 1423 471 1460 beten,
505 1423 554 1455 als
585 1432 698 1466 grosse
725 1423 813 1464 Ding
844 1432 884 1454 zu
915 1422 1036 1455 huffen.
1086 1422 1156 1455 Der
1186 1426 1296 1465 groste
1320 1422 1431 1455 Abfall
1462 1432 1536 1454 vom
1564 1420 1787 1464 Bapsttbmnb
1819 1421 1865 1454 ist

61 1470 187 1503 mane·
210 1469 369 1503 eruchtsn
392 1470 493 1503 sehon
517 1470 722 1513 geschehem
753 1469 822 1502 und
845 1468 924 1501 vird
947 1469 1009 1501 vol
1033 1469 1110 1501 kein
1134 1473 1300 1512 grusserer
1329 1469 1457 1513 folgen,
1489 1479 1526 1501 so
1548 1468 1649 1512 lange
1673 1468 1732 1503 der
1753 1468 1864 1501 Em-

61 1516 232 1559 gslischen
255 1517 444 1561 mologen
476 1517 678 1560 vneinigkeit
708 1515 843 1549 vehi-et.
891 1515 957 1548 Die
989 1516 1069 1548 vird
1099 1516 1179 1549 aber
1208 1517 1270 1549 vol
1293 1517 1425 1549 vehren
1448 1516 1515 1549 biss
1539 1525 1585 1549 un
1608 1515 1673 1549 deu
1696 1515 1863 1559 Jungston

63 1563 147 1607 Τις.
195 1563 275 1597 Vnd
310 1574 347 1597 so
377 1574 455 1597 man
485 1564 562 1596 dem
584 1564 706 1606 Bapst
722 1564 837 1596 seinen
862 1561 1028 1596 Schlussel
1061 1563 1153 1595 nicht
1185 1567 1287 1606 gantz
1312 1572 1388 1596 auss
1413 1563 1471 1596 der
1493 1562 1611 1596 Handt
1633 1563 1759 1597 reissen
1782 1562 1864 1598 kam,

62 1610 127 1643 viel
158 1611 303 1655 'mgen-
334 1612 415 1644 vird
450 1620 529 1644 man
562 1611 649 1643 ihme
674 1611 734 1644 das
760 1610 928 1643 Schwerdt
950 1609 1019 1642 und
1042 1610 1212 1643 brachium
1235 1611 1385 1644 seculare
1409 1610 1542 1644 lshmen
1571 1609 1716 1643 konnen.
1764 1608 1864 1643 Wore

61 1666 167 1702 gnug.
189 1668 288 1691 venn
310 1668 390 1698 man
413 1658 484 1691 sich
509 1659 580 1691 sein
603 1668 665 1691 nur
689 1657 855 1693 ervehren
878 1654 1031 1696 konnte).

181 1707 359 1749 Vicinum,
387 1713 495 1754 pergit
517 1710 694 1752 Keplerus,
729 1705 909 1747 animalis,
939 1705 1042 1751 cujus
1062 1700 1281 1752 domus'1am
1299 1716 1395 1741 anno
1418 1705 1531 1741 161⁷.
1558 1705 1865 1752 conflagraverat,

65 1760 235 1808 intellige
273 1760 312 1796 in
337 1760 557 1796 Palatinatu
583 1758 828 1805 Neoburgico.
883 1758 999 1793 fideli
1037 1758 1093 1793 illi
1120 1758 1310 1801 monitori,
1343 1758 1536 1800 „Eukarffl
1567 1757 1775 1800 nominato,
1804 1757 1866 1804 qui

63 1823 138 1848 non
162 1813 255 1848 illud
281 1818 428 1849 tantum
455 1813 612 1855 animal,
653 1813 698 1847 de
727 1823 797 1858 quo
824 1821 896 1857 ego
911 1838 920 1852 ‚
949 1812 1014 1846 sed
1042 1811 1163 1847 omnia
1189 1811 1271 1857 ejus
1298 1811 1448 1858 generis
1474 1811 1651 1848 monitum
1677 1822 1728 1846 ex
1753 1809 1868 1846 Italia

64 1865 261 1908 advolavit,
290 1877 419 1901 nomen
447 1876 570 1901 verum
598 1867 688 1900 esse'
708 1870 856 1899 censeto
885 1864 933 1899 M.
963 1865 1165 1899 Antonio
1194 1866 1248 1899 de
1275 1864 1499 1901 Dominis.
1540 1864 1613 1900 Sed
1640 1863 1721 1910 quis
1750 1862 1868 1898 credit

65 1917 207 1954 auditui
231 1922 381 1955 nostro?
434 1919 517 1955 Non
544 1918 671 1953 mirum
698 1917 814 1964 igitur
829 1944 838 1959 ‚
879 1917 909 1952 si
937 1918 1051 1952 Jonas
1079 1917 1273 1964 profugiat
1299 1929 1348 1952 ex
1376 1917 1509 1952 itinere
1536 1917 1729 1963 imperato.
1783 1916 1867 1962 Ego

65 1972 208 2019 quidem
234 1975 275 2008 et
300 1972 403 2007 illam
430 1972 546 2018 ipsam
562 1999 570 2014 ,
613 1981 720 2017 quam
750 1975 790 2005 tu
819 1970 1029 2005 confirmare
1056 1970 1191 2005 videris
1221 1970 1395 2016 suffragio
1409 1997 1419 2012 ‚
1447 1970 1655 2012 libidinem,
1692 1967 1866 2004 factiosos

64 2027 109 2060 de
136 2029 320 2074 suggestu
346 2026 538 2061 verborum
567 2028 606 2059 et
633 2023 873 2058 conviciorum
901 2022 1050 2068 spiculis
1079 2023 1305 2071 configendi,
1346 2023 1443 2058 hunc
1457 2051 1466 2065 ,
1507 2023 1666 2069 inquam,
1695 2022 1866 2065 fluorem,

65 2078 159 2115 citra
183 2081 390 2125 respectum
419 2079 635 2114 infirmorum
663 2080 897 2123 grassantem
924 2075 1166 2121 pertinaciter
1194 2080 1233 2111 et
1260 2076 1483 2118 authentice,
1498 2095 1549 2100 —
1569 2080 1609 2110 et
1636 2075 1727 2110 illud
1754 2074 1867 2110 inter-

64 2134 344 2178 pretamentum,
374 2131 563 2166 ministerii
593 2135 630 2165 et
655 2128 891 2164 ordinationis
911 2134 1055 2174 partem
1075 2141 1158 2164 esse
1180 2128 1436 2171 necessariam,
1467 2130 1511 2164 de
1531 2132 1726 2175 sugg-estu,
1756 2127 1870 2163 omnis

65 2183 214 2232 generis
241 2184 446 2220 haereticos
476 2183 570 2219 omni
598 2187 761 2227 tempore
789 2182 972 2216 refutandi
1000 2193 1080 2217 cum
1107 2182 1350 2224 vehementia,
1370 2204 1414 2209 —-
1431 2182 1556 2217 diesen
1575 2181 1776 2216 Amts-fehl
1797 2182 1869 2216 und

65 2236 219 2284 Mangel
240 2257 287 2262 —
308 2237 412 2279 item,
442 2238 535 2283 quod
563 2247 667 2270 nemo
695 2235 806 2280 plane
835 2234 903 2268 sibi
930 2235 1143 2280 persuaderi
1170 2234 1312 2280 patitur
1339 2234 1486 2270 axioma
1512 2234 1583 2269 hoc
1617 2233 1867 2275 certissimum,

66 2289 222 2336 publicis
250 2290 596 2325 debacchationibus
625 2287 796 2332 instigari
824 2291 862 2321 et
889 2287 1047 2332 gliscere
1074 2287 1195 2322 studia
1214 2298 1342 2332 prava,
1372 2287 1458 2332 quia
1476 2287 1626 2322 nitimur
1644 2286 1682 2321 in
1699 2286 1866 2327 vetitum,

66 2361 119 2367 -—
136 2342 235 2385 item,
267 2344 362 2389 quod
390 2343 479 2378 illud
510 2340 761 2387 „importune”
794 2339 842 2374 sit
868 2341 1011 2385 regula,
1043 2339 1132 2374 illud
1159 2351 1246 2374 vero
1278 2339 1531 2385 „opportune“
1562 2339 1612 2374 sit
1636 2342 1782 2374 tantum
1799 2351 1866 2375 ex-

66 2394 207 2441 ceptio:
230 2414 277 2420 -—
297 2394 394 2431 inter
420 2395 529 2442 signa
555 2395 674 2430 refero
702 2392 918 2427 imminentis
946 2392 1129 2428 interitus.
1177 2393 1271 2428 Nam
1299 2404 1349 2427 ex
1374 2392 1446 2427 hac
1474 2391 1685 2427 temeritate
1711 2392 1755 2427 fit
1780 2402 1866 2438 pro-

64 2459 216 2495 gressus
243 2447 282 2484 in
308 2447 590 2494 impudentiam,
631 2458 679 2481 ex
707 2446 778 2479 hac
814 2444 851 2479 in
889 2445 1139 2490 impietatem,
1178 2456 1257 2480 cum
1296 2444 1440 2480 interim
1474 2455 1622 2490 pessum
1649 2444 1680 2479 it
1707 2444 1867 2480 studium

64 2500 164 2536 vitae
193 2500 438 2536 Christianae.
492 2500 551 2536 Sic
578 2511 650 2546 ego
678 2498 787 2532 velim
815 2497 959 2532 retundi
987 2498 1237 2533 enthusiastas
1250 2525 1259 2540 ,
1298 2502 1340 2533 ut
1367 2501 1544 2543 parcatur
1570 2497 1716 2534 iuterim
1742 2496 1865 2533 verbis

67 2553 272 2599 scripturae
300 2554 344 2588 de
371 2553 648 2589 mortificatione
677 2549 813 2585 veteris
840 2549 971 2585 Adami
1000 2550 1061 2585 dcc.

181 2615 350 2649 Marcus
375 2616 592 2648 Antonius
617 2614 664 2646 de
690 2613 902 2650 Dominis,
928 2612 1190 2655 archiepiscopus
1215 2611 1441 2654 Spalatensis‚
1478 2622 1575 2655 quem
1609 2612 1793 2655 Keplerus,
1828 2617 1866 2646 ut

65 2671 164 2704 supra
188 2662 286 2700 dicit,
311 2664 503 2694 monitorem
527 2662 676 2693 nominat
700 2660 832 2692 fidelem
856 2659 1060 2697 Remum,
1099 2660 1226 2692 monita
1249 2669 1312 2692 sna
1334 2659 1454 2701 publici
1476 2660 1557 2700 iuris
1582 2659 1662 2692 fecit
1686 2663 1765 2693 ante
1787 2669 1864 2702 pro·

63 2710 240 2742 sectionem
264 2711 298 2742 in
322 2709 475 2751 Angliam
500 2707 702 2748 (conscripta
717 2706 866 2738 Venetiis
892 2706 923 2738 d.
949 2705 1004 2738 20.
1023 2706 1114 2748 Sept.
1134 2704 1254 2746 1616),
1281 2706 1535 2749 Heidelbergae‚
1563 2715 1725 2740 excusans
1748 2706 1863 2749 fugam

64 2766 104 2788 ex
128 2756 207 2789 sede
230 2755 508 2798 archiepiscopali,
533 2755 798 2787 reformationem
821 2754 1062 2794 praenuncians
1088 2753 1248 2785 ecclesiae
1269 2753 1474 2790 Catholicae,
1499 2753 1636 2786 hortans
1662 2753 1862 2786 ecclesiasti-

62 2812 132 2840 cos,
154 2807 194 2836 ut
216 2804 318 2836 vitam
342 2807 377 2835 et
398 2812 504 2834 mores
529 2802 563 2834 in
586 2801 722 2833 meliora
745 2804 895 2839 vertant,
924 2804 982 2837 „ut
998 2800 1180 2832 schismata
1196 2799 1421 2839 auferantur,“
1445 2809 1583 2832 monens
1607 2800 1861 2843 „coepiscopos“

63 2854 102 2881 ut
124 2855 275 2887 careant,
305 2860 368 2888 „ne
393 2848 782 2882 excommunicationibus
805 2847 996 2888 importunis
1021 2846 1217 2880 charitatem
1241 2847 1430 2888 abrumpere
1454 2850 1586 2879 tentent
1610 2845 1693 2879 &c.“
1743 2844 1859 2887 (Pm-

63 2896 152 2929 misit
174 2897 337 2930 Antonius
359 2896 446 2928 hunc
470 2895 614 2927 libellum
637 2894 724 2926 libris
748 2893 778 2925 X
804 2893 867 2931 „de
890 2893 1074 2935 Republica
1097 2893 1355 2926 Ecclesiastica“
1383 2893 1525 2926 Londini
1550 2891 1672 2934 1617).

25 2938 39 2942 “
178 2943 274 2978 naec
297 2944 509 2985 respicientes
533 2950 756 2983 summamque
782 2950 892 2975 eorum
906 2963 915 2977 ‚
953 2949 1037 2982 quas
1064 2941 1183 2972 Anton.
1210 2940 1252 2972 de
1275 2940 1425 2973 Dominis
1450 2941 1485 2973 in
1509 2950 1607 2982 opere
1620 2964 1630 2979 ,
1655 2941 1742 2983 quod
1765 2940 1862 2974 modo

64 2989 212 3028 diximus.
234 2991 276 3023 de
292 2991 514 3032 episcoporum
529 2989 560 3021 vi
577 2989 612 3020 in
627 2987 847 3030 gubernandis
863 2987 959 3020 rebus
975 2986 1126 3028 politicis,
1143 2986 1231 3020 hanc
1246 2988 1408 3028 rejiciens,
1427 2987 1536 3025 affert,
1554 2987 1684 3024 deinde,
1701 2989 1862 3021 rationem

63 3035 224 3070 habentes
248 3046 370 3078 eormn,
393 3045 479 3079 quae
503 3035 667 3077 Keplerus
691 3035 726 3067 in
749 3034 851 3066 literis
877 3034 920 3067 ad
943 3033 1085 3067 Remum
1110 3033 1196 3067 datis
1219 3035 1335 3076 paucis
1359 3034 1400 3067 de
1423 3034 1466 3066 D.
1493 3043 1515 3067 a
1538 3033 1662 3067 Mekau
1686 3032 1861 3078 ffleggau,

61 3082 265 3126 imperaturis
290 3083 454 3118 Matthiae
478 3083 626 3127 magistri
650 3080 763 3121 unae)
788 3080 894 3118 affert,
920 3081 1028 3114 auimo
1054 3081 1191 3123 denique
1216 3082 1380 3114 intuentes
1406 3091 1468 3118 res,
1494 3090 1579 3123 quae
1603 3086 1682 3114 tunc
1708 3081 1861 3115 Viennae

1499 3136 1580 3170 42·
