<?xml version="1.0" encoding="UTF-8"?>
<!DOCTYPE html PUBLIC "-//W3C//DTD XHTML 1.0 Transitional//EN"
    "http://www.w3.org/TR/xhtml1/DTD/xhtml1-transitional.dtd">
<html xmlns="http://www.w3.org/1999/xhtml" xml:lang="en" lang="en">
 <head>
  <title>
</title>
<meta http-equiv="Content-Type" content="text/html;charset=utf-8" />
  <meta name='ocr-system' content='tesseract 3.04.00' />
  <meta name='ocr-capabilities' content='ocr_page ocr_carea ocr_par ocr_line ocrx_word'/>
</head>
<body>
  <div class='ocr_page' id='page_1' title='image "./operaomniaedidit01kepluoft_0072.png"; bbox 0 0 1982 3268; ppageno 0'>
   <div class='ocr_carea' id='block_1_1' title="bbox 183 94 1185 139">
    <p class='ocr_par' dir='ltr' id='par_1_1' title="bbox 183 94 1185 139">
     <span class='ocr_line' id='line_1_1' title="bbox 183 94 1185 139; baseline -0.015 0"><span class='ocrx_word' id='word_1_1' title='bbox 183 96 239 139; x_wconf 83' lang='lat'>50</span> <span class='ocrx_word' id='word_1_2' title='bbox 972 94 1185 127; x_wconf 82' lang='lat' dir='ltr'><strong>Prooemium.</strong></span> 
     </span>
    </p>
   </div>
   <div class='ocr_carea' id='block_1_2' title="bbox 181 199 1982 671">
    <p class='ocr_par' dir='ltr' id='par_1_2' title="bbox 181 199 1982 671">
     <span class='ocr_line' id='line_1_2' title="bbox 182 199 1981 254; baseline -0.003 -10"><span class='ocrx_word' id='word_1_3' title='bbox 182 203 331 245; x_wconf 89' lang='lat' dir='ltr'>bilium.</span> <span class='ocrx_word' id='word_1_4' title='bbox 393 201 483 242; x_wconf 87' lang='lat' dir='ltr'>Nisi</span> <span class='ocrx_word' id='word_1_5' title='bbox 514 201 617 242; x_wconf 87' lang='lat' dir='ltr'>forte</span> <span class='ocrx_word' id='word_1_6' title='bbox 650 206 816 241; x_wconf 81' lang='lat' dir='ltr'>octavae</span> <span class='ocrx_word' id='word_1_7' title='bbox 849 201 1044 253; x_wconf 83' lang='lat' dir='ltr'>sphaerae</span> <span class='ocrx_word' id='word_1_8' title='bbox 1083 200 1205 240; x_wconf 88' lang='lat' dir='ltr'>etiam</span> <span class='ocrx_word' id='word_1_9' title='bbox 1243 199 1398 253; x_wconf 87' lang='lat' dir='ltr'>aliquos</span> <span class='ocrx_word' id='word_1_10' title='bbox 1429 205 1560 242; x_wconf 90' lang='lat' dir='ltr'>motus</span> <span class='ocrx_word' id='word_1_11' title='bbox 1590 199 1742 243; x_wconf 80' lang='lat' dir='ltr'>tribuit.</span> <span class='ocrx_word' id='word_1_12' title='bbox 1802 200 1891 254; x_wconf 86' lang='lat' dir='ltr'>Ego</span> <span class='ocrx_word' id='word_1_13' title='bbox 1923 200 1981 240; x_wconf 85' lang='lat' dir='ltr'>sic</span> 
     </span>
     <span class='ocr_line' id='line_1_3' title="bbox 183 260 1979 317; baseline -0.002 -14"><span class='ocrx_word' id='word_1_14' title='bbox 183 275 325 304; x_wconf 90' lang='lat' dir='ltr'>censeo</span> <span class='ocrx_word' id='word_1_15' title='bbox 363 261 410 302; x_wconf 89' lang='lat' dir='ltr'>de</span> <span class='ocrx_word' id='word_1_16' title='bbox 449 261 658 315; x_wconf 85' lang='lat' dir='ltr'>Tychone‚</span> <span class='ocrx_word' id='word_1_17' title='bbox 702 260 909 315; x_wconf 58' lang='lat' dir='ltr'>Digitiis</span> <span class='ocrx_word' id='word_1_18' title='bbox 953 260 1225 313; x_wconf 74' lang='lat' dir='ltr'>abundare,</span> <span class='ocrx_word' id='word_1_19' title='bbox 1271 260 1442 313; x_wconf 88' lang='lat' dir='ltr'>quibus</span> <span class='ocrx_word' id='word_1_20' title='bbox 1485 272 1575 315; x_wconf 85' lang='lat' dir='ltr'>non</span> <span class='ocrx_word' id='word_1_21' title='bbox 1618 265 1754 315; x_wconf 80' lang='lat' dir='ltr'>recte</span> <span class='ocrx_word' id='word_1_22' title='bbox 1796 264 1979 317; x_wconf 57' lang='lat' dir='ltr'>utatfflg</span> 
     </span>
     <span class='ocr_line' id='line_1_4' title="bbox 183 312 1981 374; baseline -0.002 -11"><span class='ocrx_word' id='word_1_23' title='bbox 183 334 292 363; x_wconf 87' lang='lat' dir='ltr'>more</span> <span class='ocrx_word' id='word_1_24' title='bbox 323 321 599 374; x_wconf 87' lang='lat' dir='ltr'>plerorumque</span> <span class='ocrx_word' id='word_1_25' title='bbox 632 314 808 360; x_wconf 67' lang='lat' dir='ltr'>divitum}</span> <span class='ocrx_word' id='word_1_26' title='bbox 873 319 1019 361; x_wconf 81' lang='lat' dir='ltr'>Danda</span> <span class='ocrx_word' id='word_1_27' title='bbox 1049 325 1114 360; x_wconf 88' lang='lat' dir='ltr'>est</span> <span class='ocrx_word' id='word_1_28' title='bbox 1143 318 1265 371; x_wconf 86' lang='lat' dir='ltr'>igitur</span> <span class='ocrx_word' id='word_1_29' title='bbox 1296 332 1417 372; x_wconf 87' lang='lat' dir='ltr'>opera</span> <span class='ocrx_word' id='word_1_30' title='bbox 1459 313 1656 371; x_wconf 56' lang='lat' dir='ltr'>(quod&#39;et</span> <span class='ocrx_word' id='word_1_31' title='bbox 1685 312 1981 372; x_wconf 58' lang='lat' dir='ltr'>035“⁴1&gt;‘r·6·“mea</span> 
     </span>
     <span class='ocr_line' id='line_1_5' title="bbox 181 378 1980 434; baseline -0.002 -12"><span class='ocrx_word' id='word_1_32' title='bbox 181 386 308 434; x_wconf 86' lang='lat' dir='ltr'>parte,</span> <span class='ocrx_word' id='word_1_33' title='bbox 341 380 415 421; x_wconf 89' lang='lat' dir='ltr'>sed</span> <span class='ocrx_word' id='word_1_34' title='bbox 444 392 532 420; x_wconf 91' lang='lat' dir='ltr'>cum</span> <span class='ocrx_word' id='word_1_35' title='bbox 563 379 699 419; x_wconf 88' lang='lat' dir='ltr'>debita</span> <span class='ocrx_word' id='word_1_36' title='bbox 729 379 929 419; x_wconf 87' lang='lat' dir='ltr'>modestia</span> <span class='ocrx_word' id='word_1_37' title='bbox 960 379 1068 428; x_wconf 89' lang='lat' dir='ltr'>feci),</span> <span class='ocrx_word' id='word_1_38' title='bbox 1104 381 1147 419; x_wconf 85' lang='lat' dir='ltr'>ut</span> <span class='ocrx_word' id='word_1_39' title='bbox 1179 378 1342 419; x_wconf 87' lang='lat' dir='ltr'>divitias</span> <span class='ocrx_word' id='word_1_40' title='bbox 1373 379 1465 418; x_wconf 86' lang='lat' dir='ltr'>illas</span> <span class='ocrx_word' id='word_1_41' title='bbox 1496 378 1556 419; x_wconf 88' lang='lat' dir='ltr'>illi</span> <span class='ocrx_word' id='word_1_42' title='bbox 1586 383 1905 432; x_wconf 83' lang='lat' dir='ltr'>extorqueamus,</span> <span class='ocrx_word' id='word_1_43' title='bbox 1936 383 1980 418; x_wconf 92' lang='lat' dir='ltr'>ut</span> 
     </span>
     <span class='ocr_line' id='line_1_6' title="bbox 185 437 1978 490; baseline -0.003 -8"><span class='ocrx_word' id='word_1_44' title='bbox 185 440 494 490; x_wconf 77' lang='lat' dir='ltr'>emendicernus,</span> <span class='ocrx_word' id='word_1_45' title='bbox 519 439 692 488; x_wconf 91' lang='lat' dir='ltr'>scilicet,</span> <span class='ocrx_word' id='word_1_46' title='bbox 725 445 770 479; x_wconf 89' lang='lat' dir='ltr'>ut</span> <span class='ocrx_word' id='word_1_47' title='bbox 800 439 938 490; x_wconf 84' lang='lat' dir='ltr'>vulget</span> <span class='ocrx_word' id='word_1_48' title='bbox 969 451 1063 478; x_wconf 87' lang='lat' dir='ltr'>suas</span> <span class='ocrx_word' id='word_1_49' title='bbox 1096 438 1397 478; x_wconf 86' lang='lat' dir='ltr'>observationes</span> <span class='ocrx_word' id='word_1_50' title='bbox 1429 437 1581 478; x_wconf 86' lang='lat' dir='ltr'>sincere</span> <span class='ocrx_word' id='word_1_51' title='bbox 1615 443 1656 478; x_wconf 90' lang='lat' dir='ltr'>et</span> <span class='ocrx_word' id='word_1_52' title='bbox 1686 450 1834 478; x_wconf 78' lang='grc'>010000.</span> <span class='ocrx_word' id='word_1_53' title='bbox 1892 437 1978 477; x_wconf 84' lang='lat' dir='ltr'>Hoc</span> 
     </span>
     <span class='ocr_line' id='line_1_7' title="bbox 184 497 1982 553; baseline -0.003 -13"><span class='ocrx_word' id='word_1_54' title='bbox 184 501 270 553; x_wconf 90' lang='lat' dir='ltr'>ipso</span> <span class='ocrx_word' id='word_1_55' title='bbox 301 505 478 552; x_wconf 89' lang='lat' dir='ltr'>tempore</span> <span class='ocrx_word' id='word_1_56' title='bbox 511 499 680 539; x_wconf 86' lang='lat' dir='ltr'>habetur</span> <span class='ocrx_word' id='word_1_57' title='bbox 710 497 774 538; x_wconf 89' lang='lat' dir='ltr'>hic</span> <span class='ocrx_word' id='word_1_58' title='bbox 815 497 956 550; x_wconf 88' lang='lat' dir='ltr'>globus</span> <span class='ocrx_word' id='word_1_59' title='bbox 989 498 1204 552; x_wconf 90' lang='lat' dir='ltr'>Tychonis,</span> <span class='ocrx_word' id='word_1_60' title='bbox 1246 498 1288 538; x_wconf 90' lang='lat' dir='ltr'>in</span> <span class='ocrx_word' id='word_1_61' title='bbox 1323 502 1438 550; x_wconf 90' lang='lat' dir='ltr'>parte</span> <span class='ocrx_word' id='word_1_62' title='bbox 1480 498 1564 550; x_wconf 81' lang='lat' dir='ltr'>ejus</span> <span class='ocrx_word' id='word_1_63' title='bbox 1601 497 1824 538; x_wconf 89' lang='lat' dir='ltr'>antarctica</span> <span class='ocrx_word' id='word_1_64' title='bbox 1853 509 1982 536; x_wconf 85' lang='lat' dir='ltr'>vacua</span> 
     </span>
     <span class='ocr_line' id='line_1_8' title="bbox 183 556 1978 613; baseline -0.003 -12"><span class='ocrx_word' id='word_1_65' title='bbox 183 561 406 613; x_wconf 90' lang='lat' dir='ltr'>profitetur,</span> <span class='ocrx_word' id='word_1_66' title='bbox 439 571 483 598; x_wconf 91' lang='lat' dir='ltr'>se</span> <span class='ocrx_word' id='word_1_67' title='bbox 515 559 644 598; x_wconf 90' lang='lat' dir='ltr'>solum</span> <span class='ocrx_word' id='word_1_68' title='bbox 676 557 983 609; x_wconf 82' lang='lat' dir='ltr'>deprehendisse</span> <span class='ocrx_word' id='word_1_69' title='bbox 1016 558 1295 598; x_wconf 83' lang='lat' dir='ltr'>alterationem</span> <span class='ocrx_word' id='word_1_70' title='bbox 1328 556 1555 608; x_wconf 83' lang='lat' dir='ltr'>eclipticae,</span> <span class='ocrx_word' id='word_1_71' title='bbox 1598 556 1731 609; x_wconf 83' lang='lat' dir='ltr'>gratia</span> <span class='ocrx_word' id='word_1_72' title='bbox 1761 556 1873 609; x_wconf 84' lang='lat' dir='ltr'>cujus</span> <span class='ocrx_word' id='word_1_73' title='bbox 1906 569 1978 596; x_wconf 90' lang='lat' dir='ltr'>au-</span> 
     </span>
     <span class='ocr_line' id='line_1_9' title="bbox 185 615 1978 671; baseline -0.003 -11"><span class='ocrx_word' id='word_1_74' title='bbox 185 625 350 671; x_wconf 84' lang='lat' dir='ltr'>geantur</span> <span class='ocrx_word' id='word_1_75' title='bbox 379 618 445 658; x_wconf 90' lang='lat' dir='ltr'>vel</span> <span class='ocrx_word' id='word_1_76' title='bbox 482 618 708 657; x_wconf 87' lang='lat' dir='ltr'>minuantur</span> <span class='ocrx_word' id='word_1_77' title='bbox 744 616 978 657; x_wconf 86' lang='lat' dir='ltr'>latitudines</span> <span class='ocrx_word' id='word_1_78' title='bbox 1019 617 1184 658; x_wconf 83' lang='lat' dir='ltr'>fixarum</span> <span class='ocrx_word' id='word_1_79' title='bbox 1223 618 1275 658; x_wconf 87' lang='lat' dir='ltr'>ad</span> <span class='ocrx_word' id='word_1_80' title='bbox 1313 617 1536 669; x_wconf 83' lang='lat' dir='ltr'>eclipticam</span> <span class='ocrx_word' id='word_1_81' title='bbox 1573 621 1839 669; x_wconf 84' lang='lat' dir='ltr'>computatae.</span> <span class='ocrx_word' id='word_1_82' title='bbox 1898 615 1978 656; x_wconf 85' lang='lat' dir='ltr'>Sed</span> 
     </span>
    </p>
   </div>
   <div class='ocr_carea' id='block_1_3' title="bbox 160 675 1094 728">
    <p class='ocr_par' dir='ltr' id='par_1_3' title="bbox 160 675 1094 728">
     <span class='ocr_line' id='line_1_10' title="bbox 160 675 1094 728; baseline -0.003 -8"><span class='ocrx_word' id='word_1_83' title='bbox 160 680 294 720; x_wconf 73' lang='lat' dir='ltr'>&#39;illam</span> <span class='ocrx_word' id='word_1_84' title='bbox 323 679 427 719; x_wconf 87' lang='lat' dir='ltr'>intra</span> <span class='ocrx_word' id='word_1_85' title='bbox 461 675 544 718; x_wconf 87' lang='grc'>100</span> <span class='ocrx_word' id='word_1_86' title='bbox 575 689 700 716; x_wconf 86' lang='lat' dir='ltr'>annos</span> <span class='ocrx_word' id='word_1_87' title='bbox 731 689 870 728; x_wconf 89' lang='lat' dir='ltr'>parum</span> <span class='ocrx_word' id='word_1_88' title='bbox 901 689 1094 717; x_wconf 88' lang='lat' dir='ltr'>crescere.</span> 
     </span>
    </p>
   </div>
   <div class='ocr_carea' id='block_1_4' title="bbox 186 733 1982 819">
    <p class='ocr_par' dir='ltr' id='par_1_4' title="bbox 186 733 1982 819">
     <span class='ocr_line' id='line_1_11' title="bbox 186 733 1982 819; baseline -0.002 -49"><span class='ocrx_word' id='word_1_89' title='bbox 186 786 228 819; x_wconf 67' lang='lat' dir='ltr'>ad</span> <span class='ocrx_word' id='word_1_90' title='bbox 252 737 565 818; x_wconf 43' lang='lat' dir='ltr'>VQluaieIsequppstur</span> <span class='ocrx_word' id='word_1_91' title='bbox 581 736 676 773; x_wconf 88' lang='lat' dir='ltr'>haec,</span> <span class='ocrx_word' id='word_1_92' title='bbox 694 745 793 778; x_wconf 88' lang='lat' dir='ltr'>quum</span> <span class='ocrx_word' id='word_1_93' title='bbox 811 735 853 768; x_wconf 90' lang='lat' dir='ltr'>ad</span> <span class='ocrx_word' id='word_1_94' title='bbox 871 734 1022 777; x_wconf 88' lang='lat' dir='ltr'>Opticam</span> <span class='ocrx_word' id='word_1_95' title='bbox 1041 740 1074 768; x_wconf 90' lang='lat' dir='ltr'>et</span> <span class='ocrx_word' id='word_1_96' title='bbox 1092 734 1345 777; x_wconf 81' lang='lat' dir='ltr'>chronologiam</span> <span class='ocrx_word' id='word_1_97' title='bbox 1362 735 1560 777; x_wconf 83' lang='lat' dir='ltr'>pertineant,</span> <span class='ocrx_word' id='word_1_98' title='bbox 1584 734 1783 767; x_wconf 82' lang='lat' dir='ltr'>reservanda</span> <span class='ocrx_word' id='word_1_99' title='bbox 1799 733 1982 766; x_wconf 83' lang='lat' dir='ltr'>censuimus</span> 
     </span>
     <span class='ocr_line' id='line_1_12' title="bbox 285 788 528 818; baseline 0.008 -4"><span class='ocrx_word' id='word_1_100' title='bbox 285 792 302 814; x_wconf 93' lang='grc'>0</span> <span class='ocrx_word' id='word_1_101' title='bbox 318 810 326 818; x_wconf 96' lang='grc'><em>.</em></span> <span class='ocrx_word' id='word_1_102' title='bbox 412 788 445 816; x_wconf 86' lang='lat' dir='ltr'>et</span> <span class='ocrx_word' id='word_1_103' title='bbox 520 808 528 816; x_wconf 92' lang='lat'>.</span> 
     </span>
    </p>
   </div>
   <div class='ocr_carea' id='block_1_5' title="bbox 187 886 1982 2863">
    <p class='ocr_par' dir='ltr' id='par_1_5' title="bbox 187 886 1982 1643">
     <span class='ocr_line' id='line_1_13' title="bbox 278 886 1982 930; baseline -0.004 -7"><span class='ocrx_word' id='word_1_104' title='bbox 278 889 527 923; x_wconf 86' lang='lat' dir='ltr'>Maestlinus</span> <span class='ocrx_word' id='word_1_105' title='bbox 551 898 678 930; x_wconf 90' lang='lat' dir='ltr'>prorsus</span> <span class='ocrx_word' id='word_1_106' title='bbox 705 889 868 920; x_wconf 88' lang='lat' dir='ltr'>consentit</span> <span class='ocrx_word' id='word_1_107' title='bbox 892 888 1046 930; x_wconf 89' lang='lat' dir='ltr'>Keplero.</span> <span class='ocrx_word' id='word_1_108' title='bbox 1084 888 1124 920; x_wconf 92' lang='lat' dir='ltr'>In</span> <span class='ocrx_word' id='word_1_109' title='bbox 1150 889 1250 921; x_wconf 87' lang='lat' dir='ltr'>literis</span> <span class='ocrx_word' id='word_1_110' title='bbox 1276 888 1362 921; x_wconf 86' lang='lat' dir='ltr'>datis</span> <span class='ocrx_word' id='word_1_111' title='bbox 1387 889 1417 921; x_wconf 93' lang='lat' dir='ltr'>d.</span> <span class='ocrx_word' id='word_1_112' title='bbox 1443 887 1486 920; x_wconf 84' lang='lat'>22</span> <span class='ocrx_word' id='word_1_113' title='bbox 1504 889 1582 930; x_wconf 85' lang='lat' dir='ltr'>Apr.</span> <span class='ocrx_word' id='word_1_114' title='bbox 1602 886 1691 920; x_wconf 80' lang='lat'>1599</span> <span class='ocrx_word' id='word_1_115' title='bbox 1717 887 1802 920; x_wconf 86' lang='lat' dir='ltr'>haec</span> <span class='ocrx_word' id='word_1_116' title='bbox 1826 886 1982 929; x_wconf 82' lang='lat' dir='ltr'>legimus:</span> 
     </span>
     <span class='ocr_line' id='line_1_14' title="bbox 187 934 1979 979; baseline -0.004 -8"><span class='ocrx_word' id='word_1_117' title='bbox 187 938 239 971; x_wconf 86' lang='lat' dir='ltr'>De</span> <span class='ocrx_word' id='word_1_118' title='bbox 264 938 425 979; x_wconf 85' lang='lat' dir='ltr'>Tychonis</span> <span class='ocrx_word' id='word_1_119' title='bbox 449 936 680 978; x_wconf 84' lang='lat' dir='ltr'>hypothesibus</span> <span class='ocrx_word' id='word_1_120' title='bbox 705 946 788 977; x_wconf 84' lang='lat' dir='ltr'>quae</span> <span class='ocrx_word' id='word_1_121' title='bbox 814 936 935 976; x_wconf 88' lang='lat' dir='ltr'>scribis,</span> <span class='ocrx_word' id='word_1_122' title='bbox 961 936 1038 968; x_wconf 89' lang='lat' dir='ltr'>mihi</span> <span class='ocrx_word' id='word_1_123' title='bbox 1062 936 1273 968; x_wconf 85' lang='lat' dir='ltr'>vehementer</span> <span class='ocrx_word' id='word_1_124' title='bbox 1293 936 1434 978; x_wconf 79' lang='lat' dir='ltr'>placent.</span> <span class='ocrx_word' id='word_1_125' title='bbox 1476 936 1527 968; x_wconf 86' lang='lat' dir='ltr'>Tu</span> <span class='ocrx_word' id='word_1_126' title='bbox 1551 936 1670 972; x_wconf 84' lang='lat' dir='ltr'>doceri.</span> <span class='ocrx_word' id='word_1_127' title='bbox 1695 944 1762 967; x_wconf 89' lang='grc'>000</span> <span class='ocrx_word' id='word_1_128' title='bbox 1785 934 1899 967; x_wconf 83' lang='lat' dir='ltr'>terreri</span> <span class='ocrx_word' id='word_1_129' title='bbox 1921 934 1979 965; x_wconf 77' lang='lat' dir='ltr'>vis.</span> 
     </span>
     <span class='ocr_line' id='line_1_15' title="bbox 188 980 1979 1028; baseline -0.003 -10"><span class='ocrx_word' id='word_1_130' title='bbox 188 986 280 1018; x_wconf 87' lang='lat' dir='ltr'>Idem</span> <span class='ocrx_word' id='word_1_131' title='bbox 304 995 364 1028; x_wconf 85' lang='lat' dir='ltr'>ego</span> <span class='ocrx_word' id='word_1_132' title='bbox 388 984 575 1017; x_wconf 80' lang='lat' dir='ltr'>faciendum</span> <span class='ocrx_word' id='word_1_133' title='bbox 596 984 718 1024; x_wconf 77' lang='lat' dir='ltr'>Judico.</span> <span class='ocrx_word' id='word_1_134' title='bbox 767 983 861 1015; x_wconf 89' lang='lat' dir='ltr'>Istud</span> <span class='ocrx_word' id='word_1_135' title='bbox 884 983 1091 1025; x_wconf 85' lang='lat' dir='ltr'>physicorum</span> <span class='ocrx_word' id='word_1_136' title='bbox 1117 988 1150 1016; x_wconf 86' lang='lat' dir='ltr'>et</span> <span class='ocrx_word' id='word_1_137' title='bbox 1174 984 1398 1026; x_wconf 85' lang='lat' dir='ltr'>theologorum</span> <span class='ocrx_word' id='word_1_138' title='bbox 1429 982 1511 1025; x_wconf 86' lang='lat' dir='ltr'>(nou</span> <span class='ocrx_word' id='word_1_139' title='bbox 1536 984 1607 1016; x_wconf 89' lang='lat' dir='ltr'>dico</span> <span class='ocrx_word' id='word_1_140' title='bbox 1637 983 1793 1025; x_wconf 73' lang='lat' dir='ltr'>physicae</span> <span class='ocrx_word' id='word_1_141' title='bbox 1824 986 1858 1014; x_wconf 84' lang='lat' dir='ltr'>et</span> <span class='ocrx_word' id='word_1_142' title='bbox 1887 980 1979 1013; x_wconf 81' lang='lat' dir='ltr'>theo-</span> 
     </span>
     <span class='ocr_line' id='line_1_16' title="bbox 187 1029 1979 1075; baseline -0.002 -10"><span class='ocrx_word' id='word_1_143' title='bbox 187 1030 312 1075; x_wconf 83' lang='lat' dir='ltr'>logiae)</span> <span class='ocrx_word' id='word_1_144' title='bbox 335 1032 572 1073; x_wconf 86' lang='lat' dir='ltr'>praejudicium</span> <span class='ocrx_word' id='word_1_145' title='bbox 595 1032 700 1072; x_wconf 89' lang='lat' dir='ltr'>ipsum</span> <span class='ocrx_word' id='word_1_146' title='bbox 724 1031 758 1063; x_wconf 92' lang='lat' dir='ltr'>in</span> <span class='ocrx_word' id='word_1_147' title='bbox 782 1031 872 1062; x_wconf 85' lang='lat' dir='ltr'>illam</span> <span class='ocrx_word' id='word_1_148' title='bbox 897 1033 1095 1063; x_wconf 88' lang='lat' dir='ltr'>sententiam</span> <span class='ocrx_word' id='word_1_149' title='bbox 1125 1032 1299 1073; x_wconf 77' lang='lat' dir='ltr'>pertraxit,</span> <span class='ocrx_word' id='word_1_150' title='bbox 1331 1036 1369 1064; x_wconf 89' lang='lat' dir='ltr'>ut</span> <span class='ocrx_word' id='word_1_151' title='bbox 1393 1032 1527 1065; x_wconf 81' lang='lat' dir='ltr'>Terram</span> <span class='ocrx_word' id='word_1_152' title='bbox 1561 1029 1826 1071; x_wconf 84' lang='lat' dir='ltr'>(minutissimum</span> <span class='ocrx_word' id='word_1_153' title='bbox 1851 1037 1979 1070; x_wconf 73' lang='lat' dir='ltr'>corpus—</span> 
     </span>
     <span class='ocr_line' id='line_1_17' title="bbox 189 1075 1980 1121; baseline -0.002 -9"><span class='ocrx_word' id='word_1_154' title='bbox 189 1080 307 1115; x_wconf 83' lang='lat' dir='ltr'>culum,</span> <span class='ocrx_word' id='word_1_155' title='bbox 331 1089 389 1112; x_wconf 90' lang='lat' dir='ltr'>seu</span> <span class='ocrx_word' id='word_1_156' title='bbox 412 1081 519 1121; x_wconf 88' lang='lat' dir='ltr'>potius</span> <span class='ocrx_word' id='word_1_157' title='bbox 544 1079 744 1119; x_wconf 90' lang='lat' dir='ltr'>punctulum,</span> <span class='ocrx_word' id='word_1_158' title='bbox 772 1083 816 1115; x_wconf 88' lang='lat' dir='ltr'>et,</span> <span class='ocrx_word' id='word_1_159' title='bbox 843 1079 928 1110; x_wconf 89' lang='lat' dir='ltr'>sicut</span> <span class='ocrx_word' id='word_1_160' title='bbox 951 1079 1076 1120; x_wconf 87' lang='lat' dir='ltr'>scripsi,</span> <span class='ocrx_word' id='word_1_161' title='bbox 1101 1080 1128 1111; x_wconf 88' lang='lat' dir='ltr'>si</span> <span class='ocrx_word' id='word_1_162' title='bbox 1153 1079 1229 1121; x_wconf 90' lang='lat' dir='ltr'>quid</span> <span class='ocrx_word' id='word_1_163' title='bbox 1252 1083 1373 1120; x_wconf 88' lang='lat' dir='ltr'>puncto</span> <span class='ocrx_word' id='word_1_164' title='bbox 1397 1080 1503 1111; x_wconf 87' lang='lat' dir='ltr'>minus</span> <span class='ocrx_word' id='word_1_165' title='bbox 1521 1078 1591 1111; x_wconf 86' lang='lat' dir='ltr'>dari</span> <span class='ocrx_word' id='word_1_166' title='bbox 1614 1075 1730 1120; x_wconf 82' lang='lat' dir='ltr'>possit)</span> <span class='ocrx_word' id='word_1_167' title='bbox 1755 1077 1898 1110; x_wconf 84' lang='lat' dir='ltr'>retineat</span> <span class='ocrx_word' id='word_1_168' title='bbox 1919 1075 1980 1108; x_wconf 89' lang='lat' dir='ltr'>im-</span> 
     </span>
     <span class='ocr_line' id='line_1_18' title="bbox 189 1125 1980 1168; baseline -0.002 -9"><span class='ocrx_word' id='word_1_169' title='bbox 189 1127 347 1166; x_wconf 85' lang='lat' dir='ltr'>mobilem,</span> <span class='ocrx_word' id='word_1_170' title='bbox 375 1136 504 1168; x_wconf 89' lang='lat' dir='ltr'>corpore</span> <span class='ocrx_word' id='word_1_171' title='bbox 529 1131 598 1158; x_wconf 87' lang='lat' dir='ltr'>tam</span> <span class='ocrx_word' id='word_1_172' title='bbox 624 1130 715 1157; x_wconf 84' lang='lat' dir='ltr'>vasto</span> <span class='ocrx_word' id='word_1_173' title='bbox 740 1126 870 1157; x_wconf 88' lang='lat' dir='ltr'>interim</span> <span class='ocrx_word' id='word_1_174' title='bbox 894 1126 1004 1158; x_wconf 87' lang='lat' dir='ltr'>mobili</span> <span class='ocrx_word' id='word_1_175' title='bbox 1029 1128 1254 1168; x_wconf 88' lang='lat' dir='ltr'>circumrapto.</span> <span class='ocrx_word' id='word_1_176' title='bbox 1291 1126 1363 1159; x_wconf 90' lang='lat' dir='ltr'>Nec</span> <span class='ocrx_word' id='word_1_177' title='bbox 1388 1127 1509 1161; x_wconf 80' lang='lat' dir='ltr'>dubito,</span> <span class='ocrx_word' id='word_1_178' title='bbox 1535 1127 1625 1168; x_wconf 82' lang='lat' dir='ltr'>quin,</span> <span class='ocrx_word' id='word_1_179' title='bbox 1649 1126 1678 1157; x_wconf 85' lang='lat' dir='ltr'>si</span> <span class='ocrx_word' id='word_1_180' title='bbox 1696 1129 1790 1157; x_wconf 83' lang='lat' dir='ltr'>tuum</span> <span class='ocrx_word' id='word_1_181' title='bbox 1812 1125 1980 1156; x_wconf 84' lang='lat' dir='ltr'>inventum</span> 
     </span>
     <span class='ocr_line' id='line_1_19' title="bbox 187 1172 1981 1216; baseline -0.002 -10"><span class='ocrx_word' id='word_1_182' title='bbox 187 1176 274 1216; x_wconf 90' lang='lat' dir='ltr'>prius</span> <span class='ocrx_word' id='word_1_183' title='bbox 307 1183 404 1216; x_wconf 90' lang='lat' dir='ltr'>quam</span> <span class='ocrx_word' id='word_1_184' title='bbox 429 1183 503 1205; x_wconf 85' lang='lat' dir='ltr'>suas</span> <span class='ocrx_word' id='word_1_185' title='bbox 526 1173 722 1214; x_wconf 80' lang='lat' dir='ltr'>hypotheses</span> <span class='ocrx_word' id='word_1_186' title='bbox 747 1172 922 1214; x_wconf 85' lang='lat' dir='ltr'>publicavit</span> <span class='ocrx_word' id='word_1_187' title='bbox 953 1173 1102 1211; x_wconf 80' lang='lat' dir='ltr'>vidisset,</span> <span class='ocrx_word' id='word_1_188' title='bbox 1143 1174 1232 1206; x_wconf 86' lang='lat' dir='ltr'>aliud</span> <span class='ocrx_word' id='word_1_189' title='bbox 1267 1174 1447 1206; x_wconf 81' lang='lat' dir='ltr'>statuisset.</span> <span class='ocrx_word' id='word_1_190' title='bbox 1497 1173 1594 1205; x_wconf 84' lang='lat' dir='ltr'>Nunc</span> <span class='ocrx_word' id='word_1_191' title='bbox 1625 1172 1823 1205; x_wconf 73' lang='lat' dir='ltr'>sententiam</span> <span class='ocrx_word' id='word_1_192' title='bbox 1852 1174 1981 1204; x_wconf 77' lang='lat' dir='ltr'>mutare</span> 
     </span>
     <span class='ocr_line' id='line_1_20' title="bbox 190 1218 1980 1264; baseline -0.002 -9"><span class='ocrx_word' id='word_1_193' title='bbox 190 1226 223 1255; x_wconf 89' lang='lat' dir='ltr'>et</span> <span class='ocrx_word' id='word_1_194' title='bbox 248 1222 377 1264; x_wconf 90' lang='lat' dir='ltr'>quidem</span> <span class='ocrx_word' id='word_1_195' title='bbox 403 1220 446 1252; x_wconf 87' lang='lat' dir='ltr'>ad</span> <span class='ocrx_word' id='word_1_196' title='bbox 472 1221 603 1252; x_wconf 84' lang='lat' dir='ltr'>alterius</span> <span class='ocrx_word' id='word_1_197' title='bbox 631 1219 688 1260; x_wconf 86' lang='lat' dir='ltr'>(ne</span> <span class='ocrx_word' id='word_1_198' title='bbox 714 1221 821 1252; x_wconf 80' lang='lat' dir='ltr'>dicam</span> <span class='ocrx_word' id='word_1_199' title='bbox 845 1230 880 1252; x_wconf 90' lang='lat' dir='ltr'>se</span> <span class='ocrx_word' id='word_1_200' title='bbox 902 1220 1052 1261; x_wconf 85' lang='lat' dir='ltr'>junioris)</span> <span class='ocrx_word' id='word_1_201' title='bbox 1077 1223 1234 1258; x_wconf 86' lang='lat' dir='ltr'>inventa,</span> <span class='ocrx_word' id='word_1_202' title='bbox 1261 1221 1369 1253; x_wconf 78' lang='lat' dir='ltr'>forsan</span> <span class='ocrx_word' id='word_1_203' title='bbox 1398 1221 1628 1254; x_wconf 69' lang='lat' dir='ltr'>existimationi</span> <span class='ocrx_word' id='word_1_204' title='bbox 1651 1218 1797 1252; x_wconf 85' lang='lat' dir='ltr'>nonnihil</span> <span class='ocrx_word' id='word_1_205' title='bbox 1821 1219 1980 1262; x_wconf 81' lang='lat' dir='ltr'>derogare</span> 
     </span>
     <span class='ocr_line' id='line_1_21' title="bbox 189 1265 1980 1314; baseline -0.003 -12"><span class='ocrx_word' id='word_1_206' title='bbox 189 1269 326 1311; x_wconf 86' lang='lat' dir='ltr'>putabit.</span> <span class='ocrx_word' id='word_1_207' title='bbox 375 1267 498 1299; x_wconf 89' lang='lat' dir='ltr'>Verum</span> <span class='ocrx_word' id='word_1_208' title='bbox 523 1268 548 1298; x_wconf 88' lang='lat' dir='ltr'>si</span> <span class='ocrx_word' id='word_1_209' title='bbox 574 1268 642 1299; x_wconf 88' lang='lat' dir='ltr'>dies</span> <span class='ocrx_word' id='word_1_210' title='bbox 667 1268 750 1299; x_wconf 88' lang='lat' dir='ltr'>diem</span> <span class='ocrx_word' id='word_1_211' title='bbox 776 1269 883 1305; x_wconf 90' lang='lat' dir='ltr'>docet,</span> <span class='ocrx_word' id='word_1_212' title='bbox 909 1269 936 1300; x_wconf 89' lang='lat' dir='ltr'>si</span> <span class='ocrx_word' id='word_1_213' title='bbox 961 1265 1130 1314; x_wconf 80' lang='grc' dir='ltr'>δευτεραι</span> <span class='ocrx_word' id='word_1_214' title='bbox 1155 1266 1352 1314; x_wconf 77' lang='grc' dir='ltr'><strong><em>φροντιδες</em></strong></span> <span class='ocrx_word' id='word_1_215' title='bbox 1376 1275 1588 1312; x_wconf 77' lang='grc' dir='ltr'><strong><em>σοφωτερᾳι</em></strong></span> <span class='ocrx_word' id='word_1_216' title='bbox 1612 1266 1718 1304; x_wconf 79' lang='grc' dir='ltr'><strong><em>εἰσιν,</em></strong></span> <span class='ocrx_word' id='word_1_217' title='bbox 1743 1277 1801 1299; x_wconf 86' lang='lat' dir='ltr'>cur</span> <span class='ocrx_word' id='word_1_218' title='bbox 1823 1276 1900 1306; x_wconf 86' lang='lat' dir='ltr'>nou,</span> <span class='ocrx_word' id='word_1_219' title='bbox 1927 1267 1980 1308; x_wconf 86' lang='lat' dir='ltr'>qui</span> 
     </span>
     <span class='ocr_line' id='line_1_22' title="bbox 189 1313 1981 1359; baseline -0.003 -9"><span class='ocrx_word' id='word_1_220' title='bbox 189 1318 331 1350; x_wconf 85' lang='lat' dir='ltr'>seniores</span> <span class='ocrx_word' id='word_1_221' title='bbox 356 1324 484 1351; x_wconf 76' lang='lat' dir='ltr'>sumuS,</span> <span class='ocrx_word' id='word_1_222' title='bbox 512 1314 676 1355; x_wconf 87' lang='lat' dir='ltr'>juniorum</span> <span class='ocrx_word' id='word_1_223' title='bbox 700 1316 828 1356; x_wconf 88' lang='lat' dir='ltr'>prodita</span> <span class='ocrx_word' id='word_1_224' title='bbox 852 1315 965 1348; x_wconf 87' lang='lat' dir='ltr'>eodem</span> <span class='ocrx_word' id='word_1_225' title='bbox 989 1317 1083 1349; x_wconf 90' lang='lat' dir='ltr'>modo</span> <span class='ocrx_word' id='word_1_226' title='bbox 1108 1317 1422 1359; x_wconf 82' lang='lat' dir='ltr'>magnifaceremus,</span> <span class='ocrx_word' id='word_1_227' title='bbox 1455 1327 1516 1358; x_wconf 90' lang='lat' dir='ltr'>quo</span> <span class='ocrx_word' id='word_1_228' title='bbox 1546 1326 1606 1348; x_wconf 91' lang='lat' dir='ltr'>nos</span> <span class='ocrx_word' id='word_1_229' title='bbox 1631 1316 1673 1348; x_wconf 87' lang='lat' dir='ltr'>ab</span> <span class='ocrx_word' id='word_1_230' title='bbox 1697 1315 1775 1357; x_wconf 86' lang='lat' dir='ltr'>ipsis</span> <span class='ocrx_word' id='word_1_231' title='bbox 1798 1313 1981 1357; x_wconf 77' lang='lat' dir='ltr'>magnifieri</span> 
     </span>
     <span class='ocr_line' id='line_1_23' title="bbox 191 1360 1982 1406; baseline -0.003 -9"><span class='ocrx_word' id='word_1_232' title='bbox 191 1361 358 1406; x_wconf 80' lang='lat' dir='ltr'>cupimus?</span> <span class='ocrx_word' id='word_1_233' title='bbox 395 1362 530 1394; x_wconf 83' lang='lat' dir='ltr'>Habent</span> <span class='ocrx_word' id='word_1_234' title='bbox 553 1360 599 1392; x_wconf 88' lang='lat' dir='ltr'>illi</span> <span class='ocrx_word' id='word_1_235' title='bbox 623 1370 644 1392; x_wconf 88' lang='lat' dir='ltr'>a</span> <span class='ocrx_word' id='word_1_236' title='bbox 667 1363 758 1393; x_wconf 91' lang='lat' dir='ltr'>nobis</span> <span class='ocrx_word' id='word_1_237' title='bbox 783 1373 848 1394; x_wconf 91' lang='lat' dir='ltr'>non</span> <span class='ocrx_word' id='word_1_238' title='bbox 875 1364 1100 1404; x_wconf 82' lang='lat' dir='ltr'>aspernanda:</span> <span class='ocrx_word' id='word_1_239' title='bbox 1126 1369 1226 1396; x_wconf 87' lang='lat' dir='ltr'>recte.</span> <span class='ocrx_word' id='word_1_240' title='bbox 1269 1365 1314 1396; x_wconf 89' lang='lat' dir='ltr'>At</span> <span class='ocrx_word' id='word_1_241' title='bbox 1338 1365 1437 1396; x_wconf 89' lang='lat' dir='ltr'>etiam</span> <span class='ocrx_word' id='word_1_242' title='bbox 1462 1364 1540 1406; x_wconf 88' lang='lat' dir='ltr'>ipsis</span> <span class='ocrx_word' id='word_1_243' title='bbox 1565 1362 1652 1395; x_wconf 87' lang='lat' dir='ltr'>dona</span> <span class='ocrx_word' id='word_1_244' title='bbox 1675 1362 1836 1395; x_wconf 84' lang='lat' dir='ltr'>concessit</span> <span class='ocrx_word' id='word_1_245' title='bbox 1847 1369 1982 1404; x_wconf 61' lang='grc' dir='ltr'>000.μο</span> 
     </span>
     <span class='ocr_line' id='line_1_24' title="bbox 190 1408 1980 1454; baseline -0.002 -10"><span class='ocrx_word' id='word_1_246' title='bbox 190 1411 291 1444; x_wconf 90' lang='lat' dir='ltr'>Deus.</span> <span class='ocrx_word' id='word_1_247' title='bbox 330 1409 426 1442; x_wconf 84' lang='lat' dir='ltr'>Certe</span> <span class='ocrx_word' id='word_1_248' title='bbox 452 1417 563 1440; x_wconf 88' lang='lat' dir='ltr'>omnes</span> <span class='ocrx_word' id='word_1_249' title='bbox 590 1413 676 1439; x_wconf 87' lang='lat' dir='ltr'>artes</span> <span class='ocrx_word' id='word_1_250' title='bbox 702 1413 735 1440; x_wconf 84' lang='lat' dir='ltr'>et</span> <span class='ocrx_word' id='word_1_251' title='bbox 759 1411 918 1442; x_wconf 85' lang='lat' dir='ltr'>scientiae</span> <span class='ocrx_word' id='word_1_252' title='bbox 943 1411 986 1442; x_wconf 89' lang='lat' dir='ltr'>ad</span> <span class='ocrx_word' id='word_1_253' title='bbox 1011 1412 1175 1452; x_wconf 78' lang='lat' dir='ltr'>superiora</span> <span class='ocrx_word' id='word_1_254' title='bbox 1193 1416 1250 1443; x_wconf 86' lang='lat' dir='ltr'>aut</span> <span class='ocrx_word' id='word_1_255' title='bbox 1274 1421 1425 1453; x_wconf 86' lang='lat' dir='ltr'>suprema</span> <span class='ocrx_word' id='word_1_256' title='bbox 1448 1411 1583 1454; x_wconf 78' lang='lat' dir='ltr'>fastigia</span> <span class='ocrx_word' id='word_1_257' title='bbox 1605 1417 1812 1453; x_wconf 83' lang='lat' dir='ltr'>nequaquam</span> <span class='ocrx_word' id='word_1_258' title='bbox 1835 1418 1894 1450; x_wconf 86' lang='lat' dir='ltr'>per</span> <span class='ocrx_word' id='word_1_259' title='bbox 1915 1408 1980 1451; x_wconf 87' lang='lat' dir='ltr'>pri-</span> 
     </span>
     <span class='ocr_line' id='line_1_25' title="bbox 189 1455 1981 1501; baseline -0.002 -11"><span class='ocrx_word' id='word_1_260' title='bbox 189 1469 277 1498; x_wconf 84' lang='lat' dir='ltr'>mos,</span> <span class='ocrx_word' id='word_1_261' title='bbox 313 1457 372 1489; x_wconf 89' lang='lat' dir='ltr'>sed</span> <span class='ocrx_word' id='word_1_262' title='bbox 395 1466 453 1497; x_wconf 87' lang='lat' dir='ltr'>per</span> <span class='ocrx_word' id='word_1_263' title='bbox 475 1456 691 1497; x_wconf 79' lang='lat' dir='ltr'>posteriores,</span> <span class='ocrx_word' id='word_1_264' title='bbox 724 1457 778 1497; x_wconf 91' lang='lat' dir='ltr'>qui</span> <span class='ocrx_word' id='word_1_265' title='bbox 808 1458 946 1489; x_wconf 87' lang='lat' dir='ltr'>inventis</span> <span class='ocrx_word' id='word_1_266' title='bbox 971 1468 1031 1490; x_wconf 86' lang='lat' dir='ltr'>sua</span> <span class='ocrx_word' id='word_1_267' title='bbox 1055 1469 1179 1501; x_wconf 86' lang='lat' dir='ltr'>quoque</span> <span class='ocrx_word' id='word_1_268' title='bbox 1206 1460 1293 1491; x_wconf 87' lang='lat' dir='ltr'>dona</span> <span class='ocrx_word' id='word_1_269' title='bbox 1317 1459 1652 1491; x_wconf 67' lang='lat' dir='ltr'>divinitnseoncessa</span> <span class='ocrx_word' id='word_1_270' title='bbox 1676 1455 1981 1499; x_wconf 73' lang='lat' dir='ltr'>superaddiderunt,</span> 
     </span>
     <span class='ocr_line' id='line_1_26' title="bbox 192 1501 1982 1548; baseline -0.002 -9"><span class='ocrx_word' id='word_1_271' title='bbox 192 1505 461 1539; x_wconf 86' lang='lat' dir='ltr'>conscenderunt.</span> <span class='ocrx_word' id='word_1_272' title='bbox 512 1501 721 1542; x_wconf 83' lang='lat' dir='ltr'>Quantopere</span> <span class='ocrx_word' id='word_1_273' title='bbox 748 1503 958 1545; x_wconf 86' lang='lat' dir='ltr'>Copernicum</span> <span class='ocrx_word' id='word_1_274' title='bbox 983 1507 1042 1538; x_wconf 90' lang='lat' dir='ltr'>sibi</span> <span class='ocrx_word' id='word_1_275' title='bbox 1067 1506 1267 1548; x_wconf 83' lang='lat' dir='ltr'>gratulatum</span> <span class='ocrx_word' id='word_1_276' title='bbox 1291 1506 1390 1539; x_wconf 81' lang='lat' dir='ltr'>fuisse</span> <span class='ocrx_word' id='word_1_277' title='bbox 1421 1507 1624 1547; x_wconf 86' lang='lat' dir='ltr'>putabimus,</span> <span class='ocrx_word' id='word_1_278' title='bbox 1657 1506 1685 1537; x_wconf 88' lang='lat' dir='ltr'>si</span> <span class='ocrx_word' id='word_1_279' title='bbox 1714 1505 1785 1546; x_wconf 87' lang='lat' dir='ltr'>ipso</span> <span class='ocrx_word' id='word_1_280' title='bbox 1817 1505 1888 1536; x_wconf 79' lang='lat' dir='ltr'>vivo</span> <span class='ocrx_word' id='word_1_281' title='bbox 1921 1507 1982 1536; x_wconf 77' lang='lat' dir='ltr'>tua</span> 
     </span>
     <span class='ocr_line' id='line_1_27' title="bbox 190 1546 1980 1596; baseline -0.002 -10"><span class='ocrx_word' id='word_1_282' title='bbox 190 1553 368 1596; x_wconf 87' lang='lat' dir='ltr'>speculatio</span> <span class='ocrx_word' id='word_1_283' title='bbox 396 1552 431 1583; x_wconf 91' lang='lat' dir='ltr'>in</span> <span class='ocrx_word' id='word_1_284' title='bbox 454 1550 559 1582; x_wconf 90' lang='lat' dir='ltr'>lucem</span> <span class='ocrx_word' id='word_1_285' title='bbox 584 1546 779 1589; x_wconf 74' lang='lat' dir='ltr'>prodiisset?</span> <span class='ocrx_word' id='word_1_286' title='bbox 828 1550 923 1590; x_wconf 87' lang='lat' dir='ltr'>Quod</span> <span class='ocrx_word' id='word_1_287' title='bbox 947 1558 1058 1585; x_wconf 88' lang='lat' dir='ltr'>autem</span> <span class='ocrx_word' id='word_1_288' title='bbox 1082 1554 1125 1585; x_wconf 89' lang='lat' dir='ltr'>ad</span> <span class='ocrx_word' id='word_1_289' title='bbox 1149 1564 1216 1586; x_wconf 88' lang='lat' dir='ltr'>rem</span> <span class='ocrx_word' id='word_1_290' title='bbox 1240 1555 1356 1595; x_wconf 85' lang='lat' dir='ltr'>ipsam,</span> <span class='ocrx_word' id='word_1_291' title='bbox 1382 1565 1434 1586; x_wconf 91' lang='lat' dir='ltr'>me</span> <span class='ocrx_word' id='word_1_292' title='bbox 1458 1564 1520 1586; x_wconf 87' lang='lat' dir='ltr'>nec</span> <span class='ocrx_word' id='word_1_293' title='bbox 1543 1553 1692 1595; x_wconf 79' lang='lat' dir='ltr'>poenitet</span> <span class='ocrx_word' id='word_1_294' title='bbox 1713 1561 1776 1584; x_wconf 87' lang='lat' dir='ltr'>uec</span> <span class='ocrx_word' id='word_1_295' title='bbox 1799 1550 1902 1594; x_wconf 79' lang='lat' dir='ltr'>pudet</span> <span class='ocrx_word' id='word_1_296' title='bbox 1925 1559 1980 1583; x_wconf 84' lang='lat' dir='ltr'>eo-</span> 
     </span>
     <span class='ocr_line' id='line_1_28' title="bbox 190 1595 1496 1643; baseline -0.002 -9"><span class='ocrx_word' id='word_1_297' title='bbox 190 1611 277 1639; x_wconf 84' lang='lat' dir='ltr'>rum,</span> <span class='ocrx_word' id='word_1_298' title='bbox 305 1609 388 1642; x_wconf 89' lang='lat' dir='ltr'>quae</span> <span class='ocrx_word' id='word_1_299' title='bbox 412 1599 446 1629; x_wconf 91' lang='lat' dir='ltr'>in</span> <span class='ocrx_word' id='word_1_300' title='bbox 470 1596 672 1639; x_wconf 86' lang='lat' dir='ltr'>praefatione</span> <span class='ocrx_word' id='word_1_301' title='bbox 698 1597 731 1627; x_wconf 87' lang='lat' dir='ltr'>iu</span> <span class='ocrx_word' id='word_1_302' title='bbox 749 1595 975 1630; x_wconf 85' lang='lat' dir='ltr'>Narrationem</span> <span class='ocrx_word' id='word_1_303' title='bbox 990 1600 1121 1632; x_wconf 87' lang='lat' dir='ltr'>Rhetici</span> <span class='ocrx_word' id='word_1_304' title='bbox 1138 1602 1249 1643; x_wconf 89' lang='lat' dir='ltr'>scripsi</span> <span class='ocrx_word' id='word_1_305' title='bbox 1274 1601 1352 1642; x_wconf 82' lang='lat' dir='ltr'>(vid.</span> <span class='ocrx_word' id='word_1_306' title='bbox 1375 1612 1407 1642; x_wconf 89' lang='lat' dir='ltr'>p.</span> <span class='ocrx_word' id='word_1_307' title='bbox 1427 1599 1496 1640; x_wconf 83' lang='lat'>27).</span> 
     </span>
    </p>

    <p class='ocr_par' dir='ltr' id='par_1_6' title="bbox 190 1644 1982 2307">
     <span class='ocr_line' id='line_1_29' title="bbox 287 1644 1982 1689; baseline -0.001 -11"><span class='ocrx_word' id='word_1_308' title='bbox 287 1647 382 1687; x_wconf 82' lang='lat' dir='ltr'>Quod</span> <span class='ocrx_word' id='word_1_309' title='bbox 405 1655 461 1687; x_wconf 90' lang='lat' dir='ltr'>pro</span> <span class='ocrx_word' id='word_1_310' title='bbox 486 1644 595 1676; x_wconf 84' lang='lat' dir='ltr'>labore</span> <span class='ocrx_word' id='word_1_311' title='bbox 622 1648 654 1675; x_wconf 89' lang='lat' dir='ltr'>et</span> <span class='ocrx_word' id='word_1_312' title='bbox 679 1645 835 1676; x_wconf 88' lang='lat' dir='ltr'>sumtibus</span> <span class='ocrx_word' id='word_1_313' title='bbox 862 1650 894 1676; x_wconf 91' lang='lat' dir='ltr'>et</span> <span class='ocrx_word' id='word_1_314' title='bbox 926 1647 1067 1688; x_wconf 87' lang='lat' dir='ltr'>inprimis</span> <span class='ocrx_word' id='word_1_315' title='bbox 1098 1658 1153 1689; x_wconf 93' lang='lat' dir='ltr'>pro</span> <span class='ocrx_word' id='word_1_316' title='bbox 1183 1648 1245 1680; x_wconf 91' lang='lat' dir='ltr'>hoc</span> <span class='ocrx_word' id='word_1_317' title='bbox 1276 1649 1407 1680; x_wconf 80' lang='lat' dir='ltr'>invento</span> <span class='ocrx_word' id='word_1_318' title='bbox 1438 1653 1512 1686; x_wconf 85' lang='lat' dir='ltr'>tuo,</span> <span class='ocrx_word' id='word_1_319' title='bbox 1546 1648 1691 1680; x_wconf 85' lang='lat' dir='ltr'>maxima</span> <span class='ocrx_word' id='word_1_320' title='bbox 1719 1645 1982 1679; x_wconf 80' lang='lat' dir='ltr'>remuneratione</span> 
     </span>
     <span class='ocr_line' id='line_1_30' title="bbox 192 1691 1982 1738; baseline -0.001 -11"><span class='ocrx_word' id='word_1_321' title='bbox 192 1696 388 1738; x_wconf 85' lang='lat' dir='ltr'>dignissimo,</span> <span class='ocrx_word' id='word_1_322' title='bbox 415 1693 473 1724; x_wconf 87' lang='lat' dir='ltr'>tibi</span> <span class='ocrx_word' id='word_1_323' title='bbox 497 1691 640 1723; x_wconf 88' lang='lat' dir='ltr'>nondum</span> <span class='ocrx_word' id='word_1_324' title='bbox 665 1691 872 1723; x_wconf 81' lang='lat' dir='ltr'>satisfactum</span> <span class='ocrx_word' id='word_1_325' title='bbox 897 1697 957 1730; x_wconf 81' lang='lat' dir='ltr'>est,</span> <span class='ocrx_word' id='word_1_326' title='bbox 983 1694 1075 1726; x_wconf 90' lang='lat' dir='ltr'>doleo</span> <span class='ocrx_word' id='word_1_327' title='bbox 1100 1695 1315 1728; x_wconf 86' lang='lat' dir='ltr'>vehementer.</span> <span class='ocrx_word' id='word_1_328' title='bbox 1354 1696 1475 1728; x_wconf 88' lang='lat' dir='ltr'>Verum</span> <span class='ocrx_word' id='word_1_329' title='bbox 1491 1696 1538 1728; x_wconf 87' lang='lat' dir='ltr'>sic</span> <span class='ocrx_word' id='word_1_330' title='bbox 1556 1699 1780 1736; x_wconf 82' lang='lat' dir='ltr'>comparatum</span> <span class='ocrx_word' id='word_1_331' title='bbox 1803 1702 1877 1726; x_wconf 74' lang='grc' dir='ltr'>00εο</span> <span class='ocrx_word' id='word_1_332' title='bbox 1891 1693 1982 1726; x_wconf 63' lang='lat' dir='ltr'>vide-²</span> 
     </span>
     <span class='ocr_line' id='line_1_31' title="bbox 190 1739 1982 1785; baseline -0.002 -10"><span class='ocrx_word' id='word_1_333' title='bbox 190 1753 278 1780; x_wconf 75' lang='lat' dir='ltr'>muS,</span> <span class='ocrx_word' id='word_1_334' title='bbox 313 1746 366 1778; x_wconf 87' lang='lat' dir='ltr'>ut,</span> <span class='ocrx_word' id='word_1_335' title='bbox 401 1749 485 1782; x_wconf 91' lang='lat' dir='ltr'>quae</span> <span class='ocrx_word' id='word_1_336' title='bbox 509 1739 607 1770; x_wconf 90' lang='lat' dir='ltr'>laude</span> <span class='ocrx_word' id='word_1_337' title='bbox 640 1742 715 1769; x_wconf 92' lang='lat' dir='ltr'>sunt</span> <span class='ocrx_word' id='word_1_338' title='bbox 740 1739 940 1780; x_wconf 84' lang='lat' dir='ltr'>dignissima,</span> <span class='ocrx_word' id='word_1_339' title='bbox 966 1747 1175 1782; x_wconf 81' lang='lat' dir='ltr'>spernantur,</span> <span class='ocrx_word' id='word_1_340' title='bbox 1209 1753 1355 1785; x_wconf 87' lang='lat' dir='ltr'>quaeque</span> <span class='ocrx_word' id='word_1_341' title='bbox 1385 1744 1474 1775; x_wconf 84' lang='lat' dir='ltr'>nullo</span> <span class='ocrx_word' id='word_1_342' title='bbox 1506 1744 1610 1785; x_wconf 86' lang='lat' dir='ltr'>pretio</span> <span class='ocrx_word' id='word_1_343' title='bbox 1636 1741 1813 1784; x_wconf 80' lang='lat' dir='ltr'>adaequari</span> <span class='ocrx_word' id='word_1_344' title='bbox 1835 1744 1982 1782; x_wconf 62' lang='lat' dir='ltr'>possunt,</span> 
     </span>
     <span class='ocr_line' id='line_1_32' title="bbox 191 1783 1982 1833; baseline -0.001 -11"><span class='ocrx_word' id='word_1_345' title='bbox 191 1790 278 1823; x_wconf 91' lang='grc'>00110</span> <span class='ocrx_word' id='word_1_346' title='bbox 303 1790 402 1822; x_wconf 88' lang='lat' dir='ltr'>etiam</span> <span class='ocrx_word' id='word_1_347' title='bbox 432 1787 534 1829; x_wconf 89' lang='lat' dir='ltr'>pretio</span> <span class='ocrx_word' id='word_1_348' title='bbox 567 1786 667 1827; x_wconf 86' lang='lat' dir='ltr'>digna</span> <span class='ocrx_word' id='word_1_349' title='bbox 697 1790 861 1826; x_wconf 86' lang='lat' dir='ltr'>putentur.</span> <span class='ocrx_word' id='word_1_350' title='bbox 911 1786 1032 1819; x_wconf 84' lang='lat' dir='ltr'>Verum</span> <span class='ocrx_word' id='word_1_351' title='bbox 1063 1790 1206 1822; x_wconf 86' lang='lat' dir='ltr'>confidas</span> <span class='ocrx_word' id='word_1_352' title='bbox 1239 1791 1366 1822; x_wconf 89' lang='lat' dir='ltr'>domino</span> <span class='ocrx_word' id='word_1_353' title='bbox 1390 1790 1481 1827; x_wconf 83' lang='lat' dir='ltr'>Deo,</span> <span class='ocrx_word' id='word_1_354' title='bbox 1514 1792 1568 1833; x_wconf 81' lang='lat' dir='ltr'>qui</span> <span class='ocrx_word' id='word_1_355' title='bbox 1597 1790 1656 1823; x_wconf 80' lang='lat' dir='ltr'>tibi</span> <span class='ocrx_word' id='word_1_356' title='bbox 1685 1790 1815 1831; x_wconf 81' lang='lat' dir='ltr'>tuisque</span> <span class='ocrx_word' id='word_1_357' title='bbox 1844 1783 1982 1830; x_wconf 63' lang='lat' dir='ltr'>fideliter</span> 
     </span>
     <span class='ocr_line' id='line_1_33' title="bbox 190 1832 1982 1880; baseline -0.002 -10"><span class='ocrx_word' id='word_1_358' title='bbox 190 1837 357 1879; x_wconf 84' lang='lat' dir='ltr'>rependet,</span> <span class='ocrx_word' id='word_1_359' title='bbox 384 1838 474 1877; x_wconf 68' lang='lat' dir='ltr'>quae·</span> <span class='ocrx_word' id='word_1_360' title='bbox 495 1834 548 1866; x_wconf 84' lang='lat' dir='ltr'>alii</span> <span class='ocrx_word' id='word_1_361' title='bbox 574 1833 624 1864; x_wconf 76' lang='lat' dir='ltr'>vel</span> <span class='ocrx_word' id='word_1_362' title='bbox 642 1837 767 1874; x_wconf 86' lang='lat' dir='ltr'>negant</span> <span class='ocrx_word' id='word_1_363' title='bbox 783 1833 833 1864; x_wconf 80' lang='lat' dir='ltr'>vel</span> <span class='ocrx_word' id='word_1_364' title='bbox 851 1832 1011 1866; x_wconf 83' lang='lat' dir='ltr'>differunt.</span> <span class='ocrx_word' id='word_1_365' title='bbox 1049 1835 1182 1869; x_wconf 83' lang='lat' dir='ltr'>Interim</span> <span class='ocrx_word' id='word_1_366' title='bbox 1207 1839 1315 1869; x_wconf 87' lang='lat' dir='ltr'>mirari</span> <span class='ocrx_word' id='word_1_367' title='bbox 1340 1839 1419 1870; x_wconf 86' lang='lat' dir='ltr'>satis</span> <span class='ocrx_word' id='word_1_368' title='bbox 1443 1843 1536 1870; x_wconf 88' lang='lat' dir='ltr'>tuam</span> <span class='ocrx_word' id='word_1_369' title='bbox 1561 1846 1641 1880; x_wconf 84' lang='lat' dir='ltr'>erga</span> <span class='ocrx_word' id='word_1_370' title='bbox 1663 1846 1716 1870; x_wconf 87' lang='lat' dir='ltr'>me</span> <span class='ocrx_word' id='word_1_371' title='bbox 1739 1835 1982 1874; x_wconf 62' lang='lat' dir='ltr'>liberalitatem,</span> 
     </span>
     <span class='ocr_line' id='line_1_34' title="bbox 191 1877 1982 1928; baseline -0.002 -10"><span class='ocrx_word' id='word_1_372' title='bbox 191 1894 327 1926; x_wconf 89' lang='lat' dir='ltr'>eamque</span> <span class='ocrx_word' id='word_1_373' title='bbox 352 1885 570 1922; x_wconf 84' lang='lat' dir='ltr'>maximopere</span> <span class='ocrx_word' id='word_1_374' title='bbox 597 1881 706 1921; x_wconf 86' lang='lat' dir='ltr'>tuique</span> <span class='ocrx_word' id='word_1_375' title='bbox 731 1880 1053 1914; x_wconf 86' lang='lat' dir='ltr'>honorificentissima</span> <span class='ocrx_word' id='word_1_376' title='bbox 1088 1885 1199 1916; x_wconf 86' lang='lat' dir='ltr'>addita.</span> <span class='ocrx_word' id='word_1_377' title='bbox 1226 1886 1390 1917; x_wconf 83' lang='lat' dir='ltr'>mentione</span> <span class='ocrx_word' id='word_1_378' title='bbox 1415 1886 1495 1917; x_wconf 85' lang='lat' dir='ltr'>satis</span> <span class='ocrx_word' id='word_1_379' title='bbox 1520 1885 1709 1928; x_wconf 84' lang='lat' dir='ltr'>praedicare</span> <span class='ocrx_word' id='word_1_380' title='bbox 1733 1892 1871 1927; x_wconf 81' lang='lat' dir='ltr'>nequeo,</span> <span class='ocrx_word' id='word_1_381' title='bbox 1897 1877 1982 1925; x_wconf 74' lang='lat' dir='ltr'>quod</span> 
     </span>
     <span class='ocr_line' id='line_1_35' title="bbox 190 1927 1982 1973; baseline -0.001 -9"><span class='ocrx_word' id='word_1_382' title='bbox 190 1938 260 1965; x_wconf 88' lang='lat' dir='ltr'>tam</span> <span class='ocrx_word' id='word_1_383' title='bbox 286 1931 451 1973; x_wconf 86' lang='lat' dir='ltr'>egregium</span> <span class='ocrx_word' id='word_1_384' title='bbox 475 1938 591 1960; x_wconf 88' lang='lat' dir='ltr'>munus</span> <span class='ocrx_word' id='word_1_385' title='bbox 616 1927 766 1968; x_wconf 86' lang='lat' dir='ltr'>poculum</span> <span class='ocrx_word' id='word_1_386' title='bbox 792 1927 1083 1968; x_wconf 88' lang='lat' dir='ltr'>splendidissimum</span> <span class='ocrx_word' id='word_1_387' title='bbox 1107 1931 1185 1962; x_wconf 85' lang='lat' dir='ltr'>mihi</span> <span class='ocrx_word' id='word_1_388' title='bbox 1210 1933 1332 1964; x_wconf 87' lang='lat' dir='ltr'>misisti.</span> <span class='ocrx_word' id='word_1_389' title='bbox 1382 1933 1502 1965; x_wconf 83' lang='lat' dir='ltr'>Fateor</span> <span class='ocrx_word' id='word_1_390' title='bbox 1525 1936 1624 1969; x_wconf 80' lang='lat' dir='ltr'>certe,</span> <span class='ocrx_word' id='word_1_391' title='bbox 1650 1941 1726 1964; x_wconf 91' lang='lat' dir='ltr'>mea</span> <span class='ocrx_word' id='word_1_392' title='bbox 1748 1932 1784 1963; x_wconf 90' lang='lat' dir='ltr'>iu</span> <span class='ocrx_word' id='word_1_393' title='bbox 1807 1934 1842 1964; x_wconf 77' lang='lat' dir='ltr'>te</span> <span class='ocrx_word' id='word_1_394' title='bbox 1865 1931 1982 1966; x_wconf 70' lang='lat' dir='ltr'>merita</span> 
     </span>
     <span class='ocr_line' id='line_1_36' title="bbox 192 1977 1982 2022; baseline -0.001 -10"><span class='ocrx_word' id='word_1_395' title='bbox 192 1980 335 2022; x_wconf 80' lang='lat' dir='ltr'>profecto</span> <span class='ocrx_word' id='word_1_396' title='bbox 352 1985 558 2019; x_wconf 77' lang='lat' dir='ltr'>nequaquam</span> <span class='ocrx_word' id='word_1_397' title='bbox 576 1980 672 2006; x_wconf 71' lang='lat' dir='ltr'>tanta</span> <span class='ocrx_word' id='word_1_398' title='bbox 689 1985 771 2012; x_wconf 75' lang='lat' dir='ltr'>esse,</span> <span class='ocrx_word' id='word_1_399' title='bbox 798 1979 923 2016; x_wconf 72' lang='lat' dir='ltr'>quauta</span> <span class='ocrx_word' id='word_1_400' title='bbox 948 1979 1006 2006; x_wconf 84' lang='lat' dir='ltr'>tua</span> <span class='ocrx_word' id='word_1_401' title='bbox 1032 1987 1109 2019; x_wconf 62' lang='lat' dir='ltr'>erga</span> <span class='ocrx_word' id='word_1_402' title='bbox 1131 1989 1183 2010; x_wconf 91' lang='lat' dir='ltr'>me</span> <span class='ocrx_word' id='word_1_403' title='bbox 1207 1979 1268 2011; x_wconf 89' lang='lat' dir='ltr'>hoc</span> <span class='ocrx_word' id='word_1_404' title='bbox 1292 1981 1406 2020; x_wconf 89' lang='lat' dir='ltr'>poculo</span> <span class='ocrx_word' id='word_1_405' title='bbox 1432 1981 1656 2013; x_wconf 79' lang='lat' dir='ltr'>demonstrata</span> <span class='ocrx_word' id='word_1_406' title='bbox 1680 1979 1858 2021; x_wconf 82' lang='lat' dir='ltr'>gratitudo.</span> <span class='ocrx_word' id='word_1_407' title='bbox 1893 1977 1982 2016; x_wconf 72' lang='lat' dir='ltr'>Nam</span> 
     </span>
     <span class='ocr_line' id='line_1_37' title="bbox 192 2023 1982 2070; baseline -0.001 -11"><span class='ocrx_word' id='word_1_408' title='bbox 192 2036 275 2070; x_wconf 86' lang='lat' dir='ltr'>quae</span> <span class='ocrx_word' id='word_1_409' title='bbox 293 2036 314 2058; x_wconf 86' lang='lat' dir='ltr'>a</span> <span class='ocrx_word' id='word_1_410' title='bbox 329 2035 381 2057; x_wconf 88' lang='lat' dir='ltr'>me</span> <span class='ocrx_word' id='word_1_411' title='bbox 398 2024 558 2066; x_wconf 85' lang='lat' dir='ltr'>praestita</span> <span class='ocrx_word' id='word_1_412' title='bbox 574 2026 660 2058; x_wconf 90' lang='lat' dir='ltr'>sunt,</span> <span class='ocrx_word' id='word_1_413' title='bbox 687 2032 727 2053; x_wconf 88' lang='lat' dir='ltr'>ea</span> <span class='ocrx_word' id='word_1_414' title='bbox 750 2023 863 2054; x_wconf 88' lang='lat' dir='ltr'>lubens</span> <span class='ocrx_word' id='word_1_415' title='bbox 881 2023 953 2061; x_wconf 86' lang='lat' dir='ltr'>feci,</span> <span class='ocrx_word' id='word_1_416' title='bbox 981 2023 1083 2055; x_wconf 85' lang='lat' dir='ltr'>amico</span> <span class='ocrx_word' id='word_1_417' title='bbox 1102 2027 1208 2057; x_wconf 90' lang='lat' dir='ltr'>auimo</span> <span class='ocrx_word' id='word_1_418' title='bbox 1227 2036 1304 2068; x_wconf 87' lang='lat' dir='ltr'>erga</span> <span class='ocrx_word' id='word_1_419' title='bbox 1322 2029 1460 2060; x_wconf 87' lang='lat' dir='ltr'>amicum</span> <span class='ocrx_word' id='word_1_420' title='bbox 1475 2027 1637 2069; x_wconf 86' lang='lat' dir='ltr'>praestiti,</span> <span class='ocrx_word' id='word_1_421' title='bbox 1663 2027 1763 2058; x_wconf 86' lang='lat' dir='ltr'>aliam</span> <span class='ocrx_word' id='word_1_422' title='bbox 1788 2034 1982 2068; x_wconf 69' lang='lat' dir='ltr'>compensa&lt;</span> 
     </span>
     <span class='ocr_line' id='line_1_38' title="bbox 192 2068 1982 2117; baseline -0.001 -10"><span class='ocrx_word' id='word_1_423' title='bbox 192 2076 314 2107; x_wconf 88' lang='lat' dir='ltr'>tionem</span> <span class='ocrx_word' id='word_1_424' title='bbox 331 2082 435 2114; x_wconf 90' lang='lat' dir='ltr'>neque</span> <span class='ocrx_word' id='word_1_425' title='bbox 454 2070 602 2111; x_wconf 83' lang='lat' dir='ltr'>exoptavi</span> <span class='ocrx_word' id='word_1_426' title='bbox 619 2079 681 2100; x_wconf 88' lang='lat' dir='ltr'>nec</span> <span class='ocrx_word' id='word_1_427' title='bbox 700 2070 867 2110; x_wconf 81' lang='lat' dir='ltr'>expectavi</span> <span class='ocrx_word' id='word_1_428' title='bbox 884 2078 1038 2111; x_wconf 87' lang='lat' dir='ltr'>unquam,</span> <span class='ocrx_word' id='word_1_429' title='bbox 1057 2080 1151 2111; x_wconf 81' lang='lat' dir='ltr'>quarn</span> <span class='ocrx_word' id='word_1_430' title='bbox 1176 2074 1314 2104; x_wconf 86' lang='lat' dir='ltr'>amicum</span> <span class='ocrx_word' id='word_1_431' title='bbox 1331 2076 1483 2112; x_wconf 82' lang='lat' dir='ltr'>animum,</span> <span class='ocrx_word' id='word_1_432' title='bbox 1510 2074 1640 2117; x_wconf 89' lang='lat' dir='ltr'>qualem</span> <span class='ocrx_word' id='word_1_433' title='bbox 1657 2083 1738 2116; x_wconf 82' lang='lat' dir='ltr'>erga</span> <span class='ocrx_word' id='word_1_434' title='bbox 1752 2083 1805 2106; x_wconf 89' lang='lat' dir='ltr'>me</span> <span class='ocrx_word' id='word_1_435' title='bbox 1821 2068 1982 2106; x_wconf 69' lang='lat' dir='ltr'>hactenus*</span> 
     </span>
     <span class='ocr_line' id='line_1_39' title="bbox 194 2116 1982 2163; baseline -0.001 -10"><span class='ocrx_word' id='word_1_436' title='bbox 194 2120 432 2154; x_wconf 86' lang='lat' dir='ltr'>demonstrasti.</span> <span class='ocrx_word' id='word_1_437' title='bbox 473 2118 519 2149; x_wconf 91' lang='lat' dir='ltr'>Eo</span> <span class='ocrx_word' id='word_1_438' title='bbox 538 2127 598 2158; x_wconf 88' lang='lat' dir='ltr'>ego</span> <span class='ocrx_word' id='word_1_439' title='bbox 615 2117 661 2147; x_wconf 83' lang='lat' dir='ltr'>fui</span> <span class='ocrx_word' id='word_1_440' title='bbox 686 2118 957 2148; x_wconf 85' lang='lat' dir='ltr'>contentissimus.</span> <span class='ocrx_word' id='word_1_441' title='bbox 997 2116 1157 2156; x_wconf 81' lang='lat' dir='ltr'>Quoniam</span> <span class='ocrx_word' id='word_1_442' title='bbox 1180 2130 1253 2152; x_wconf 83' lang='lat' dir='ltr'>vero</span> <span class='ocrx_word' id='word_1_443' title='bbox 1276 2122 1345 2160; x_wconf 86' lang='lat' dir='ltr'>jam</span> <span class='ocrx_word' id='word_1_444' title='bbox 1366 2122 1454 2154; x_wconf 88' lang='lat' dir='ltr'>istud</span> <span class='ocrx_word' id='word_1_445' title='bbox 1479 2121 1681 2163; x_wconf 80' lang='lat' dir='ltr'>superaddis,</span> <span class='ocrx_word' id='word_1_446' title='bbox 1708 2129 1768 2163; x_wconf 83' lang='lat' dir='ltr'>ego</span> <span class='ocrx_word' id='word_1_447' title='bbox 1794 2124 1894 2158; x_wconf 79' lang='lat' dir='ltr'>certe,</span> <span class='ocrx_word' id='word_1_448' title='bbox 1918 2119 1982 2162; x_wconf 62' lang='lat' dir='ltr'>qud</span> 
     </span>
     <span class='ocr_line' id='line_1_40' title="bbox 195 2164 1982 2211; baseline 0 -11"><span class='ocrx_word' id='word_1_449' title='bbox 195 2170 325 2200; x_wconf 89' lang='lat' dir='ltr'>nomine</span> <span class='ocrx_word' id='word_1_450' title='bbox 349 2173 444 2208; x_wconf 82' lang='lat' dir='ltr'>&#39;pares</span> <span class='ocrx_word' id='word_1_451' title='bbox 471 2174 569 2207; x_wconf 84' lang='lat' dir='ltr'>agam</span> <span class='ocrx_word' id='word_1_452' title='bbox 594 2165 728 2205; x_wconf 84' lang='lat' dir='ltr'>gratias,</span> <span class='ocrx_word' id='word_1_453' title='bbox 755 2174 820 2195; x_wconf 89' lang='lat' dir='ltr'>non</span> <span class='ocrx_word' id='word_1_454' title='bbox 843 2165 982 2195; x_wconf 82' lang='lat' dir='ltr'>invenio.</span> <span class='ocrx_word' id='word_1_455' title='bbox 1032 2164 1154 2196; x_wconf 89' lang='lat' dir='ltr'>Verum</span> <span class='ocrx_word' id='word_1_456' title='bbox 1178 2166 1285 2199; x_wconf 86' lang='lat' dir='ltr'>Deum</span> <span class='ocrx_word' id='word_1_457' title='bbox 1308 2169 1365 2200; x_wconf 90' lang='lat' dir='ltr'>tibi</span> <span class='ocrx_word' id='word_1_458' title='bbox 1391 2173 1670 2211; x_wconf 86' lang='lat' dir='ltr'>compensatorem</span> <span class='ocrx_word' id='word_1_459' title='bbox 1693 2168 1849 2205; x_wconf 77' lang='lat' dir='ltr'>exorabo,</span> <span class='ocrx_word' id='word_1_460' title='bbox 1874 2166 1982 2211; x_wconf 52' lang='lat' dir='ltr'>muni!</span> 
     </span>
     <span class='ocr_line' id='line_1_41' title="bbox 194 2212 1982 2267; baseline -0.001 -19"><span class='ocrx_word' id='word_1_461' title='bbox 194 2215 438 2248; x_wconf 87' lang='lat' dir='ltr'>ficentissimum</span> <span class='ocrx_word' id='word_1_462' title='bbox 463 2213 612 2244; x_wconf 90' lang='lat' dir='ltr'>nimirum</span> <span class='ocrx_word' id='word_1_463' title='bbox 637 2212 880 2248; x_wconf 87' lang='lat' dir='ltr'>retributorem,</span> <span class='ocrx_word' id='word_1_464' title='bbox 916 2212 967 2253; x_wconf 88' lang='lat' dir='ltr'>qui</span> <span class='ocrx_word' id='word_1_465' title='bbox 1000 2212 1149 2244; x_wconf 86' lang='lat' dir='ltr'>videlicet</span> <span class='ocrx_word' id='word_1_466' title='bbox 1173 2215 1230 2246; x_wconf 85' lang='lat' dir='ltr'>tibi</span> <span class='ocrx_word' id='word_1_467' title='bbox 1254 2225 1345 2255; x_wconf 88' lang='lat' dir='ltr'>porro</span> <span class='ocrx_word' id='word_1_468' title='bbox 1370 2226 1430 2249; x_wconf 88' lang='lat' dir='ltr'>sua</span> <span class='ocrx_word' id='word_1_469' title='bbox 1462 2217 1572 2260; x_wconf 85' lang='lat' dir='ltr'>gratia</span> <span class='ocrx_word' id='word_1_470' title='bbox 1601 2216 1707 2254; x_wconf 80' lang='lat' dir='ltr'>adsit,</span> <span class='ocrx_word' id='word_1_471' title='bbox 1741 2219 1776 2251; x_wconf 82' lang='lat' dir='ltr'>et</span> <span class='ocrx_word' id='word_1_472' title='bbox 1807 2218 1862 2253; x_wconf 85' lang='lat' dir='ltr'>te,</span> <span class='ocrx_word' id='word_1_473' title='bbox 1897 2218 1982 2267; x_wconf 65' lang='lat' dir='ltr'>quaq</span> 
     </span>
     <span class='ocr_line' id='line_1_42' title="bbox 196 2258 1120 2307; baseline -0.004 -12"><span class='ocrx_word' id='word_1_474' title='bbox 196 2264 330 2307; x_wconf 85' lang='lat' dir='ltr'>egregia</span> <span class='ocrx_word' id='word_1_475' title='bbox 354 2262 387 2293; x_wconf 90' lang='grc'>10</span> <span class='ocrx_word' id='word_1_476' title='bbox 413 2265 446 2292; x_wconf 92' lang='lat' dir='ltr'>te</span> <span class='ocrx_word' id='word_1_477' title='bbox 472 2260 594 2300; x_wconf 89' lang='lat' dir='ltr'>coepit,</span> <span class='ocrx_word' id='word_1_478' title='bbox 621 2258 757 2290; x_wconf 82' lang='lat' dir='ltr'>feliciter</span> <span class='ocrx_word' id='word_1_479' title='bbox 783 2258 936 2300; x_wconf 89' lang='lat' dir='ltr'>perficere</span> <span class='ocrx_word' id='word_1_480' title='bbox 962 2259 1120 2302; x_wconf 82' lang='lat' dir='ltr'>dignetur.</span> 
     </span>
    </p>

    <p class='ocr_par' dir='ltr' id='par_1_7' title="bbox 193 2296 1982 2863">
     <span class='ocr_line' id='line_1_43' title="bbox 289 2296 1982 2349; baseline 0.001 -7"><span class='ocrx_word' id='word_1_481' title='bbox 289 2310 362 2342; x_wconf 87' lang='lat' dir='ltr'>Hac</span> <span class='ocrx_word' id='word_1_482' title='bbox 386 2306 588 2340; x_wconf 84' lang='lat' dir='ltr'>hebdomade</span> <span class='ocrx_word' id='word_1_483' title='bbox 606 2306 784 2346; x_wconf 87' lang='lat' dir='ltr'>praeterita</span> <span class='ocrx_word' id='word_1_484' title='bbox 801 2316 840 2338; x_wconf 87' lang='lat' dir='ltr'>ex</span> <span class='ocrx_word' id='word_1_485' title='bbox 856 2306 1050 2348; x_wconf 88' lang='lat' dir='ltr'>Leonberga</span> <span class='ocrx_word' id='word_1_486' title='bbox 1073 2306 1136 2339; x_wconf 86' lang='lat' dir='ltr'>huc</span> <span class='ocrx_word' id='word_1_487' title='bbox 1162 2308 1205 2340; x_wconf 87' lang='lat' dir='ltr'>ad</span> <span class='ocrx_word' id='word_1_488' title='bbox 1228 2319 1279 2341; x_wconf 89' lang='lat' dir='ltr'>me</span> <span class='ocrx_word' id='word_1_489' title='bbox 1302 2311 1390 2342; x_wconf 84' lang='lat' dir='ltr'>venit</span> <span class='ocrx_word' id='word_1_490' title='bbox 1413 2315 1517 2344; x_wconf 87' lang='lat' dir='ltr'>mater</span> <span class='ocrx_word' id='word_1_491' title='bbox 1539 2315 1610 2349; x_wconf 82' lang='lat' dir='ltr'>tua,</span> <span class='ocrx_word' id='word_1_492' title='bbox 1634 2314 1788 2343; x_wconf 76' lang='lat' dir='ltr'>matrona</span> <span class='ocrx_word' id='word_1_493' title='bbox 1811 2309 1863 2342; x_wconf 76' lang='lat' dir='ltr'>vel</span> <span class='ocrx_word' id='word_1_494' title='bbox 1885 2296 1982 2343; x_wconf 61' lang='lat' dir='ltr'>vidui</span> 
     </span>
     <span class='ocr_line' id='line_1_44' title="bbox 194 2347 1982 2400; baseline -0.001 -10"><span class='ocrx_word' id='word_1_495' title='bbox 194 2358 354 2400; x_wconf 75' lang='lat' dir='ltr'>piissima,</span> <span class='ocrx_word' id='word_1_496' title='bbox 388 2356 428 2387; x_wconf 89' lang='lat' dir='ltr'>de</span> <span class='ocrx_word' id='word_1_497' title='bbox 459 2355 553 2386; x_wconf 86' lang='lat' dir='ltr'>rebus</span> <span class='ocrx_word' id='word_1_498' title='bbox 583 2354 647 2384; x_wconf 87' lang='lat' dir='ltr'>tuis</span> <span class='ocrx_word' id='word_1_499' title='bbox 684 2354 966 2395; x_wconf 83' lang='lat' dir='ltr'>praesentiumque</span> <span class='ocrx_word' id='word_1_500' title='bbox 1004 2364 1109 2386; x_wconf 91' lang='lat' dir='ltr'>rerum</span> <span class='ocrx_word' id='word_1_501' title='bbox 1145 2359 1234 2387; x_wconf 83' lang='lat' dir='ltr'>statu</span> <span class='ocrx_word' id='word_1_502' title='bbox 1267 2358 1357 2389; x_wconf 82' lang='lat' dir='ltr'>valde</span> <span class='ocrx_word' id='word_1_503' title='bbox 1382 2359 1529 2391; x_wconf 86' lang='lat' dir='ltr'>sollicita.</span> <span class='ocrx_word' id='word_1_504' title='bbox 1587 2358 1671 2391; x_wconf 79' lang='lat' dir='ltr'>Eam</span> <span class='ocrx_word' id='word_1_505' title='bbox 1703 2350 1861 2400; x_wconf 73' lang='lat' dir='ltr'>quantum</span> <span class='ocrx_word' id='word_1_506' title='bbox 1890 2347 1982 2398; x_wconf 65' lang='lat' dir='ltr'>potui</span> 
     </span>
     <span class='ocr_line' id='line_1_45' title="bbox 195 2395 1980 2448; baseline 0 -10"><span class='ocrx_word' id='word_1_507' title='bbox 195 2406 380 2438; x_wconf 84' lang='lat' dir='ltr'>consolatus</span> <span class='ocrx_word' id='word_1_508' title='bbox 405 2412 486 2436; x_wconf 77' lang='lat' dir='ltr'>sum,</span> <span class='ocrx_word' id='word_1_509' title='bbox 512 2402 588 2442; x_wconf 82' lang='lat' dir='ltr'>quia</span> <span class='ocrx_word' id='word_1_510' title='bbox 611 2401 735 2432; x_wconf 87' lang='lat' dir='ltr'>meliori</span> <span class='ocrx_word' id='word_1_511' title='bbox 759 2401 829 2433; x_wconf 89' lang='lat' dir='ltr'>loco</span> <span class='ocrx_word' id='word_1_512' title='bbox 855 2411 912 2442; x_wconf 92' lang='lat' dir='ltr'>per</span> <span class='ocrx_word' id='word_1_513' title='bbox 935 2403 1076 2443; x_wconf 83' lang='lat' dir='ltr'>gratiam</span> <span class='ocrx_word' id='word_1_514' title='bbox 1101 2402 1166 2434; x_wconf 90' lang='lat' dir='ltr'>Dei</span> <span class='ocrx_word' id='word_1_515' title='bbox 1190 2404 1255 2435; x_wconf 82' lang='lat' dir='ltr'>sint</span> <span class='ocrx_word' id='word_1_516' title='bbox 1278 2409 1354 2437; x_wconf 81' lang='lat' dir='ltr'>tuae</span> <span class='ocrx_word' id='word_1_517' title='bbox 1378 2416 1440 2443; x_wconf 84' lang='lat' dir='ltr'>res,</span> <span class='ocrx_word' id='word_1_518' title='bbox 1471 2416 1567 2448; x_wconf 85' lang='lat' dir='ltr'>quam</span> <span class='ocrx_word' id='word_1_519' title='bbox 1590 2407 1664 2447; x_wconf 80' lang='lat' dir='ltr'>ipsa</span> <span class='ocrx_word' id='word_1_520' title='bbox 1685 2405 1737 2437; x_wconf 74' lang='lat' dir='ltr'>vel</span> <span class='ocrx_word' id='word_1_521' title='bbox 1761 2405 1822 2436; x_wconf 83' lang='lat' dir='ltr'>sibi</span> <span class='ocrx_word' id='word_1_522' title='bbox 1845 2404 1907 2446; x_wconf 85' lang='lat' dir='ltr'>ipsi</span> <span class='ocrx_word' id='word_1_523' title='bbox 1927 2395 1980 2438; x_wconf 62' lang='lat' dir='ltr'>vd</span> 
     </span>
     <span class='ocr_line' id='line_1_46' title="bbox 196 2446 1979 2496; baseline -0.001 -12"><span class='ocrx_word' id='word_1_524' title='bbox 196 2463 235 2484; x_wconf 86' lang='lat' dir='ltr'>ex</span> <span class='ocrx_word' id='word_1_525' title='bbox 259 2453 393 2484; x_wconf 88' lang='lat' dir='ltr'>aliorum</span> <span class='ocrx_word' id='word_1_526' title='bbox 416 2459 567 2491; x_wconf 86' lang='lat' dir='ltr'>perversa</span> <span class='ocrx_word' id='word_1_527' title='bbox 592 2448 749 2479; x_wconf 81' lang='lat' dir='ltr'>relatione</span> <span class='ocrx_word' id='word_1_528' title='bbox 774 2449 981 2490; x_wconf 87' lang='lat' dir='ltr'>imaginetur.</span> <span class='ocrx_word' id='word_1_529' title='bbox 1021 2447 1114 2481; x_wconf 89' lang='lat' dir='ltr'>Sicut</span> <span class='ocrx_word' id='word_1_530' title='bbox 1140 2451 1238 2482; x_wconf 86' lang='lat' dir='ltr'>etiam</span> <span class='ocrx_word' id='word_1_531' title='bbox 1262 2452 1356 2489; x_wconf 75' lang='lat' dir='ltr'>longe</span> <span class='ocrx_word' id='word_1_532' title='bbox 1382 2453 1484 2488; x_wconf 83' lang='lat' dir='ltr'>aliter,</span> <span class='ocrx_word' id='word_1_533' title='bbox 1511 2463 1608 2496; x_wconf 88' lang='lat' dir='ltr'>quam</span> <span class='ocrx_word' id='word_1_534' title='bbox 1630 2461 1682 2485; x_wconf 81' lang='lat' dir='ltr'>res</span> <span class='ocrx_word' id='word_1_535' title='bbox 1698 2461 1734 2484; x_wconf 78' lang='lat' dir='ltr'>se</span> <span class='ocrx_word' id='word_1_536' title='bbox 1750 2451 1885 2491; x_wconf 79' lang='lat' dir='ltr'>habent,</span> <span class='ocrx_word' id='word_1_537' title='bbox 1908 2446 1979 2492; x_wconf 53' lang='lat' dir='ltr'>peri</span> 
     </span>
     <span class='ocr_line' id='line_1_47' title="bbox 195 2495 1976 2542; baseline -0.001 -10"><span class='ocrx_word' id='word_1_538' title='bbox 195 2510 294 2532; x_wconf 86' lang='lat' dir='ltr'>suasa</span> <span class='ocrx_word' id='word_1_539' title='bbox 316 2499 493 2531; x_wconf 82' lang='lat' dir='ltr'>videbatur.</span> <span class='ocrx_word' id='word_1_540' title='bbox 538 2496 587 2527; x_wconf 88' lang='lat' dir='ltr'>Ea</span> <span class='ocrx_word' id='word_1_541' title='bbox 611 2496 695 2526; x_wconf 82' lang='lat' dir='ltr'>inter</span> <span class='ocrx_word' id='word_1_542' title='bbox 720 2495 785 2527; x_wconf 86' lang='lat' dir='ltr'>alia</span> <span class='ocrx_word' id='word_1_543' title='bbox 810 2497 988 2537; x_wconf 85' lang='lat' dir='ltr'>quaerebat</span> <span class='ocrx_word' id='word_1_544' title='bbox 1013 2496 1052 2527; x_wconf 90' lang='lat' dir='ltr'>de</span> <span class='ocrx_word' id='word_1_545' title='bbox 1078 2502 1145 2534; x_wconf 85' lang='lat' dir='ltr'>tuo,</span> <span class='ocrx_word' id='word_1_546' title='bbox 1171 2498 1256 2539; x_wconf 90' lang='lat' dir='ltr'>quod</span> <span class='ocrx_word' id='word_1_547' title='bbox 1279 2499 1356 2530; x_wconf 86' lang='lat' dir='ltr'>mihi</span> <span class='ocrx_word' id='word_1_548' title='bbox 1380 2500 1512 2538; x_wconf 83' lang='lat' dir='ltr'>debeas,</span> <span class='ocrx_word' id='word_1_549' title='bbox 1538 2501 1655 2533; x_wconf 87' lang='lat' dir='ltr'>debito.</span> <span class='ocrx_word' id='word_1_550' title='bbox 1696 2499 1779 2542; x_wconf 80' lang='lat' dir='ltr'>Ego,</span> <span class='ocrx_word' id='word_1_551' title='bbox 1803 2498 1881 2540; x_wconf 80' lang='lat' dir='ltr'>quid</span> <span class='ocrx_word' id='word_1_552' title='bbox 1904 2507 1943 2531; x_wconf 70' lang='lat' dir='ltr'>su</span> <span class='ocrx_word' id='word_1_553' title='bbox 1975 2495 1976 2501; x_wconf 46' lang='lat'>¹</span> 
     </span>
     <span class='ocr_line' id='line_1_48' title="bbox 195 2543 1960 2588; baseline -0.001 -9"><span class='ocrx_word' id='word_1_554' title='bbox 195 2552 297 2588; x_wconf 84' lang='lat' dir='ltr'>esset,</span> <span class='ocrx_word' id='word_1_555' title='bbox 320 2557 385 2578; x_wconf 88' lang='lat' dir='ltr'>non</span> <span class='ocrx_word' id='word_1_556' title='bbox 410 2544 612 2586; x_wconf 86' lang='lat' dir='ltr'>intelligens,</span> <span class='ocrx_word' id='word_1_557' title='bbox 640 2543 721 2578; x_wconf 84' lang='lat' dir='ltr'>dixi,</span> <span class='ocrx_word' id='word_1_558' title='bbox 748 2543 832 2584; x_wconf 92' lang='lat' dir='ltr'>quod</span> <span class='ocrx_word' id='word_1_559' title='bbox 856 2553 967 2575; x_wconf 83' lang='lat' dir='ltr'>verum</span> <span class='ocrx_word' id='word_1_560' title='bbox 993 2548 1058 2580; x_wconf 89' lang='lat' dir='ltr'>est,</span> <span class='ocrx_word' id='word_1_561' title='bbox 1091 2547 1123 2576; x_wconf 90' lang='lat' dir='ltr'>te</span> <span class='ocrx_word' id='word_1_562' title='bbox 1148 2545 1227 2577; x_wconf 90' lang='lat' dir='ltr'>mihi</span> <span class='ocrx_word' id='word_1_563' title='bbox 1250 2546 1330 2578; x_wconf 90' lang='lat' dir='ltr'>nihil</span> <span class='ocrx_word' id='word_1_564' title='bbox 1355 2547 1486 2587; x_wconf 86' lang='lat' dir='ltr'>debere,</span> <span class='ocrx_word' id='word_1_565' title='bbox 1521 2556 1582 2579; x_wconf 87' lang='lat' dir='ltr'>nec</span> <span class='ocrx_word' id='word_1_566' title='bbox 1604 2556 1748 2588; x_wconf 88' lang='lat' dir='ltr'>uuquam</span> <span class='ocrx_word' id='word_1_567' title='bbox 1772 2555 1848 2578; x_wconf 88' lang='lat' dir='ltr'>aere</span> <span class='ocrx_word' id='word_1_568' title='bbox 1874 2544 1960 2578; x_wconf 76' lang='lat' dir='ltr'>alien</span> 
     </span>
     <span class='ocr_line' id='line_1_49' title="bbox 195 2589 1893 2636; baseline -0.002 -9"><span class='ocrx_word' id='word_1_569' title='bbox 195 2596 382 2627; x_wconf 87' lang='lat' dir='ltr'>obstrictum</span> <span class='ocrx_word' id='word_1_570' title='bbox 406 2593 503 2624; x_wconf 83' lang='lat' dir='ltr'>fuisse</span> <span class='ocrx_word' id='word_1_571' title='bbox 530 2591 603 2622; x_wconf 84' lang='lat' dir='ltr'>dixi.</span> <span class='ocrx_word' id='word_1_572' title='bbox 655 2589 798 2630; x_wconf 87' lang='lat' dir='ltr'>Cumque</span> <span class='ocrx_word' id='word_1_573' title='bbox 822 2600 897 2621; x_wconf 85' lang='lat' dir='ltr'>mox</span> <span class='ocrx_word' id='word_1_574' title='bbox 921 2591 1069 2627; x_wconf 86' lang='lat' dir='ltr'>instaret,</span> <span class='ocrx_word' id='word_1_575' title='bbox 1094 2592 1246 2631; x_wconf 84' lang='lat' dir='ltr'>indicavi,</span> <span class='ocrx_word' id='word_1_576' title='bbox 1271 2598 1304 2625; x_wconf 88' lang='lat' dir='ltr'>te</span> <span class='ocrx_word' id='word_1_577' title='bbox 1329 2594 1415 2625; x_wconf 85' lang='lat' dir='ltr'>nullo</span> <span class='ocrx_word' id='word_1_578' title='bbox 1438 2594 1543 2633; x_wconf 88' lang='lat' dir='ltr'>modo,</span> <span class='ocrx_word' id='word_1_579' title='bbox 1574 2603 1764 2636; x_wconf 87' lang='lat' dir='ltr'>quocunque</span> <span class='ocrx_word' id='word_1_580' title='bbox 1789 2593 1893 2634; x_wconf 87' lang='lat' dir='ltr'>accipi</span> 
     </span>
     <span class='ocr_line' id='line_1_50' title="bbox 193 2637 1972 2684; baseline -0.001 -11"><span class='ocrx_word' id='word_1_581' title='bbox 193 2642 271 2674; x_wconf 90' lang='lat' dir='ltr'>mihi</span> <span class='ocrx_word' id='word_1_582' title='bbox 296 2641 470 2684; x_wconf 90' lang='lat' dir='ltr'>quidquam</span> <span class='ocrx_word' id='word_1_583' title='bbox 494 2639 621 2670; x_wconf 85' lang='lat' dir='ltr'>debere.</span> <span class='ocrx_word' id='word_1_584' title='bbox 667 2637 736 2668; x_wconf 84' lang='lat' dir='ltr'>Etsi</span> <span class='ocrx_word' id='word_1_585' title='bbox 761 2638 847 2668; x_wconf 87' lang='lat' dir='ltr'>enim</span> <span class='ocrx_word' id='word_1_586' title='bbox 871 2643 1000 2678; x_wconf 84' lang='lat' dir='ltr'>propter</span> <span class='ocrx_word' id='word_1_587' title='bbox 1024 2640 1182 2679; x_wconf 86' lang='lat' dir='ltr'>quasdam</span> <span class='ocrx_word' id='word_1_588' title='bbox 1214 2641 1353 2682; x_wconf 79' lang='lat' dir='ltr'>opellas,</span> <span class='ocrx_word' id='word_1_589' title='bbox 1388 2650 1472 2682; x_wconf 86' lang='lat' dir='ltr'>quae</span> <span class='ocrx_word' id='word_1_590' title='bbox 1495 2640 1614 2672; x_wconf 86' lang='lat' dir='ltr'>nullius</span> <span class='ocrx_word' id='word_1_591' title='bbox 1639 2641 1727 2682; x_wconf 88' lang='lat' dir='ltr'>apud</span> <span class='ocrx_word' id='word_1_592' title='bbox 1750 2650 1802 2673; x_wconf 89' lang='grc'>100</span> <span class='ocrx_word' id='word_1_593' title='bbox 1825 2649 1972 2683; x_wconf 50' lang='grc' dir='ltr'>010100οῚ</span> 
     </span>
     <span class='ocr_line' id='line_1_51' title="bbox 195 2685 1972 2731; baseline -0.001 -10"><span class='ocrx_word' id='word_1_594' title='bbox 195 2691 269 2728; x_wconf 91' lang='lat' dir='ltr'>sint,</span> <span class='ocrx_word' id='word_1_595' title='bbox 297 2688 417 2731; x_wconf 87' lang='lat' dir='ltr'>aliquid</span> <span class='ocrx_word' id='word_1_596' title='bbox 443 2685 661 2728; x_wconf 81' lang='lat' dir='ltr'>spoponderis,</span> <span class='ocrx_word' id='word_1_597' title='bbox 688 2689 798 2716; x_wconf 86' lang='lat' dir='ltr'>tamen</span> <span class='ocrx_word' id='word_1_598' title='bbox 824 2685 857 2715; x_wconf 89' lang='lat' dir='ltr'>id</span> <span class='ocrx_word' id='word_1_599' title='bbox 883 2685 969 2726; x_wconf 81' lang='lat' dir='ltr'>apud</span> <span class='ocrx_word' id='word_1_600' title='bbox 993 2695 1044 2717; x_wconf 89' lang='lat' dir='ltr'>me</span> <span class='ocrx_word' id='word_1_601' title='bbox 1071 2686 1152 2719; x_wconf 88' lang='lat' dir='ltr'>adeo</span> <span class='ocrx_word' id='word_1_602' title='bbox 1177 2688 1210 2719; x_wconf 91' lang='lat' dir='ltr'>in</span> <span class='ocrx_word' id='word_1_603' title='bbox 1235 2689 1377 2720; x_wconf 86' lang='lat' dir='ltr'>debitum</span> <span class='ocrx_word' id='word_1_604' title='bbox 1395 2697 1459 2719; x_wconf 91' lang='lat' dir='ltr'>non</span> <span class='ocrx_word' id='word_1_605' title='bbox 1476 2688 1605 2723; x_wconf 84' lang='lat' dir='ltr'>cadere,</span> <span class='ocrx_word' id='word_1_606' title='bbox 1631 2693 1669 2720; x_wconf 80' lang='lat' dir='ltr'>ut</span> <span class='ocrx_word' id='word_1_607' title='bbox 1693 2698 1803 2720; x_wconf 85' lang='lat' dir='ltr'>eorum</span> <span class='ocrx_word' id='word_1_608' title='bbox 1824 2695 1886 2720; x_wconf 81' lang='lat' dir='ltr'>neo</span> <span class='ocrx_word' id='word_1_609' title='bbox 1963 2685 1972 2693; x_wconf 79' lang='lat'><em>&#39;</em></span> 
     </span>
     <span class='ocr_line' id='line_1_52' title="bbox 194 2695 1974 2863; baseline 0.001 -96"><span class='ocrx_word' id='word_1_610' title='bbox 194 2737 358 2774; x_wconf 89' lang='lat' dir='ltr'>minerim‚</span> <span class='ocrx_word' id='word_1_611' title='bbox 394 2745 454 2767; x_wconf 91' lang='lat' dir='ltr'>nec</span> <span class='ocrx_word' id='word_1_612' title='bbox 479 2738 607 2775; x_wconf 81' lang='lat' dir='ltr'>propter</span> <span class='ocrx_word' id='word_1_613' title='bbox 631 2733 845 2772; x_wconf 88' lang='lat' dir='ltr'>interruptum</span> <span class='ocrx_word' id='word_1_614' title='bbox 870 2742 948 2772; x_wconf 90' lang='lat' dir='ltr'>opus</span> <span class='ocrx_word' id='word_1_615' title='bbox 973 2734 1158 2765; x_wconf 87' lang='lat' dir='ltr'>meminisse</span> <span class='ocrx_word' id='word_1_616' title='bbox 1184 2735 1298 2767; x_wconf 87' lang='lat' dir='ltr'>velim:</span> <span class='ocrx_word' id='word_1_617' title='bbox 1332 2734 1536 2766; x_wconf 84' lang='lat' dir='ltr'>nihilominus</span> <span class='ocrx_word' id='word_1_618' title='bbox 1567 2739 1678 2768; x_wconf 81' lang='lat' dir='ltr'>tamen</span> <span class='ocrx_word' id='word_1_619' title='bbox 1711 2740 1745 2768; x_wconf 87' lang='lat' dir='ltr'>te</span> <span class='ocrx_word' id='word_1_620' title='bbox 1769 2739 1860 2768; x_wconf 83' lang='lat' dir='ltr'>tuam</span> <span class='ocrx_word' id='word_1_621' title='bbox 1883 2695 1974 2863; x_wconf 49' lang='grc' dir='ltr'><strong>ἦῆ</strong></span> 
     </span>
    </p>
   </div>
   <div class='ocr_carea' id='block_1_6' title="bbox 1978 2645 1982 2786">
    <p class='ocr_par' dir='ltr' id='par_1_8' title="bbox 1978 2645 1982 2786">
     <span class='ocr_line' id='line_1_53' title="bbox 1978 2645 1982 2786; baseline 0 482"><span class='ocrx_word' id='word_1_622' title='bbox 1978 2645 1982 2786; x_wconf 95' lang='lat' dir='ltr'> </span> 
     </span>
    </p>
   </div>
   <div class='ocr_carea' id='block_1_7' title="bbox 195 2779 1969 3156">
    <p class='ocr_par' dir='ltr' id='par_1_9' title="bbox 195 2779 1910 2824">
     <span class='ocr_line' id='line_1_54' title="bbox 195 2779 1910 2824; baseline -0.001 -9"><span class='ocrx_word' id='word_1_623' title='bbox 195 2784 418 2824; x_wconf 87' lang='lat' dir='ltr'>superabunde</span> <span class='ocrx_word' id='word_1_624' title='bbox 446 2787 479 2813; x_wconf 87' lang='lat' dir='ltr'>et</span> <span class='ocrx_word' id='word_1_625' title='bbox 502 2782 599 2817; x_wconf 87' lang='lat' dir='ltr'>ultra,</span> <span class='ocrx_word' id='word_1_626' title='bbox 625 2789 721 2822; x_wconf 88' lang='lat' dir='ltr'>quam</span> <span class='ocrx_word' id='word_1_627' title='bbox 749 2788 808 2820; x_wconf 90' lang='lat' dir='ltr'>par</span> <span class='ocrx_word' id='word_1_628' title='bbox 831 2780 884 2818; x_wconf 86' lang='lat' dir='ltr'>sit,</span> <span class='ocrx_word' id='word_1_629' title='bbox 911 2779 1095 2817; x_wconf 85' lang='lat' dir='ltr'>redemisse,</span> <span class='ocrx_word' id='word_1_630' title='bbox 1121 2782 1216 2813; x_wconf 89' lang='lat' dir='ltr'>misso</span> <span class='ocrx_word' id='word_1_631' title='bbox 1233 2782 1382 2814; x_wconf 84' lang='lat' dir='ltr'>videlicet</span> <span class='ocrx_word' id='word_1_632' title='bbox 1405 2782 1520 2823; x_wconf 92' lang='lat' dir='ltr'>poculo</span> <span class='ocrx_word' id='word_1_633' title='bbox 1547 2786 1580 2814; x_wconf 86' lang='lat' dir='ltr'>et</span> <span class='ocrx_word' id='word_1_634' title='bbox 1604 2783 1747 2824; x_wconf 86' lang='lat' dir='ltr'>specioso</span> <span class='ocrx_word' id='word_1_635' title='bbox 1772 2786 1806 2815; x_wconf 89' lang='lat' dir='ltr'>et</span> <span class='ocrx_word' id='word_1_636' title='bbox 1827 2781 1910 2824; x_wconf 82' lang='lat' dir='ltr'>preti</span> 
     </span>
    </p>

    <p class='ocr_par' dir='ltr' id='par_1_10' title="bbox 195 2826 1969 3156">
     <span class='ocr_line' id='line_1_55' title="bbox 197 2826 1969 2868; baseline 0.001 -8"><span class='ocrx_word' id='word_1_637' title='bbox 197 2830 314 2861; x_wconf 87' lang='lat' dir='ltr'>additis</span> <span class='ocrx_word' id='word_1_638' title='bbox 348 2831 446 2861; x_wconf 86' lang='lat' dir='ltr'>etiam</span> <span class='ocrx_word' id='word_1_639' title='bbox 482 2826 501 2858; x_wconf 89' lang='grc'><strong>6</strong></span> <span class='ocrx_word' id='word_1_640' title='bbox 528 2826 770 2859; x_wconf 82' lang='lat' dir='ltr'>Ferdinandicis</span> <span class='ocrx_word' id='word_1_641' title='bbox 806 2836 862 2868; x_wconf 89' lang='lat' dir='ltr'>pro</span> <span class='ocrx_word' id='word_1_642' title='bbox 894 2827 1042 2867; x_wconf 88' lang='lat' dir='ltr'>operculo</span> <span class='ocrx_word' id='word_1_643' title='bbox 1074 2828 1283 2861; x_wconf 85' lang='lat' dir='ltr'>conficiendo.</span> <span class='ocrx_word' id='word_1_644' title='bbox 1337 2828 1392 2860; x_wconf 89' lang='lat' dir='ltr'>Me</span> <span class='ocrx_word' id='word_1_645' title='bbox 1423 2829 1541 2860; x_wconf 85' lang='lat' dir='ltr'>idcirco</span> <span class='ocrx_word' id='word_1_646' title='bbox 1571 2833 1680 2866; x_wconf 87' lang='lat' dir='ltr'>tuum,</span> <span class='ocrx_word' id='word_1_647' title='bbox 1711 2839 1776 2861; x_wconf 89' lang='lat' dir='ltr'>nou</span> <span class='ocrx_word' id='word_1_648' title='bbox 1805 2829 1917 2864; x_wconf 80' lang='lat' dir='ltr'>autem</span> <span class='ocrx_word' id='word_1_649' title='bbox 1965 2863 1969 2866; x_wconf 68' lang='grc'><em>,</em></span> 
     </span>
     <span class='ocr_line' id='line_1_56' title="bbox 195 2874 1945 2919; baseline 0.001 -12"><span class='ocrx_word' id='word_1_650' title='bbox 195 2887 303 2908; x_wconf 86' lang='lat' dir='ltr'>meum</span> <span class='ocrx_word' id='word_1_651' title='bbox 328 2886 397 2908; x_wconf 89' lang='lat' dir='ltr'>esse</span> <span class='ocrx_word' id='word_1_652' title='bbox 419 2876 604 2908; x_wconf 86' lang='lat' dir='ltr'>debitorem.</span> <span class='ocrx_word' id='word_1_653' title='bbox 644 2874 681 2905; x_wconf 91' lang='lat' dir='ltr'>Id</span> <span class='ocrx_word' id='word_1_654' title='bbox 705 2878 810 2905; x_wconf 88' lang='lat' dir='ltr'>mater</span> <span class='ocrx_word' id='word_1_655' title='bbox 834 2879 894 2905; x_wconf 86' lang='lat' dir='ltr'>tua</span> <span class='ocrx_word' id='word_1_656' title='bbox 918 2874 1087 2906; x_wconf 85' lang='lat' dir='ltr'>videbatur</span> <span class='ocrx_word' id='word_1_657' title='bbox 1113 2885 1184 2907; x_wconf 89' lang='lat' dir='ltr'>cum</span> <span class='ocrx_word' id='word_1_658' title='bbox 1210 2877 1422 2908; x_wconf 82' lang='lat' dir='ltr'>admiratione</span> <span class='ocrx_word' id='word_1_659' title='bbox 1448 2876 1559 2908; x_wconf 89' lang='lat' dir='ltr'>audire</span> <span class='ocrx_word' id='word_1_660' title='bbox 1583 2886 1781 2918; x_wconf 85' lang='lat' dir='ltr'>responsum,</span> <span class='ocrx_word' id='word_1_661' title='bbox 1805 2880 1879 2919; x_wconf 79' lang='lat' dir='ltr'>post</span> <span class='ocrx_word' id='word_1_662' title='bbox 1894 2875 1945 2908; x_wconf 83' lang='lat' dir='ltr'>en‘</span> 
     </span>
     <span class='ocr_line' id='line_1_57' title="bbox 197 2921 1949 2966; baseline 0.001 -12"><span class='ocrx_word' id='word_1_663' title='bbox 197 2925 346 2955; x_wconf 75' lang='lat' dir='ltr'>confessa</span> <span class='ocrx_word' id='word_1_664' title='bbox 371 2928 430 2958; x_wconf 89' lang='lat' dir='ltr'>est,</span> <span class='ocrx_word' id='word_1_665' title='bbox 456 2932 490 2954; x_wconf 90' lang='lat' dir='ltr'>se</span> <span class='ocrx_word' id='word_1_666' title='bbox 515 2923 548 2953; x_wconf 92' lang='lat' dir='ltr'>in</span> <span class='ocrx_word' id='word_1_667' title='bbox 574 2931 614 2953; x_wconf 90' lang='lat' dir='ltr'>ea</span> <span class='ocrx_word' id='word_1_668' title='bbox 637 2922 847 2962; x_wconf 86' lang='lat' dir='ltr'>persuasione</span> <span class='ocrx_word' id='word_1_669' title='bbox 873 2921 980 2957; x_wconf 82' lang='lat' dir='ltr'>fuisse.</span> <span class='ocrx_word' id='word_1_670' title='bbox 1008 2931 1046 2954; x_wconf 88' lang='lat' dir='ltr'>ac</span> <span class='ocrx_word' id='word_1_671' title='bbox 1065 2923 1145 2955; x_wconf 90' lang='lat' dir='ltr'>situ</span> <span class='ocrx_word' id='word_1_672' title='bbox 1160 2924 1239 2955; x_wconf 88' lang='lat' dir='ltr'>mihi</span> <span class='ocrx_word' id='word_1_673' title='bbox 1257 2922 1324 2954; x_wconf 85' lang='lat'>200</span> <span class='ocrx_word' id='word_1_674' title='bbox 1340 2923 1476 2955; x_wconf 86' lang='lat' dir='ltr'>florenos</span> <span class='ocrx_word' id='word_1_675' title='bbox 1495 2923 1638 2963; x_wconf 88' lang='lat' dir='ltr'>deberes,</span> <span class='ocrx_word' id='word_1_676' title='bbox 1665 2928 1762 2966; x_wconf 82' lang='lat' dir='ltr'>atque</span> <span class='ocrx_word' id='word_1_677' title='bbox 1780 2933 1826 2963; x_wconf 79' lang='lat' dir='ltr'>se,</span> <span class='ocrx_word' id='word_1_678' title='bbox 1850 2933 1929 2966; x_wconf 87' lang='lat' dir='ltr'>prop</span> <span class='ocrx_word' id='word_1_679' title='bbox 1948 2956 1949 2961; x_wconf 58' lang='grc'>,</span> 
     </span>
     <span class='ocr_line' id='line_1_58' title="bbox 198 2969 1951 3014; baseline 0 -12"><span class='ocrx_word' id='word_1_680' title='bbox 198 2971 333 3002; x_wconf 84' lang='lat' dir='ltr'>dilatam</span> <span class='ocrx_word' id='word_1_681' title='bbox 357 2971 559 3006; x_wconf 86' lang='lat' dir='ltr'>solutionem,</span> <span class='ocrx_word' id='word_1_682' title='bbox 586 2978 682 3010; x_wconf 89' lang='lat' dir='ltr'>quam</span> <span class='ocrx_word' id='word_1_683' title='bbox 707 2973 761 3000; x_wconf 90' lang='lat' dir='ltr'>tuo</span> <span class='ocrx_word' id='word_1_684' title='bbox 787 2969 919 3000; x_wconf 87' lang='lat' dir='ltr'>nomine</span> <span class='ocrx_word' id='word_1_685' title='bbox 940 2974 1106 3010; x_wconf 87' lang='lat' dir='ltr'>praestare</span> <span class='ocrx_word' id='word_1_686' title='bbox 1125 2970 1275 3007; x_wconf 87' lang='lat' dir='ltr'>debebat,</span> <span class='ocrx_word' id='word_1_687' title='bbox 1300 2970 1385 3003; x_wconf 88' lang='lat' dir='ltr'>male</span> <span class='ocrx_word' id='word_1_688' title='bbox 1403 2970 1585 3003; x_wconf 86' lang='lat' dir='ltr'>audituram</span> <span class='ocrx_word' id='word_1_689' title='bbox 1602 2980 1684 3004; x_wconf 87' lang='lat' dir='ltr'>esse.</span> <span class='ocrx_word' id='word_1_690' title='bbox 1722 2970 1772 3003; x_wconf 86' lang='lat' dir='ltr'>Ex</span> <span class='ocrx_word' id='word_1_691' title='bbox 1793 2981 1860 3014; x_wconf 44' lang='lat' dir='ltr'>quo,</span> <span class='ocrx_word' id='word_1_692' title='bbox 1874 2970 1928 3003; x_wconf 88' lang='lat' dir='ltr'>au&#39;</span> <span class='ocrx_word' id='word_1_693' title='bbox 1946 2969 1951 2974; x_wconf 81' lang='grc'><strong>’</strong></span> 
     </span>
     <span class='ocr_line' id='line_1_59' title="bbox 197 3016 1940 3060; baseline 0.001 -11"><span class='ocrx_word' id='word_1_694' title='bbox 197 3018 363 3049; x_wconf 86' lang='lat' dir='ltr'>advertere</span> <span class='ocrx_word' id='word_1_695' title='bbox 388 3017 535 3053; x_wconf 86' lang='lat' dir='ltr'>videbar,</span> <span class='ocrx_word' id='word_1_696' title='bbox 562 3016 653 3057; x_wconf 86' lang='lat' dir='ltr'>quasi</span> <span class='ocrx_word' id='word_1_697' title='bbox 678 3016 716 3046; x_wconf 93' lang='lat' dir='ltr'>ob</span> <span class='ocrx_word' id='word_1_698' title='bbox 743 3016 840 3047; x_wconf 84' lang='lat' dir='ltr'>alium</span> <span class='ocrx_word' id='word_1_699' title='bbox 867 3016 1008 3058; x_wconf 90' lang='lat' dir='ltr'>aliquem</span> <span class='ocrx_word' id='word_1_700' title='bbox 1032 3016 1130 3048; x_wconf 89' lang='lat' dir='ltr'>finem</span> <span class='ocrx_word' id='word_1_701' title='bbox 1154 3017 1240 3049; x_wconf 85' lang='lat' dir='ltr'>istud</span> <span class='ocrx_word' id='word_1_702' title='bbox 1265 3018 1294 3049; x_wconf 90' lang='lat' dir='ltr'>ei</span> <span class='ocrx_word' id='word_1_703' title='bbox 1318 3018 1531 3059; x_wconf 88' lang='lat' dir='ltr'>persuaseris,</span> <span class='ocrx_word' id='word_1_704' title='bbox 1558 3018 1659 3060; x_wconf 90' lang='lat' dir='ltr'>quod,</span> <span class='ocrx_word' id='word_1_705' title='bbox 1683 3018 1711 3050; x_wconf 91' lang='lat' dir='ltr'>si</span> <span class='ocrx_word' id='word_1_706' title='bbox 1733 3018 1878 3060; x_wconf 81' lang='lat' dir='ltr'>primitus</span> <span class='ocrx_word' id='word_1_707' title='bbox 1901 3026 1940 3049; x_wconf 83' lang='lat' dir='ltr'>sn</span> 
     </span>
     <span class='ocr_line' id='line_1_60' title="bbox 197 3063 1887 3108; baseline 0.001 -13"><span class='ocrx_word' id='word_1_708' title='bbox 197 3064 396 3101; x_wconf 76' lang='lat' dir='ltr'>olfecissem,</span> <span class='ocrx_word' id='word_1_709' title='bbox 423 3073 495 3095; x_wconf 88' lang='lat' dir='ltr'>eam</span> <span class='ocrx_word' id='word_1_710' title='bbox 519 3063 759 3104; x_wconf 83' lang='lat' dir='ltr'>persuasionem</span> <span class='ocrx_word' id='word_1_711' title='bbox 783 3073 846 3093; x_wconf 91' lang='lat' dir='ltr'>non</span> <span class='ocrx_word' id='word_1_712' title='bbox 874 3064 1002 3095; x_wconf 89' lang='lat' dir='ltr'>omnino</span> <span class='ocrx_word' id='word_1_713' title='bbox 1029 3065 1225 3096; x_wconf 86' lang='lat' dir='ltr'>exemissem.</span> <span class='ocrx_word' id='word_1_714' title='bbox 1269 3065 1390 3097; x_wconf 89' lang='lat' dir='ltr'>Verum</span> <span class='ocrx_word' id='word_1_715' title='bbox 1414 3074 1474 3107; x_wconf 86' lang='lat' dir='ltr'>ego</span> <span class='ocrx_word' id='word_1_716' title='bbox 1499 3069 1679 3097; x_wconf 85' lang='lat' dir='ltr'>ceterarum</span> <span class='ocrx_word' id='word_1_717' title='bbox 1701 3067 1808 3098; x_wconf 79' lang='lat' dir='ltr'>rerum</span> <span class='ocrx_word' id='word_1_718' title='bbox 1830 3065 1887 3108; x_wconf 78' lang='lat' dir='ltr'>ign</span> 
     </span>
     <span class='ocr_line' id='line_1_61' title="bbox 196 3109 1894 3156; baseline 0.001 -13"><span class='ocrx_word' id='word_1_719' title='bbox 196 3112 281 3154; x_wconf 88' lang='lat' dir='ltr'>quod</span> <span class='ocrx_word' id='word_1_720' title='bbox 304 3120 414 3143; x_wconf 85' lang='lat' dir='ltr'>verum</span> <span class='ocrx_word' id='word_1_721' title='bbox 438 3117 504 3147; x_wconf 85' lang='lat' dir='ltr'>est,</span> <span class='ocrx_word' id='word_1_722' title='bbox 537 3110 677 3151; x_wconf 79' lang='lat' dir='ltr'>ingenue</span> <span class='ocrx_word' id='word_1_723' title='bbox 701 3109 871 3142; x_wconf 81' lang='lat' dir='ltr'>inculcavi.</span> <span class='ocrx_word' id='word_1_724' title='bbox 920 3110 1013 3142; x_wconf 82' lang='lat' dir='ltr'>Istud</span> <span class='ocrx_word' id='word_1_725' title='bbox 1038 3119 1114 3151; x_wconf 82' lang='lat' dir='ltr'>ergo</span> <span class='ocrx_word' id='word_1_726' title='bbox 1138 3112 1167 3143; x_wconf 89' lang='lat' dir='ltr'>si</span> <span class='ocrx_word' id='word_1_727' title='bbox 1190 3113 1249 3145; x_wconf 89' lang='lat' dir='ltr'>tibi</span> <span class='ocrx_word' id='word_1_728' title='bbox 1274 3113 1465 3145; x_wconf 86' lang='lat' dir='ltr'>detrimento</span> <span class='ocrx_word' id='word_1_729' title='bbox 1497 3112 1603 3156; x_wconf 87' lang='lat' dir='ltr'>aliquo</span> <span class='ocrx_word' id='word_1_730' title='bbox 1635 3113 1693 3152; x_wconf 84' lang='lat' dir='ltr'>sit,</span> <span class='ocrx_word' id='word_1_731' title='bbox 1726 3122 1792 3145; x_wconf 86' lang='lat' dir='ltr'>nou</span> <span class='ocrx_word' id='word_1_732' title='bbox 1815 3121 1894 3151; x_wconf 59' lang='lat' dir='ltr'>me,</span> 
     </span>
    </p>
   </div>
   <div class='ocr_carea' id='block_1_8' title="bbox 1890 2789 1982 3268">
    <p class='ocr_par' dir='ltr' id='par_1_11' title="bbox 1890 2789 1982 3268">
     <span class='ocr_line' id='line_1_62' title="bbox 1974 2789 1982 2885; baseline 0 -39"><span class='ocrx_word' id='word_1_733' title='bbox 1974 2789 1982 2885; x_wconf 95' lang='lat' dir='ltr'>  </span> 
     </span>
     <span class='ocr_line' id='line_1_63' title="bbox 1931 2885 1982 2988; baseline 0 -41"><span class='ocrx_word' id='word_1_734' title='bbox 1931 2885 1982 2988; x_wconf 95' lang='lat' dir='ltr'>  </span> 
     </span>
     <span class='ocr_line' id='line_1_64' title="bbox 1890 2994 1982 3268; baseline -0.043 -182"><span class='ocrx_word' id='word_1_735' title='bbox 1890 2994 1982 3268; x_wconf 95' lang='lat' dir='ltr'>    </span> 
     </span>
    </p>
   </div>
  </div>
 </body>
</html>
