2028 3242
0 1871 6 1876 -
68 1843 266 1884 centricus
301 1841 435 1893 BCD,
481 1850 523 1884 et
563 1844 603 1884 in
647 1856 694 1883 eo
736 1843 952 1896 epicycluS,

11 2215 21 2220 s
69 2203 133 2237 tes
164 2197 329 2237 easdem
359 2198 569 2247 incedant,
611 2198 740 2238 lineae
773 2211 866 2238 vero
905 2209 955 2235 ex

849 88 965 118 contra
990 83 1117 118 nrmm.
1799 81 1887 124 269

77 199 216 236 centra
245 191 396 234 orbium
434 196 524 233 tant
646 204 712 232 um
741 190 836 232 Sole
868 195 1024 245 movet²
1067 188 1640 245 altera-‚juqipsnmssjgsuper
1670 187 1806 229 Solem
1840 201 1889 228 ea

78 266 124 294 eo
157 258 263 293 ocat.
364 264 410 292 ec
441 252 562 292 debet
593 263 752 290 movere
784 261 1051 302 quemquam,
1084 248 1188 302 quod
1228 259 1350 300 snpra
1381 247 1481 295 dixi,
1523 238 1915 300 planetarum

66 303 276 353 min
309 311 523 364 Apollonio
556 315 598 350 et
627 322 722 349 vero
754 313 796 348 et
827 308 920 348 licto
953 307 1003 348 ad
1037 306 1144 347 Solis
1175 306 1467 359 praescriptum
1501 312 1542 346 et
1574 319 1661 346 cum
1689 319 1736 346 eo
1767 306 1888 347 situm

77 377 257 417 mutare:
290 375 337 410 ιιι
364 375 579 422 propterea
599 368 705 410 Urso
735 367 852 407 fidem
884 366 1074 406 adhibeat
1102 365 1314 410 asserenti,
1346 365 1605 417 Apollonium
1626 378 1676 405 ex
1700 365 1887 406 Aristar-

76 430 150 470 cho
181 429 303 483 loqui.
364 429 471 470 Nam
502 428 536 468 si
566 433 774 479 utramque
806 425 973 466 formam
1004 423 1267 477 problematis
1287 424 1545 475 Apolloniani
1579 424 1683 464 inter
1712 437 1757 464 se
1788 437 1887 465 con-

55 490 199 538 seras,
233 476 390 528 videbis
421 486 671 528 occasionem
703 485 871 525 alterius
904 485 1052 524 formae
1085 483 1377 536 excogitandae
1410 495 1486 523 non
1513 495 1564 523 ex
1583 483 1680 523 visis
1699 483 1886 524 Aristar-

78 548 247 595 chianis,
279 546 352 587 sed
384 559 434 587 ex
471 545 617 598 prioris
638 546 802 592 formae,
837 555 939 596 quae
958 542 1208 583 Ptolemaica
1234 548 1308 590 est,
1343 542 1659 594 transpositione
1691 543 1827 582 fluere.

193 605 295 656 Cum
326 605 428 646 enim
453 604 543 657 jam
573 610 656 644 tum
689 603 793 643 inter
824 608 1076 642 astronomos
1100 614 1170 641 seu
1191 606 1420 653 geometras
1451 601 1720 649 convenisset,
1755 602 1889 642 omnia
1916 634 1930 645 .,

74 678 175 720 quae
210 677 283 719 per
319 663 563 705 eccentricos
595 663 919 703 demonstrantur
962 673 1082 713 posse
1113 659 1254 700 itidem
1287 665 1329 700 et
1370 672 1444 713 per
1474 660 1769 701 conceutricum
1800 673 1888 701 cnm

74 724 273 779 epicyclo:
315 723 554 775 Apollonius
593 722 680 775 jam
724 722 762 761 in
805 719 927 773 priori
970 718 1234 772 problematis
1277 718 1339 758 sui
1385 720 1515 759 forma
1556 719 1887 772 inaequalitatem

73 783 99 824 5
130 783 382 836 planetarum
411 795 484 835 per
513 781 733 835 epicyclum
765 780 803 820 in
836 779 1089 819 conceutrico
1121 778 1281 819 confieri
1315 778 1366 818 ab
1399 778 1642 819 astronomis
1674 786 1889 831 acceperat

76 847 119 882 et
142 847 404 883 assumserat.
468 839 663 881 Statuunt
695 839 798 879 enim
830 837 1064 878 Ptolemaici
1097 837 1135 877 in
1169 836 1330 877 orbibus
1364 834 1390 877 3
1412 837 1659 890 superiorum
1691 843 1777 878 tres
1798 851 1887 878 esse

72 901 289 956 epicyclos,
338 900 404 954 qui
435 899 628 952 superiori
660 903 776 952 parte
806 897 846 937 in
879 897 1046 937 eandem
1077 897 1240 950 plagam
1273 902 1511 936 moveantur
1541 909 1631 937 cnm
1662 897 1886 938 eccentrico
1911 894 1913 897 ’

72 973 122 1000 ea
153 960 254 1012 lege,
287 965 345 1007 ut,
378 972 466 999 cum
499 963 684 998 centrum
719 955 888 1011 epicycli
920 961 985 996 est
1016 968 1104 996 cum
1137 955 1246 1002 Sole,
1276 955 1442 1007 planeta
1474 955 1529 996 sit
1548 968 1705 1008 semper
1723 955 1762 996 in
1785 969 1886 1008 apo-

71 1031 172 1072 gaeo
205 1018 389 1072 epicycli.
450 1017 566 1057 Hanc
598 1029 694 1070 ergo
727 1018 893 1056 sormam
925 1014 1176 1066 transposuit
1209 1014 1444 1066 Apollonius
1476 1015 1516 1055 in
1548 1015 1739 1064 alteram,
1786 1028 1888 1068 quae

73 1077 112 1118 in
145 1077 368 1118 eccentrico
401 1076 608 1116 consistit:
641 1081 760 1128 utque
794 1075 833 1114 id
864 1079 972 1113 recte
1005 1074 1136 1122 fieret,
1180 1073 1358 1125 oportuit
1389 1073 1546 1114 omnino
1578 1080 1730 1114 motum
1761 1075 1888 1115 centri

71 1134 289 1179 eccentrici
318 1135 404 1190 (qui
436 1141 498 1175 est
528 1148 599 1188 pro
630 1140 740 1175 motu
773 1132 959 1187 epicycli)
991 1133 1043 1172 ad
1076 1131 1213 1172 Solem
1246 1131 1427 1184 alligare,
1460 1132 1553 1186 qnia
1583 1133 1693 1187 prius
1725 1139 1767 1173 et
1799 1134 1886 1186 epi-

71 1195 175 1250 cycli
219 1195 328 1236 circa
371 1207 483 1234 snum
522 1200 700 1234 centrum
746 1191 953 1234 conversio
998 1192 1048 1231 ad
1081 1190 1219 1232 Solem
1262 1191 1520 1244 alligabatur.
1582 1192 1696 1233 Haec
1728 1193 1887 1233 occasio

72 1255 190 1307 hujus
221 1254 504 1309 hypotheseos,
540 1266 615 1293 non
648 1258 756 1293 certe
789 1251 882 1292 alia.

185 1312 554 1353 Demonstrationis
585 1325 710 1352 causa
741 1310 949 1351 describa-
1365 1324 1428 1356 ng.
1448 1323 1475 1350 s.

66 1379 132 1412 tur
173 1378 310 1412 centro
348 1372 394 1412 M
437 1378 478 1421 et
521 1371 819 1412 eccentricitate
870 1368 957 1408 AM
1414 1387 1444 1422 B

67 1431 312 1472 eccentricus
336 1431 459 1472 EFH.
520 1429 621 1471 Cum
652 1442 746 1482 ergo
778 1434 955 1469 centrum

66 1491 110 1530 M
140 1490 227 1530 loco
258 1503 335 1531 non
354 1494 535 1530 movetur
570 1501 642 1542 per
672 1488 955 1529 circumferen·
979 1499 988 1502 ·’

66 1550 165 1589 tiam
199 1549 284 1589 MN
292 1546 313 1598 ,’
347 1549 518 1589 circulus
553 1549 755 1601 perfectus
799 1545 952 1587 descri-

66 1609 183 1648 betur
233 1619 306 1660 per
351 1607 475 1648 EFH.
550 1607 764 1647 Videbitur
820 1611 952 1646 motus

67 1666 212 1707 stellae
231 1679 281 1707 ex
301 1667 342 1708 A
370 1668 511 1708 tardus
537 1667 642 1709 circa
661 1666 696 1706 E
717 1676 949 1719 apogaeum,

68 1726 185 1771 velox
226 1726 334 1766 circa
361 1726 396 1766 P
430 1725 673 1780 perigaeum.
734 1725 846 1765 Idem
881 1736 952 1763 ac-
1014 1770 1020 1776 ,

67 1785 193 1832 cidet,
236 1785 271 1826 si
314 1785 563 1826 describatur
604 1791 741 1825 centro
777 1783 818 1824 A
855 1795 954 1822 con·
1014 1789 1019 1795 ·

67 1903 179 1955 cnjus
222 1903 358 1944 radius
402 1903 490 1952 BE,
551 1901 620 1944 CF
666 1903 731 1943 vel
774 1902 853 1942 ΒΗ
900 1900 955 1940 sit

69 1962 250 2015 aequalis
267 1963 355 2003 AM
376 1962 664 2003 eccentricitati
686 1962 831 2015 priori:
864 1973 951 2000 mo-

69 2027 134 2062 tus
169 2033 264 2062 vero
307 2022 365 2061 sic
408 2027 502 2062 sunt
542 2022 783 2074 comparati,
826 2026 870 2061 ut
912 2024 954 2059 et

69 2080 176 2120 orbis
206 2080 286 2120 ME
315 2081 425 2133 prior
462 2093 580 2132 super
609 2081 654 2120 M
697 2086 738 2121 et
768 2079 843 2120 AB
874 2092 951 2131 po-

69 2138 213 2179 sterior
243 2151 361 2191 super
392 2140 432 2179 A
463 2139 683 2192 aequaliter
714 2145 756 2180 et
785 2140 824 2179 in
854 2150 952 2192 par-

69 2255 118 2304 E,
150 2257 197 2303 F,
226 2256 267 2295 H
295 2257 459 2309 planeta
476 2269 547 2308 per
565 2257 612 2305 B,
648 2255 694 2306 C,
714 2257 752 2296 D
779 2262 956 2297 centrum

71 2315 237 2368 epicycli
269 2316 412 2356 ductae
445 2315 573 2354 lineae
605 2316 688 2355 MA
720 2314 956 2355 eccentrici-

72 2375 148 2414 tati
166 2381 357 2427 perpetuo
378 2374 649 2426 aequidistent
668 2374 759 2413 dum
790 2374 1068 2419 circumfertur
1093 2379 1132 2419 in
1152 2378 1264 2420 BCD
1289 2380 1555 2421 comentrico.
1619 2379 1712 2428 Qua
1730 2383 1888 2423 ratione

72 2433 253 2483 efficitur,
286 2439 331 2473 ut
363 2433 562 2486 epicyclus
594 2432 633 2471 in
666 2445 754 2472 sese
794 2437 834 2472 et
865 2443 1051 2485 respectu
1082 2438 1205 2478 totius
1239 2439 1413 2478 universi
1443 2452 1521 2479 non
1550 2442 1679 2480 minus
1707 2442 1890 2493 quiescat

74 2502 192 2544 quam
220 2493 266 2532 M
296 2498 482 2545 punctum
517 2490 699 2544 quiescit.
764 2490 847 2531 Sed
881 2501 1114 2542 geometrae
1148 2497 1198 2536 ad
1229 2496 1286 2542 E,
1322 2495 1379 2547 G,
1411 2497 1434 2537 I
1464 2511 1687 2550 apogaeum
1719 2500 1887 2553 epicycli

73 2551 334 2603 respicientes
367 2553 503 2591 dicunt
540 2550 743 2602 planetam
781 2550 820 2588 in
853 2551 1032 2606 epicyclo
1067 2568 1146 2594 non
1179 2556 1402 2607 quiescere,
1449 2557 1522 2597 sed
1559 2557 1710 2598 moveri
1740 2558 1780 2598 in
1812 2571 1887 2611 op-

73 2609 248 2662 positum
278 2609 499 2650 eccentrico
540 2622 596 2649 sc.
633 2621 682 2647 ex
715 2607 755 2647 G
785 2608 825 2647 in
856 2609 891 2648 F
920 2616 1034 2651 tanto
1069 2627 1182 2662 arcu,
1229 2620 1399 2666 quantus
1433 2620 1497 2655 est
1526 2614 1620 2662 BC,
1663 2616 1730 2656 via
1761 2617 1887 2658 centri

78 2668 259 2722 epicycli.
318 2669 421 2709 Esto
448 2669 539 2720 jam
572 2674 616 2707 ut
635 2667 679 2706 M
700 2673 878 2706 centrum
909 2671 1122 2712 eccentrici
1141 2678 1350 2712 moveatur
1380 2678 1421 2713 et
1448 2673 1567 2714 aliter
1586 2674 1743 2727 quidem
1770 2687 1888 2728 quam

80 2728 346 2768 eccentricus:
379 2733 594 2767 moveatur
624 2725 740 2766 modo
773 2726 810 2764 in
842 2727 1005 2778 plagam
1037 2731 1202 2770 eandem
1234 2731 1274 2771 in
1301 2743 1419 2783 quam
1450 2737 1491 2772 et
1523 2734 1781 2783 eccentricus,
1814 2735 1886 2774 sed

80 2786 253 2826 velocius
286 2786 376 2836 illo,
408 2791 453 2826 ut
485 2786 733 2826 eccentricus
760 2785 918 2836 quidem
951 2789 1136 2839 angulum
1163 2788 1300 2837 QLK‚
1335 2795 1516 2831 centrum
1546 2804 1642 2832 vero
1674 2792 1887 2834 eccentrici

77 2846 263 2897 angulum
295 2844 679 2885 MAL'conficiaut.
742 2843 835 2883 Fiet
877 2844 951 2884 hoc
991 2852 1111 2897 pacto
1159 2853 1204 2887 ut
1235 2848 1358 2888 stella
1400 2849 1450 2888 ab
1479 2848 1516 2888 E
1547 2849 1587 2890 in
1618 2850 1659 2890 K
1694 2851 1888 2892 velociter

79 2903 263 2944 videatur
293 2904 534 2944 descendere
579 2917 651 2943 nec
690 2901 879 2942 circulum
916 2905 1139 2955 perfectum
1179 2906 1392 2946 describat.
1454 2907 1567 2947 Idem
1605 2908 1651 2948 fit
1686 2922 1758 2962 per
1788 2923 1886 2951 con-

80 2962 295 3002 ceutricum
332 2975 420 3003 cum
451 2962 648 3015 epicyclo,
694 2960 762 3000 ubi
802 2962 1077 3003 conceutricus
1115 2963 1178 3003 hic
1218 2964 1324 3004 illius
1356 2965 1568 3007 eccentrici
1609 2973 1760 3009 motum
1791 2982 1885 3010 sns-

80 3020 190 3072 cipit,
223 3020 424 3074 epicyclu's
455 3033 550 3061 vero
582 3020 667 3060 sive
697 3019 739 3059 in
770 3031 816 3058 eo
849 3020 970 3060 stella
1000 3021 1040 3060 K
1070 3027 1223 3062 motum
1253 3022 1336 3063 illic
1367 3024 1494 3064 centri
1532 3015 1762 3076 eccentrici,
1807 3041 1885 3069 nu-

80 3079 310 3119 merandum
342 3092 367 3118 a
396 3080 503 3120 linea
533 3079 610 3118 DH
644 3077 940 3132 aequidistante
971 3078 1077 3130 AM,
1116 3085 1162 3121 ut
1190 3080 1310 3122 HDK
1341 3087 1383 3123 et
1411 3082 1535 3124 MAL
1566 3083 1649 3125 sint
1679 3087 1883 3142 aequales.
