2028 3242
870 105 980 148 czpuz
1003 105 1046 138 11.
1749 105 1865 149 ·123

58 205 232 247 bunun·
260 219 389 258 ωηο,
421 214 468 250 ut
495 209 676 251 homiues
706 210 1000 264 intelligamus)
1030 217 1151 271 atque
1183 211 1274 252 idea
1303 212 1359 253 sit
1389 212 1446 253 rei
1476 212 1641 281 prioris,
1671 213 1728 254 sit
1757 226 1867 261 vero,

57 269 105 306 ut
125 266 246 307 modo
270 265 420 309 dietum
440 274 518 317 est,
549 270 608 310 rei
639 271 828 323 optimae,
863 278 906 312 ut
939 265 1068 312 forma
1097 272 1220 312 futuri
1250 272 1382 324 operis
1414 277 1457 312 et
1487 273 1576 323 ipsa
1605 273 1679 313 fiat
1701 273 1866 325 optima

0 336 1 366 1
53 329 172 376 patet
199 325 307 378 qnod
335 326 400 367 his
431 327 599 380 legibus,
631 341 732 381 quas
750 331 862 371 Deus
892 331 980 384 ipse
1010 343 1086 371 sua
1115 331 1295 371 bonitate
1326 330 1404 370 sibi
1433 331 1686 382 praescribit,
1717 331 1866 372 nullius

0 387 4 429 ξ’
57 381 114 422 rei
145 382 278 424 ideam
305 397 377 438 pro
408 387 689 427 constituendo
720 389 867 429 mundo
897 389 1101 442 suscipere
1130 389 1329 441 potuerit,
1361 401 1479 440 quam
1509 403 1607 430 suae
1639 390 1764 442 ipsius
1795 403 1867 429 es-

55 441 239 483 sentiae:
271 455 373 496 qnae
392 444 594 495 bifariam,
627 458 746 498 quam
770 455 985 499 praestans
1016 453 1138 500 atque
1169 447 1358 488 divina
1339 448 1405 495 sit,
1438 448 1683 488 considerari
1714 454 1864 501 potest,

53 499 183 552 primo
209 501 253 542 iu
282 515 347 553 se,
378 509 577 556 quatenus
607 510 673 545 est
701 519 782 546 una
811 506 850 546 in
882 506 1081 555 essentia,
1113 506 1219 548 trina
1249 507 1288 547 in
1320 507 1525 558 personis,
1559 507 1702 547 deinde
1733 508 1864 548 colla-

54 558 165 600 tione
195 559 309 602 facta
335 574 427 603 cum
455 563 665 604 creaturis.

171 618 319 661 Bane·
306 621 535 674 maginem,
566 621 670 663 hanc
699 623 832 664 ideam
863 624 1008 664 mundo
1039 623 1263 676 imprimere
1295 623 1434 672 voluit,
1469 630 1513 664 ut
1543 624 1577 664 is
1609 624 1724 664 fleret
1754 625 1864 676 opti-

54 689 144 718 mus
234 680 604 732 uapulcherrimns,
636 686 757 734 utque
787 683 823 721 is
855 695 943 723 eam
974 683 1177 736 suscipere
1207 689 1361 735 posset,
1393 681 1636 729 Quantum
1669 683 1861 731 condidit,

54 737 382 792 quantitatesque
412 739 733 792 sapientissimus
762 742 945 782 conditor
974 742 1235 794 excogitavit,
1267 754 1432 794 quarum
1457 741 1598 789 omnis,
1632 747 1677 782 ut
1709 742 1767 781 ita
1799 742 1863 781 di-

53 805 157 845 eam,
189 798 368 838 essentia
396 798 437 838 iu
468 798 568 839 haec
599 799 677 840 duo
708 800 939 841 discrimina
968 801 1147 849 caderet,
1179 807 1331 841 rectum
1361 807 1404 841 et
1432 813 1607 848 curvum,
1641 813 1691 840 ex
1722 801 1863 852 quibus

56 866 219 896 curvum
249 856 365 898 nobis
395 858 549 898 duobus
589 858 669 900 illis
701 859 819 900 modo
851 860 971 900 dictis
1001 860 1130 900 modis
1160 860 1288 900 Deum
1321 867 1659 912 repraesentaret.
1723 860 1863 912 Neque

7 962 10 966 ¹
54 913 160 954 enim
186 915 496 957 existimandum
527 923 604 967 est,
636 923 787 959 temere
818 919 1004 959 extitisse
1035 926 1119 959 tam
1150 924 1250 971 apta
1272 919 1579 972 praefigurando
1597 919 1686 959 Deo
1717 918 1862 959 discri-

12 1009 14 1011 ,
54 972 185 1021 mina,
229 979 275 1014 ut
303 975 414 1016 Deus
442 988 522 1015 non
553 976 603 1016 de
632 977 696 1018 his
727 978 828 1030 ipsis
866 978 1129 1031 cogitaverit,
1172 978 1245 1018 sed
1284 983 1474 1031 quantum
1514 989 1660 1030 corpus
1695 983 1863 1044 propter

18 1080 21 1083 Ὗ
54 1031 157 1073 alias
186 1039 334 1075 eausa's
364 1034 521 1087 alioque
552 1036 719 1077 consilio
759 1037 1005 1084 condiderit,
1049 1043 1170 1090 atque
1210 1043 1356 1090 postea
1393 1036 1494 1077 recti
1533 1043 1575 1076 et
1604 1036 1715 1076 curvi
1745 1049 1860 1076 com·

12 1107 15 1136 J
53 1091 212 1144 paratio
242 1097 287 1132 et
314 1092 415 1133 haee
445 1105 535 1134 eum
565 1094 653 1136 Deo
690 1095 908 1136 similitudo
943 1102 1088 1164 suapte
1124 1103 1268 1149 sponte
1305 1096 1421 1148 quasi
1459 1096 1622 1136 fortuito
1662 1095 1862 1135 extiterit.

171 1148 278 1197 Quin
306 1152 443 1205 potius
466 1153 679 1194 verisimile
706 1160 782 1199 est,
813 1155 927 1195 initio
957 1155 1131 1195 omnium
1162 1161 1275 1196 certo
1306 1155 1472 1195 consilio
1503 1167 1666 1194 curvum
1699 1159 1741 1194 et
1773 1167 1863 1194 rec·-

52 1214 140 1251 tum
169 1223 199 1251 a
222 1209 313 1253 Deo
341 1211 475 1252 electa
506 1213 558 1251 ad
589 1214 902 1254 adumbrandam
934 1215 972 1255 iu
1006 1215 1151 1254 mundo
1184 1214 1436 1254 divinitatem
1466 1212 1708 1261 conditoris,
1741 1219 1862 1265 atque

17 1267 20 1292 s
51 1272 99 1309 ut
115 1267 217 1310 haec
235 1269 470 1319 existerent,
504 1272 752 1323 quantitates
774 1273 911 1321 fuisse,
943 1278 1066 1326 atque
1096 1279 1141 1313 ut
1172 1272 1379 1326 quantitas
1398 1272 1626 1319 haberetur,
1659 1272 1862 1312 conditum

18 1348 20 1350 ·
53 1338 147 1367 esse
176 1327 304 1380 primo
335 1329 507 1369 omnium
538 1342 696 1382 corpus.

171 1385 392 1428 Videamus
421 1388 552 1435 modo,
584 1389 828 1441 ecquomodo
861 1387 1032 1430 Creator
1061 1389 1235 1442 optimus
1266 1390 1341 1429 has
1372 1389 1623 1441 quantitates
1657 1388 1696 1428 iu
1730 1388 1862 1428 mundi

54 1443 209 1485 fabrica
238 1445 476 1494 adbibuerit,
509 1452 552 1486 et
582 1449 675 1500 quid
706 1448 920 1488 verisimile
945 1449 1001 1488 sit
1026 1449 1174 1488 nostris
1194 1448 1568 1489 ratiocinationibus
1593 1462 1618 1486 a
1640 1446 1859 1487 Conditore

22 1552 24 1554 ,
55 1504 204 1544 factum
234 1517 351 1553 esse,
393 1510 437 1545 ut
480 1505 576 1546 illud
619 1514 764 1559 postea
799 1520 888 1547 cum
932 1508 972 1546 in
1016 1507 1192 1560 antiquis
1233 1513 1315 1548 tum
1353 1507 1391 1546 in
1425 1506 1540 1546 novis·
1569 1506 1858 1558 hypothesibus

51 1574 311 1614 quaeramus,
342 1562 456 1617 eiqne
487 1565 662 1616 palmam
693 1566 932 1610 tribuamus,
963 1579 1088 1619 penes
1119 1579 1234 1619 quem
1267 1566 1365 1606 illud
1396 1566 1628 1617 reperietur.

23 1643 25 1647 <
169 1621 362 1663 Mundum
391 1623 512 1674 igitur
542 1630 671 1665 totum
703 1625 828 1677 figura
864 1626 996 1665 claudi
1033 1626 1263 1678 sphaerica,
1306 1625 1462 1664 abunde
1503 1625 1607 1663 satis
1638 1623 1859 1674 disputavit

23 1694 27 1726 ς
52 1678 298 1735 &stanles
329 1681 450 1729 (libro
482 1683 522 1722 ΙΙ
552 1684 601 1723 de
633 1685 791 1730 coelo),
837 1684 968 1724 ductis
1000 1685 1104 1724 inter
1134 1690 1269 1724 cetera
1300 1696 1351 1723 ex
1382 1683 1592 1723 nobilitate
1624 1682 1875 1734 sphaericae·

27 1738 272 1790 §perficiei
309 1742 582 1794 argumentis:
627 1743 768 1795 quibus
811 1743 1025 1784 etiamnum
1064 1744 1205 1783 ultima
1236 1742 1448 1794 Copernici
1487 1742 1652 1782 fixarum
1684 1740 1858 1792 sphaera

45 1797 232 1851 quamvis
256 1803 367 1839 motu
394 1812 535 1840 carens
567 1802 733 1841 eandem
758 1802 925 1854 figuram
956 1808 1103 1851 tuetur,
1136 1802 1354 1853 recipitque
1373 1800 1509 1840 Solem
1537 1807 1727 1851 tanquam
1757 1811 1857 1839 cen-

27 1859 155 1912 trum
185 1855 224 1896 in
256 1856 438 1898 intimum
468 1859 609 1899 sinum.
670 1859 802 1901 Orbes
834 1874 928 1900 vero
965 1868 1121 1902 ceteros
1158 1861 1350 1900 rotundos
1391 1872 1482 1898 esse
1514 1858 1721 1900 circularis
1752 1858 1856 1898 stel-

32 1912 179 1955 flatum
218 1921 351 1956 motus
390 1917 537 1969 arguit.
601 1918 775 1960 Curvum
816 1921 939 1972 igitur
982 1921 1032 1959 ad
1077 1919 1212 1960 mnndi
1255 1924 1439 1958 ornatum
1484 1918 1707 1958 adhibitum
1751 1930 1857 1964 esse,

31 1972 241 2029 {ulteriore
271 1975 506 2026 probatione
538 1989 615 2017 non
648 1984 755 2030 eget.
818 1977 920 2020 Cum
953 1986 1087 2019 autem
1127 1979 1206 2018 tria
1238 1977 1508 2030 quantitatum
1539 1990 1689 2029 genera
1718 1976 1859 2016 videa-

31 2039 139 2087 gnus
169 2032 210 2072 in
240 2033 400 2082 mundo,
431 2035 608 2086 figuram,
642 2050 846 2077 numerum
866 2044 907 2077 et
925 2038 1227 2089 amplitudinem
1246 2048 1475 2088 corporum:
1508 2048 1669 2075 curvum
1701 2035 1859 2087 quidem

26 2089 180 2130 *adbuc
209 2090 251 2131 in
281 2092 371 2132 tola
398 2093 526 2145 figura
555 2096 786 2148 reperimus.
848 2097 989 2148 Neque
1021 2097 1125 2136 enim
1164 2094 1437 2146 amplitudinis
1476 2095 1558 2135 ulla
1596 2094 1700 2134 ratio
1732 2106 1783 2133 ex
1813 2107 1860 2133 eo

39 2168 48 2181 υ
61 2150 141 2198 t,
185 2150 289 2203 quod
318 2150 554 2204 inscriptum
585 2154 703 2194 simili
735 2155 929 2206 (sphaera
961 2156 1183 2207 sphaerae,
1227 2154 1398 2193 circulus
1429 2154 1598 2201 circulo)
1638 2166 1688 2192 ex
1721 2153 1860 2192 eodem

60 2212 188 2247 ntro
219 2213 290 2248 ant
319 2209 569 2263 undiquaque
600 2214 733 2264 tangit
763 2219 834 2252 aut
864 2213 1030 2254 nullibi:
1072 2220 1115 2253 et
1145 2212 1395 2264 sphaericum
1424 2213 1579 2263 ipsum,
1613 2223 1702 2251 cum
1732 2211 1860 2251 solum

122 2266 282 2306 unicum
313 2267 367 2307 sit
396 2267 435 2307 in
463 2282 535 2308 suo
561 2271 801 2322 quantitatis
829 2283 996 2322 genere,
1030 2285 1107 2311 non
1139 2276 1276 2323 potest
1306 2271 1410 2310 alius
1441 2271 1589 2310 numeri
1623 2282 1741 2322 quam
1772 2275 1858 2309 ter-

38 2329 67 2365 212«
88 2323 152 2364 rii
182 2325 405 2378 subjectum
436 2332 539 2367 esse.
591 2327 708 2374 Quod
740 2330 775 2369 si
806 2330 928 2381 igitur
958 2331 1086 2370 solum
1119 2342 1279 2370 curvum
1311 2329 1421 2368 Deus
1453 2330 1491 2369 in
1524 2329 1687 2368 conditu
1717 2340 1858 2380 respe-

50 2381 204 2432 ‘set
245 2390 406 2452 praeter
438 2384 571 2426 Solem
603 2387 641 2426 in
683 2394 846 2436 centro,
887 2389 953 2440 qui
990 2389 1141 2440 patris,
1188 2388 1400 2439 sphaeram
1437 2389 1605 2427 fixarum
1636 2388 1701 2426 vel
1733 2399 1859 2438 aquas

6 2452 9 2453 ’
51 2441 257 2509 maicas
287 2444 326 2483 in
359 2444 526 2493 ambitu,
560 2458 660 2497 quae
691 2446 782 2494 filii,
816 2459 954 2486 auram
985 2447 1118 2486 coeles
1099 2453 1200 2486 stem
1234 2446 1366 2485 omnia
1396 2447 1636 2498 replentem,
1669 2446 1754 2484 sive
1785 2457 1860 2483 ex-

17 2505 273 2557 Ξῇψιειοιιοιιι
302 2507 345 2542 et
375 2503 665 2544 firmamentum
695 2504 811 2552 illud,
850 2506 954 2556 quod
986 2505 1161 2557 Spiritus
1198 2505 1331 2554 imago
1369 2511 1506 2544 esset:
1546 2511 1710 2556 puaeter
1739 2503 1854 2549 haec,

5 2636 12 2649 ι
55 2614 132 2673 :ft
171 2617 503 2669 innumerabiles,
543 2627 585 2661 et
627 2621 829 2661 mobilium
866 2634 943 2661 nou
972 2622 1264 2662 incertissimus
1297 2622 1533 2672 catalogus,
1577 2629 1617 2659 et
1656 2621 1856 2660 coelorum

6 2680 13 2696 '
57 2679 90 2730 ζ,
121 2677 342 2721 ‚itudiues
375 2679 606 2732 inaequales
638 2681 819 2727 invicem,
853 2693 1017 2719 necesse
1045 2686 1110 2719 est
1136 2693 1280 2720 causas
1313 2692 1448 2719 eorum
1479 2680 1652 2719 omnium
1684 2692 1736 2719 ex
1767 2692 1858 2719 rec-

13 2736 15 2738 ’
59 2735 219 2777 ‚³³¹¹dme
249 2742 447 2787 petamus.
508 2739 597 2779 Nisi
631 2740 732 2778 forte
764 2739 894 2778 Deum
929 2739 1157 2789 putabimus
1196 2739 1406 2790 quicquam
1444 2740 1483 2777 in
1522 2739 1666 2777 mundo
1703 2743 1854 2778 temere

64 2810 65 2813 ¹
100 2791 215 2842 ’se,
247 2794 339 2834 dum
369 2796 545 2835 rationes
577 2798 751 2849 optimae
784 2803 1064 2847 suppeterent,
1099 2797 1138 2836 id
1170 2797 1273 2848 quod
1307 2809 1420 2835 nemo
1453 2797 1547 2836 mihi
1579 2796 1851 2848 persuadebit,

13 2893 14 2896 Ἴ
121 2852 187 2890 vel
219 2853 269 2891 de
300 2853 389 2893 fixis
421 2855 608 2904 sentiam,
641 2869 806 2907 quarum
839 2861 972 2894 tamen
994 2855 1095 2894 situs
1116 2856 1288 2895 maxime
1310 2855 1483 2894 omnium
1504 2855 1707 2903 confusus,
1739 2855 1854 2908 quasi

13 2910 15 2933 ³
76 2936 78 2941 ,
104 2928 112 2932 -
139 2909 236 2950 1itus
268 2912 460 2952 sementis
485 2914 621 2965 jactus
653 2915 768 2954 nobis
801 2914 971 2953 videtur.

13 2971 16 2975 '
164 2967 387 3009 Veniamus
415 2971 538 3022 igitur
568 2973 619 3011 ad
651 2979 817 3012 rectas
849 2972 1173 3023 quantitates.
1236 2970 1353 3010 Sicut
1383 2977 1519 3011 autem
1550 2976 1673 3011 antea
1702 2971 1855 3023 sphae-

68 3045 117 3066 ,α
160 3028 388 3079 superficies
419 3029 508 3068 ideo
540 3038 721 3070 assumta
753 3036 838 3076 est,
874 3030 965 3079 quia
993 3029 1286 3073 perfectissima
1321 3029 1392 3069 fuit
1423 3030 1651 3080 quantitas,
1683 3029 1743 3069 ita
1766 3031 1853 3082 jan}

108 3092 110 3094 ’
156 3085 262 3127 saltu
295 3087 347 3126 ad
377 3087 544 3144 corpora
576 3096 849 3136 transeamuS‚
889 3095 933 3128 ut
964 3100 1064 3141 quae
1096 3100 1145 3126 ex
1177 3089 1299 3128 rectis
1329 3088 1532 3144 perfectae
1564 3094 1658 3128 sunt
1689 3090 1853 3143 quanti-
