2028 3242
236 126 253 168 1
262 127 284 169 7
290 126 319 170 2
915 125 1066 166 Mysterii
1091 125 1357 168 Cosmographiei

231 239 336 274 sunt.
403 232 598 285 optarem
629 236 762 273 autem
796 233 1146 284 (quemadmodum
1179 245 1241 272 me
1273 244 1408 277 coram
1440 233 1591 273 dixisse
1630 233 1858 274 meminisse
1888 235 2027 286 potes)

231 292 495 359 Copernicum
528 292 815 332 dimensionum
848 292 988 332 harum
1021 292 1277 332 fundamenta
1309 304 1387 331 non
1414 292 1614 345 antiquas,
1647 293 1718 332 sed
1749 305 1876 333 novas
1901 293 2028 332 obser-

230 351 415 391 vationes
449 352 703 392 assumsisse.
770 350 934 391 Grande
967 351 1074 391 enim
1107 357 1148 390 et
1178 352 1350 391 immane
1382 352 1630 404 postulatum
1659 352 1759 392 illud
1779 356 1843 392 est
1875 351 1964 399 (lib
1989 351 2028 391 V

229 423 317 462 cap.
352 408 443 458 30.)
477 424 564 451 cum
605 411 918 458 concedendum,
952 411 1101 463 inquit,
1127 415 1335 462 putamus,
1369 411 1774 473 commensurationes
1807 411 2028 451 circuloiun

229 470 427 510 mansisse
467 484 491 510 a
527 470 760 510 Ptolemaeo
793 470 1034 510 etiamnunc.
1104 470 1210 510 Nam
1259 469 1347 522 ipsa
1392 452 1568 511 Terrena
1605 469 1886 511 eccentricitas
1925 469 2028 510 dimi-

230 535 327 570 nuta
372 529 473 569 alios
512 542 696 570 numeros
741 527 980 580 postulatd).
1043 529 1130 569 Nec
1176 529 1280 568 enim
1317 542 1455 569 verum
1494 534 1576 579 est,
1595 529 1727 583 quod
1766 527 1964 570 Rheticus
2003 529 2028 568 ii

229 588 458 630 narratione
491 588 600 635 dicit,
634 589 736 641 quod
768 589 805 628 in
839 588 1037 628 Mercurio
1070 589 1181 628 nulla
1213 601 1367 641 quoque
1399 589 1504 629 sicut
1534 589 1573 629 in
1605 589 1708 629 Jove
1740 587 1940 628 sentiatur
1971 601 2028 628 ec-

230 647 496 688 centricitatis
534 648 724 688 mutatio:
771 661 861 687 nam
905 661 984 687 non
1027 647 1210 687 similiter
1248 647 1356 688 Solis
1396 649 1566 701 apogaei
1609 649 1715 689 latus
1753 660 1825 688 suo
1865 659 2028 699 apogae«

230 706 396 747 claudit.
459 707 547 747 Huc
580 708 749 754 accedit,
785 707 888 759 quod
914 706 1187 747 Ptolemaicae
1220 707 1523 747 observationes
1555 707 1657 748 satis
1689 720 1852 748 crassae
1885 711 1927 746 et
1945 716 2028 757 par·

232 766 326 806 tiles
359 771 463 815 sunt,
499 779 597 818 quas
630 766 786 806 omnino
818 766 1127 818 praecisioribus
1161 765 1359 818 corrigere
1386 767 1612 819 oportebat.
1677 765 1760 807 Sed
1792 766 1840 806 de
1873 766 1934 806 his
1964 765 2028 818 jan

229 825 381 865 frustra
413 826 598 877 conqueri
632 824 738 865 licet.
804 826 849 864 In
881 831 950 865 tuo
984 830 1117 865 autem
1148 825 1376 878 proposito,
1420 826 1453 865 si
1485 825 1636 866 numeri
1667 826 1708 866 hi
1739 830 1940 877 utcunque
1970 824 2028 864 tib

230 884 513 935 respondeant,
548 890 588 924 te
621 889 737 936 putes
759 884 889 924 officio
911 890 980 924 tuo
1007 885 1168 936 egregie
1197 885 1386 934 functum,
1420 885 1574 937 tibique
1606 884 1939 938 quemadmodum
1960 881 2028 925 Co·

229 943 415 994 pernicus
455 944 560 995 apud
598 943 812 983 Rheticum
851 944 890 983 in
930 944 1104 996 epistola
1140 943 1398 984 vehementer
1436 944 1671 996 gratuleris,
1710 943 1936 984 certissima
1973 955 2028 995 sp*

230 1003 369 1048 fretus,
403 1003 636 1054 propediem
668 1003 771 1051 fore,
817 1008 861 1042 ut
893 1003 1102 1043 occasione
1136 1004 1293 1052 horum,
1340 1016 1441 1056 quae
1474 1017 1499 1043 a
1529 1008 1570 1044 te
1602 1001 1922 1056 ingeniosissime
1954 1012 2028 1042 sun

233 1060 410 1110 inventa,
445 1066 582 1102 cetera
614 1075 787 1115 quoque,
822 1075 922 1115 quae
950 1063 1036 1114 jam
1070 1063 1198 1101 adhuc
1233 1062 1353 1102 dubia
1385 1067 1494 1112 sunt,
1528 1068 1571 1103 et
1602 1068 1919 1104 astronomorum
1950 1073 2028 1102 coe·

228 1125 315 1161 tum
346 1134 424 1160 non
457 1133 599 1173 parum
630 1126 830 1174 torquent,
864 1122 1101 1174 planissima
1133 1122 1213 1162 sint
1246 1122 1405 1162 futura⁴⁴
1417 1122 1466 1169 e).
1497 1129 1505 1134 '

737 1239 795 1279 IN
828 1238 1012 1280 CAPUT
1044 1239 1310 1282 DECIMUM
1338 1238 1544 1281 NONUM

932 1321 1084 1354 NOTAE
1110 1320 1347 1355 Ancroms.

337 1389 378 1435 a)
410 1393 665 1428 Refractiones
698 1394 890 1429 stellarum
923 1395 1094 1440 appellat
1123 1396 1248 1442 Tycho
1277 1395 1458 1434 Braheus,
1491 1393 1552 1440 qui
1582 1393 1678 1428 hanc
1708 1393 1896 1429 doctrinae
1927 1397 2028 1429 astro

227 1445 391 1480 uomicae
423 1452 568 1492 part-em
601 1447 793 1482 constituit
825 1449 1080 1494 excoluitque,
1115 1449 1179 1484 lib.
1213 1450 1603 1495 Progymnasmatum,
1634 1446 1695 1493 qui
1726 1459 1774 1482 ex
1805 1458 1849 1481 eo
1880 1450 2028 1492 tempor·

228 1499 364 1544 prodiit
394 1499 430 1534 in
462 1501 591 1541 lucem,
626 1511 733 1546 quam
753 1501 865 1536 etiam
892 1507 1037 1547 partem
1066 1502 1135 1537 feci
1157 1501 1401 1537 astronomiae
1421 1500 1543 1535 Partis
1564 1499 1720 1546 Opticae
1751 1504 1839 1535 ante
1862 1499 1909 1535 15
1931 1510 2026 1535 anno

232 1551 367 1593 editae,
402 1554 562 1599 auxique
593 1554 629 1588 in
660 1554 761 1599 Epit.
794 1557 894 1590 Astr.
928 1556 991 1590 lib
1026 1557 1054 1590 Ι.

338 1602 379 1652 b)
415 1607 472 1642 Ita
500 1607 677 1642 creditum
709 1612 767 1642 est
797 1609 984 1655 hucusque
1017 1611 1060 1644 de
1091 1608 1392 1648 Mercuriornec
1419 1618 1528 1653 nego,
1561 1616 1733 1652 magnam
1765 1617 1847 1641 esse
1878 1617 2028 1642 verorun

230 1659 341 1694 etiam
365 1659 444 1705 ejus
465 1666 628 1696 motuum
648 1661 910 1703 diversitatem,
942 1664 1004 1696 sed
1026 1674 1119 1708 quae
1147 1661 1366 1707 quantitatis
1395 1665 1454 1695 est
1484 1671 1556 1695 non
1587 1660 1725 1695 formae
1757 1666 1823 1694 seu
1850 1658 2028 1705 principio

228 1725 319 1755 rum,
352 1718 395 1748 ut
426 1715 604 1749 hactenus
637 1715 875 1755 docebamur;
908 1716 964 1750 his
998 1716 1091 1750 enim
1123 1715 1310 1761 principiis
1343 1714 1405 1749 ille
1434 1714 1524 1748 nihil
1556 1713 1676 1748 differt
1704 1723 1728 1748 a
1758 1713 1902 1748 ceteris.

341 1765 374 1809 c)
409 1767 599 1813 Sequebar
619 1767 652 1802 id
674 1769 847 1813 temporis
868 1780 1090 1804 communem
1111 1769 1330 1814 opinionem,
1363 1767 1582 1802 Mercurium
1600 1770 1731 1801 ventos
1763 1766 1800 1801 in
1819 1765 1942 1812 specie
1962 1777 2028 1800 oon

231 1820 346 1855 citare
365 1833 456 1866 prae
477 1821 608 1855 ceteris
629 1821 803 1866 planetis.
854 1825 905 1856 At
932 1834 988 1857 me
1020 1823 1216 1857 multorum
1247 1832 1422 1856 annorum
1454 1820 1574 1855 docuit
1595 1819 1838 1865 experientia,
1870 1831 1945 1855 non
1963 1830 2028 1854 ess«

227 1873 443 1909 distributas
465 1874 707 1909 mutationum
730 1886 842 1909 aurae
863 1876 997 1910 formas
1019 1876 1114 1910 inter
1134 1877 1326 1921 planetas;
1361 1875 1423 1908 sed
1444 1873 1674 1920 generaliter
1704 1873 1849 1908 incitari
1875 1877 2028 1908 naturam

228 1928 465 1962 sublunarem
485 1928 532 1962 ab
554 1927 763 1972 aspectibus
799 1928 963 1963 binorum
983 1930 1042 1963 vel
1075 1940 1097 1963 a
1117 1928 1339 1963 stationibus
1369 1928 1629 1974 singulorumr,
1645 1930 1688 1961 ut
1719 1926 1774 1962 ita
1798 1927 1958 1967 exsudet
1982 1935 2028 1960 va

226 1991 334 2025 pores
368 1985 434 2015 aut
466 1980 582 2014 fumos
616 1993 663 2015 ex
692 1981 875 2016 montibus
909 1987 948 2016 et
979 1982 1130 2016 officinis
1164 1980 1519 2026 subterraneis‚-qui
1548 1990 1706 2025 vapores
1738 1985 1778 2014 et
1809 1979 1896 2014 fumi
1927 1979 1988 2014 vel
2007 1979 2028 2014 in

227 2033 386 2080 pluvias,
420 2034 479 2067 vel
512 2033 547 2067 in
575 2034 688 2074 nives,
722 2035 781 2069 vel
814 2035 1017 2076 chasmata,
1052 2036 1110 2069 vel
1131 2034 1294 2074 fulmina,
1327 2034 1388 2068 vel
1407 2033 1618 2079 grandines,
1645 2033 1706 2067 vel
1726 2037 1854 2067 ventos
1883 2033 2027 2078 degene

226 2091 320 2128 rent,
341 2098 408 2132 pro
429 2086 710 2122 circumstantiis
742 2089 903 2123 locorum
935 2092 974 2122 et
994 2092 1208 2134 temporum.
1256 2086 1368 2121 Venti
1400 2090 1500 2121 certe
1537 2085 1662 2132 magni
1693 2086 1753 2120 vel
1773 2096 1958 2131 nunquam
1983 2097 2027 2120 ve

227 2140 412 2175 rarissime
445 2144 530 2174 sunt
562 2140 647 2175 soli:
680 2141 808 2185 pluvia
840 2141 952 2176 omnis
989 2146 1074 2176 ante
1108 2153 1147 2175 se
1166 2140 1296 2175 ventos
1329 2140 1421 2186 agit,
1456 2151 1535 2174 cum
1561 2138 1715 2184 primum
1733 2138 1874 2185 ingruit
1900 2138 2028 2184 impeti

233 2197 338 2234 acta;
360 2198 399 2228 et
418 2204 499 2228 cum
521 2194 715 2238 plurimum
735 2194 862 2229 furunt
879 2195 993 2235 venti,
1014 2195 1048 2229 id
1069 2194 1238 2229 indicium
1258 2198 1316 2228 est
1335 2193 1505 2228 humidae
1525 2192 1797 2228 constitutionis
1817 2192 1916 2227 anni.
1965 2195 2025 2226 Au

228 2246 380 2281 enimin
399 2247 581 2281 montanis
601 2247 708 2292 pluit,
742 2249 837 2282 unde
856 2248 958 2282 venti
989 2248 1142 2294 spirant,
1177 2252 1243 2282 aut
1274 2247 1337 2281 nix
1370 2247 1418 2281 ibi
1451 2246 1615 2287 solvitur,
1649 2249 1716 2280 aut
1733 2255 1851 2291 vapor
1875 2245 2028 2280 humidus

227 2300 366 2345 impetu
386 2311 528 2334 sursum
547 2300 647 2335 latus
669 2301 758 2335 alibi
778 2301 814 2335 in
833 2306 963 2347 guttas
985 2302 1141 2348 cogitur,
1175 2300 1267 2335 alibi
1286 2304 1461 2335 aestuans
1494 2299 1531 2334 in
1550 2310 1746 2344 supernum
1766 2298 1884 2345 frigus
1913 2298 2025 2344 impin

228 2353 331 2400 gitur
361 2353 574 2399 resilitque;
607 2365 702 2399 quae
732 2355 875 2400 quidem
906 2355 1019 2390 etiam
1050 2356 1142 2390 lenis
1173 2365 1286 2389 aurae
1319 2353 1468 2400 genesis
1499 2357 1567 2393 est,
1601 2363 1680 2387 cum
1708 2351 1840 2387 &bullit
1858 2362 1975 2398 vapor
1992 2363 2028 2387 οι

228 2406 351 2451 aliquo
367 2412 501 2448 monte,
522 2407 841 2454 repercutiturque
862 2412 900 2443 et
919 2409 1044 2444 defluit
1074 2409 1109 2443 in
1130 2419 1252 2443 omnes
1279 2407 1509 2442 circumcirca
1540 2406 1688 2452 plaga-⁴1.
1742 2405 1813 2440 Est
1843 2405 1906 2440 ubi
1926 2404 2028 2442 omni.¹

229 2463 295 2495 aer
314 2471 381 2506 per
401 2464 500 2495 totas
522 2461 750 2495 continentes
777 2467 953 2497 extensus
987 2461 1166 2507 principio
1192 2465 1310 2496 mot-us
1332 2461 1418 2495 dato
1451 2460 1487 2494 in
1513 2458 1694 2508 montanis
1714 2457 1869 2493 omnium
1903 2458 2028 2494 altissi

227 2513 293 2548 mis
314 2514 350 2548 in
369 2514 471 2548 fluxu
491 2514 737 2549 constituitur.
794 2516 854 2549 Ita
874 2515 987 2549 omnis
1006 2520 1137 2550 ventus
1167 2516 1214 2550 ab
1236 2513 1400 2548 omnibus
1427 2512 1631 2558 promiscue
1661 2511 1782 2546 causis
1802 2512 1863 2545 vel
1891 2511 2028 2546 investi¹

227 2566 439 2612 gatiolnibus
478 2571 635 2602 naturae
674 2567 849 2603 concitari
888 2573 1026 2614 potest;
1069 2580 1134 2603 nec
1173 2568 1289 2603 solum
1326 2566 1494 2601 incusare
1526 2569 1652 2610 potest
1683 2564 1900 2600 Mercurium
1939 2567 2028 2600 ortu:

229 2625 430 2655 ventorum.
1378 2664 1383 2667 ¹

336 2671 372 2715 d)
406 2674 528 2719 Supra
553 2673 697 2715 dictum,
732 2674 766 2709 id
786 2686 858 2709 non
877 2685 958 2709 esse
987 2674 1191 2720 probabile,
1226 2685 1292 2708 nec
1324 2677 1399 2708 tam
1418 2674 1610 2707 accuratas
1630 2674 1795 2706 veterum
1814 2669 2028 2705 observatio·

231 2739 293 2761 nes
316 2728 361 2761 ad
381 2727 450 2761 hoc
483 2728 710 2772 probandum
729 2727 940 2774 requisitas,
973 2733 1015 2762 ut
1039 2726 1301 2762 demonstratio
1325 2725 1506 2760 efficiatur
1525 2724 1744 2770 necessaria.
1804 2725 1932 2769 Itaque
1965 2731 2028 2758 am·

231 2781 373 2824 plector
393 2780 542 2815 axioma
563 2781 753 2826 Copernici
772 2781 831 2816 hic
850 2781 1020 2826 positum,
1059 2781 1348 2821 „concedendum
1366 2789 1415 2813 sc.
1436 2777 1806 2812 commensurationes
1827 2775 2028 2811 circulorun

231 2833 445 2868 mansisse.“
481 2835 520 2868 Id
553 2834 647 2868 enim
680 2836 814 2869 suadet
842 2834 933 2869 coeli
967 2839 1103 2869 natura
1130 2837 1169 2867 et
1199 2831 1360 2867 inductio
1392 2842 1416 2866 a
1445 2830 1786 2876 planetisoeteris.

335 2882 374 2929 e)
406 2887 463 2921 Ita
483 2892 569 2921 tunc
599 2887 661 2922 ille
682 2889 829 2923 solebat
847 2888 916 2922 has
937 2887 1041 2922 dictis
1062 2887 1224 2922 animare
1245 2895 1382 2930 speque
1402 2894 1520 2924 curas,
1552 2882 1612 2929 qui
1627 2883 1710 2923 etsi,
1739 2883 1860 2928 quoad
1877 2887 2027 2927 tempus

230 2949 295 2982 spe
328 2939 475 2980 excidit,
509 2952 575 2974 nec
595 2941 689 2975 enim
722 2941 977 2986 „propediem“
1001 2945 1070 2981 est,
1103 2940 1196 2985 quod
1217 2937 1348 2984 viginti
1369 2941 1526 2982 quatuor
1554 2935 1658 2971 annis
1678 2936 1860 2982 sequitur;
1892 2936 2027 2970 tanden

232 2995 355 3025 tamen
384 2992 462 3036 spei
491 3003 579 3027 suae
609 3005 754 3039 compos
783 2998 841 3029 est
870 2995 990 3029 factus
1020 3005 1085 3039 per
1113 3003 1230 3027 meum
1260 3001 1350 3035 opus
1379 2989 1648 3024 Harmonicum.
