2028 3242
123 92 205 137 194
728 91 766 122 In
791 91 985 131 Mysterium
1011 88 1321 132 Cosmographicum

213 198 411 231 Maestlinus
438 207 478 229 ex
501 196 581 228 libro
606 195 786 227 memoriae
813 195 992 227 amicorum
1017 198 1148 227 sacrato
1173 195 1234 227 hoc
1260 195 1459 236 descriptum
1483 196 1706 229 conservavit:

225 257 442 304 Mysterium
464 255 826 302 Cosmographicum,
847 254 1035 289 inventum
1054 255 1111 289 die
1135 255 1194 290 10.
1216 255 1278 290 20.
1298 255 1388 290 Julii
1413 255 1523 290 1595.

225 310 395 355 Quisquis
424 321 463 343 es
492 307 737 356 ἅστροφιλος,
769 308 829 353 qui
854 308 954 342 vides
981 311 1020 342 et
1046 308 1247 354 intelligis;
1281 320 1347 343 nec
1375 306 1636 357 ἀναριθμητως
1666 308 1832 354 rejicias,
1865 311 1932 343 ne‘c

117 363 401 411 ἆγεωμετρητως
419 373 607 397 numeres:
638 365 677 395 et
696 362 913 406 stupendam
934 361 1109 396 creatoris
1130 361 1312 396 attonitus
1331 361 1756 406 veneraressapientiam.

511 426 603 468 Quid
625 426 804 460 mundus?
833 436 927 471 quae
948 436 1062 460 causa
1080 426 1160 460 Deo
1182 453 1191 461 .
1213 453 1221 461 .
1244 451 1253 460 .
1277 454 1284 461 .

969 506 976 514 .
1001 505 1008 513 .
1030 478 1154 520 hiatu,

510 531 646 576 Aspice
666 536 872 566 tentantem
891 543 959 576 per
978 532 1137 577 quinque
1158 532 1287 566 docere
1307 532 1460 577 figuras.

510 584 693 629 Frugibus
714 584 882 625 inventis,
905 584 1035 629 quibus
1056 588 1114 618 est
1131 584 1169 619 in
1188 585 1326 630 glande
1346 585 1539 629 voluptas:

512 638 601 672 Cum
621 649 741 684 grege
761 648 953 682 porcorum
973 637 1126 682 capiant
1145 649 1193 672 ex
1213 637 1324 672 lintre
1345 638 1501 673 subulci.

410 714 471 749 Ps.
498 714 556 749 19.
614 714 685 748 Tot
704 714 786 748 luce
806 713 1032 747 flammarum
1051 724 1238 748 coruscum

687 767 803 801 Cerne
824 766 937 800 oculis
958 764 1151 812 animoque
1173 766 1324 800 coelum.

617 820 713 854 Hinc
732 820 847 859 disce,
868 820 1028 863 prudens
1049 830 1158 864 quam
1177 818 1248 853 fuit
1267 818 1417 853 artifex.

226 884 360 919 Haec
350 896 387 918 in
406 884 476 918 mei
496 883 705 918 memoriam
732 883 862 928 scripsi
895 884 1174 929 elegantissimo
1202 889 1241 918 et
1265 883 1473 918 doctissimo
1491 882 1625 918 Juveni
1653 886 1694 918 et
1717 881 1834 918 amico
1858 893 1939 917 meo

120 938 269 972 Urbano
289 937 454 971 Lubecia
472 937 686 977 Pomerano,
718 937 766 970 M.
793 937 956 971 Joannes
983 937 1170 982 Keplerus
1197 937 1361 977 Suevus3
1389 936 1448 972 Ill.
1471 936 1620 983 Styriae
1646 946 1837 981 procerum
1862 945 1939 970 ma-

120 990 351 1026 thematicus.
402 989 545 1025 Graetn
565 989 622 1023 dre
647 990 705 1024 15.
729 989 809 1023 Oct.
836 988 949 1024 1595.

215 1099 278 1140 27)
304 1111 335 1141 p.
364 1098 418 1131 97.
473 1100 568 1132 Liber
593 1101 681 1132 Baro
708 1099 938 1141 Sigismundus
964 1099 1006 1131 ab
1031 1098 1246 1130 Herberstein
1274 1097 1396 1140 (neque
1421 1108 1498 1131 vero
1522 1098 1733 1136 Heberstein,
1757 1102 1797 1130 ut
1819 1107 1941 1130 nomen

119 1149 312 1189 impressum
339 1153 389 1179 est
413 1158 444 1188 p.
472 1143 534 1186 48)
569 1148 654 1179 filius
681 1147 780 1178 fuisse
807 1147 937 1178 videtur
963 1145 1166 1188 sigismundi
1189 1146 1275 1177 illius
1303 1144 1340 1185 (†
1367 1143 1476 1185 1566)
1502 1155 1599 1188 quem
1622 1145 1774 1178 laudibus
1800 1144 1942 1178 efferunt

120 1195 279 1227 Freherus
305 1198 339 1226 et
363 1195 511 1226 Adamas
535 1195 569 1226 in
598 1195 693 1232 „vitis
720 1192 955 1226 eruditorum“.
1007 1193 1140 1224 Donum
1166 1193 1252 1234 quod
1278 1196 1457 1234 acceperat
1480 1192 1655 1234 Keplerus'
1671 1193 1714 1225 ab
1737 1192 1814 1230 illo,
1839 1201 1940 1234 pocu-

122 1242 189 1273 lum
214 1245 419 1284 argenteum,
448 1242 632 1273 transmisit
657 1241 834 1273 Maestlino
861 1240 942 1280 (vid.
967 1251 998 1281 p.
1027 1238 1102 1278 48).
1153 1240 1456 1280 Zehentmayerus‚
1481 1241 1679 1272 secretarius
1702 1235 1939 1278 Herberstcini,

119 1290 309 1330 saepissime
336 1288 516 1330 Keplerum
550 1299 608 1330 per
642 1289 754 1320 literas
791 1288 891 1325 adiit,
932 1297 972 1319 ex
1007 1291 1101 1328 parte
1134 1289 1229 1327 jussu
1266 1287 1447 1325 „Generosi
1478 1285 1549 1319 sui“
1586 1284 1708 1328 (comp.
1734 1285 1941 1320 Hanschium

118 1347 149 1376 p.
186 1333 408 1375 mii-146),
445 1336 562 1377 illoque
598 1340 684 1368 teste
715 1335 968 1367 Herberstenius
1003 1335 1190 1366 intercessit
1223 1344 1280 1375 pro
1312 1334 1456 1376 Keplero
1489 1333 1583 1367 exule
1610 1333 1740 1375 Styriae
1771 1331 1820 1374 (a.
1848 1331 1940 1364 1598

119 1387 152 1414 et
175 1381 293 1421 1600),
321 1393 378 1424 pro
403 1383 547 1423 praemio
575 1387 707 1424 propter
733 1379 979 1414 dedicationem
991 1381 1170 1419 Prodromi,
1198 1386 1232 1413 et
1258 1383 1390 1423 saepius
1415 1381 1553 1423 posthac
1577 1390 1717 1414 munera
1739 1381 1828 1413 misit
1849 1379 1942 1413 haud

123 1430 333 1471 aspernanda
356 1439 414 1470 pro
440 1430 669 1462 nativitatibus
696 1439 716 1461 a
741 1429 886 1470 Keplero
913 1429 1130 1470 concinnatis.

216 1523 278 1563 28)
305 1534 337 1565 p.
371 1522 445 1554 100.
498 1524 590 1564 Quas
615 1525 696 1556 dicit
721 1524 885 1565 Keplerus
911 1524 1023 1556 literas
1051 1523 1191 1556 Galilaei
1218 1527 1252 1556 et
1281 1523 1444 1564 Tychonis
1471 1522 1529 1564 (de
1550 1519 1742 1562 Prodi-omo)
1768 1521 1812 1555 ad
1835 1522 1941 1563 ipsum

119 1572 227 1607 datas,
255 1571 456 1603 exhibuimus
482 1573 515 1603 in
540 1573 705 1612 prooemio
731 1582 763 1613 p.
791 1570 837 1601 40
863 1576 897 1603 et
921 1569 984 1609 433
1018 1571 1110 1603 Ursi
1134 1571 1249 1603 literae
1274 1571 1429 1613 leguntur
1451 1573 1485 1602 in
1507 1570 1616 1603 libello
1644 1568 1939 1608 „eontra-Ursum“

119 1619 330 1650 Prodromum
354 1619 497 1659 proxime
522 1623 694 1660 sequente,
722 1619 788 1655 ubi,
815 1623 854 1650 ut
871 1619 1020 1655 diximus,
1048 1628 1090 1663 ea
1106 1628 1191 1660 quae
1208 1619 1375 1659 pertinent
1392 1619 1435 1650 ad
1461 1619 1716 1650 controversiam
1739 1617 1826 1649 inter
1848 1616 1941 1648 illum

120 1671 154 1698 et
178 1665 368 1706 Tychonem
393 1665 637 1707 Keplerumque
665 1670 783 1705 ortam,
809 1667 940 1707 propius
966 1666 1184 1707 attinguntur.

216 1713 374 1754 Georgius
400 1712 516 1743 Limn
527 1722 646 1751 aeus
674 1713 828 1744 mathem.
847 1712 930 1753 prof.
953 1712 1119 1749 Jenensis,
1145 1713 1228 1745 haec
1245 1712 1390 1753 Keplero
1416 1713 1564 1754 scripsit·
1602 1711 1782 1753 Nunquam
1797 1709 1867 1742 Vir.
1888 1708 1937 1741 Cl.

125 1770 145 1791 a
169 1760 391 1792 vetustissima
417 1759 474 1790 illa
499 1760 743 1791 Platonicorum
767 1759 974 1800 philosophia
999 1760 1081 1791 adeo
1107 1760 1153 1791 fui
1180 1760 1326 1797 alienus,
1353 1763 1390 1791 ut
1416 1768 1490 1791 eam
1516 1769 1590 1791 curn
1614 1759 1750 1790 minutis
1775 1755 1939 1789 nonnullis
1979 1779 1987 1784 ,

124 1808 226 1838 nostri
251 1807 407 1847 temporis
432 1807 631 1847 philosophis
658 1816 736 1848 agro
764 1811 797 1838 et
821 1806 939 1837 finibus
965 1806 1060 1848 Reip.
1087 1808 1255 1838 literariae
1282 1806 1508 1849 expellendam
1535 1815 1607 1838 esse
1643 1805 1845 1838 censuerim:
1882 1803 1941 1836 sed

119 1856 277 1894 majorem
302 1863 431 1894 semper
454 1854 501 1884 illi
526 1855 633 1885 inesse
659 1854 855 1894 sapientiam
883 1863 1021 1895 eamque
1047 1855 1317 1891 eruditissimam,
1344 1855 1472 1894 majora
1495 1854 1663 1894 mysteria,
1689 1861 1774 1894 quae
1800 1851 1844 1884 ad
1867 1852 1942 1892 ipsa

122 1905 261 1932 naturae
287 1900 472 1940 penetralia
497 1901 653 1932 facillime
679 1901 845 1932 discentes
872 1901 1035 1932 deducere
1069 1905 1221 1942 possent,
1259 1902 1284 1932 si
1317 1902 1417 1933 duces
1443 1905 1477 1932 et
1500 1900 1649 1942 magistri
1685 1902 1797 1931 essent
1819 1899 1854 1931 in
1877 1897 1940 1930 hoc

122 1948 303 1979 studiorum
330 1957 450 1988 genere
474 1949 634 1979 innutriti.
674 1947 763 1979 Dum
780 1958 855 1979 vero
879 1947 940 1978 hoc
959 1949 1119 1988 exoptavi,
1149 1949 1299 1988 exoptavi
1318 1952 1428 1980 autem
1447 1948 1649 1988 saepissime,
1676 1955 1755 1978 ecce
1771 1945 1941 1978 nundinae

124 1994 422 2028 Francofordenses
447 1995 539 2025 nobis
566 1996 818 2026 transmiserunt
842 1994 1053 2025 Prodromum
1084 1999 1178 2026 tuum
1204 1995 1536 2037 cosmographicum,
1570 1994 1686 2026 librum
1719 1993 1942 2024 vetustissima

125 2045 159 2073 et
183 2050 261 2072 vera
285 2041 450 2081 sapientia
474 2042 639 2073 refertum.
693 2042 885 2073 Gratulatus
911 2042 1012 2083 igitur
1037 2051 1109 2073 sum
1133 2041 1229 2078 mihi,
1264 2042 1331 2073 tale
1357 2041 1435 2083 quid
1460 2051 1588 2082 semper
1612 2041 1655 2073 ab
1680 2040 1859 2072 artificibus
1883 2049 1938 2071 ex-

121 2088 283 2129 pectanti,
311 2087 495 2129 gratulatus
512 2098 583 2120 sum
601 2089 752 2120 studiosis
771 2089 821 2120 vel
838 2089 1229 2126 maxime-astronomiae,
1255 2098 1374 2120 novam
1395 2090 1465 2129 jam
1491 2088 1534 2120 ad
1558 2088 1700 2120 siderum
1718 2087 1940 2130 cognitionem

121 2136 207 2166 viam
233 2135 310 2175 ipsis
338 2144 409 2166 esse
434 2136 649 2175 patefactam,
678 2136 869 2181 gratulatus·
888 2136 953 2166 imo
979 2145 1050 2166 sum
1074 2137 1135 2167 toti
1160 2135 1256 2176 Reip.
1282 2136 1461 2174 literariae,
1487 2135 1624 2167 tandem
1645 2134 1821 2176 aliquando
1845 2137 1937 2166 vetu-

123 2182 300 2213 stissimam
323 2181 571 2222 philosophandi
597 2183 758 2214 rationem
785 2183 878 2224 quasi
900 2185 1131 2214 resuscitatam
1150 2193 1221 2215 esse
1247 2181 1306 2215 &c.
1347 2183 1419 2214 Tibi
1446 2182 1486 2214 de
1513 2183 1644 2224 optimis
1670 2181 1843 2214 conatibus
1863 2182 1939 2222 jure

122 2229 328 2270 gratulamur
345 2233 377 2259 et
393 2238 575 2269 precamur,
602 2234 639 2260 ut
657 2230 930 2271 quemadmodum
949 2239 1078 2261 cursum
1094 2231 1267 2262 instituisti
1285 2230 1434 2267 feliciter,
1460 2230 1511 2262 ita
1528 2229 1656 2262 felicius
1681 2229 1717 2260 in
1742 2238 1781 2260 eo
1806 2237 1938 2271 pergas,

123 2276 309 2307 felicissime
338 2276 478 2307 eundem
505 2276 671 2308 conficias.

216 2322 359 2354 Tantum
386 2323 426 2354 de
451 2326 507 2354 tuo
533 2324 669 2364 scripto,
707 2325 797 2364 cujus
828 2324 906 2365 quia
928 2324 1006 2355 mihi
1033 2323 1234 2365 exemplaria
1257 2325 1391 2362 misisti,
1427 2324 1553 2366 gratias
1589 2333 1671 2366 ago,
1707 2325 1742 2355 et
1775 2321 1816 2355 de
1840 2325 1939 2366 partu

125 2378 220 2401 meae
245 2369 407 2406 Uraniae,
435 2371 463 2400 si
489 2380 553 2401 non
579 2380 639 2411 par
663 2381 802 2408 munus,
830 2371 961 2412 aliquod
986 2375 1099 2402 tamen
1123 2372 1322 2412 repromitto.
1714 2386 1722 2390 ·

216 2416 267 2447 De
294 2416 422 2447 Braheo
449 2416 546 2448 Dano
571 2422 745 2458 praeterea
770 2419 909 2459 quaeris.
954 2418 986 2449 Is
1012 2422 1063 2450 est
1088 2418 1199 2458 Tycho
1225 2418 1346 2456 Brahe,
1374 2428 1414 2450 ex
1437 2418 1641 2450 nobilissima
1653 2416 1786 2450 Daniae
1810 2406 1941 2450 familia

123 2463 291 2499 oriundus,
328 2464 381 2504 qui
413 2468 450 2495 ut
483 2465 591 2495 ferunt
615 2464 718 2506 Regis
749 2465 908 2496 beneficio
934 2466 1073 2497 obtinuit
1098 2466 1238 2497 insulam
1265 2466 1402 2498 celebris
1433 2466 1575 2507 porthmi
1599 2465 1724 2496 Danici
1747 2463 1938 2502 Huennam,

122 2519 219 2550 quam
246 2511 300 2541 alii
327 2510 548 2542 Scarlatinam
572 2516 703 2548 vocant,
730 2513 763 2543 in
789 2522 854 2553 qua
880 2521 990 2544 arcem
1016 2517 1050 2543 et
1075 2513 1331 2544 observatorium
1357 2513 1538 2545 construxit
1554 2511 1808 2553 Uraniburgum.
1845 2511 1937 2543 Dex-

122 2558 251 2587 terrime
279 2567 352 2588 eum
378 2558 620 2590 observationes
646 2563 808 2590 tractasse
834 2559 868 2590 id
893 2559 1035 2591 artifices
1061 2569 1124 2591 uno
1151 2570 1205 2591 ore
1232 2570 1344 2592 omnes
1361 2560 1518 2596 fatentur,
1543 2559 1686 2590 maxime
1711 2558 1769 2594 illi.
1795 2559 1851 2600 qui
1876 2558 1935 2590 ali—

124 2604 278 2644 quamdiu
304 2614 377 2635 cum
404 2614 441 2636 eo
467 2611 543 2636 sunt
568 2607 699 2642 versati,
726 2607 813 2638 inter
838 2616 917 2647 quos
945 2607 1092 2638 amicitia
1117 2607 1195 2638 mihi
1221 2611 1297 2638 sunt
1318 2608 1426 2648 juncti
1450 2606 1492 2639 N.
1515 2606 1556 2637 R.
1585 2605 1688 2638 Ursus
1714 2609 1749 2637 et
1773 2605 1938 2638 Adrianus

123 2650 243 2681 Metius
270 2651 507 2683 Alcmarianus.
546 2652 584 2683 In
609 2653 716 2683 lucem
743 2653 845 2684 edidit
870 2654 1112 2685 observationes
1138 2654 1254 2685 stellae
1280 2653 1487 2695 prodigiosae
1509 2654 1587 2685 anni
1607 2651 1699 2684 1572
1726 2656 1760 2684 et
1778 2652 1936 2685 Cometae

124 2697 201 2727 anni
230 2696 328 2729 1577.
379 2699 479 2730 Extat
504 2700 604 2731 etiam
632 2700 864 2731 Germanicum
889 2701 1045 2740 scriptum
1071 2701 1111 2732 de
1144 2702 1245 2742 signis
1271 2701 1400 2733 futurae
1425 2701 1619 2733 mutationis
1647 2701 1732 2732 aeris
1756 2700 1868 2741 petitis
1893 2699 1935 2731 ab

124 2744 316 2776 animalibus
343 2746 477 2786 aliisque
495 2747 589 2778 rebus
606 2746 765 2778 inferioris
781 2752 933 2787 naturae,
958 2748 1148 2788 impressum
1167 2747 1374 2789 Uraniburgi‚
1400 2748 1483 2780 alius
1510 2747 1652 2780 auctoris
1678 2748 1823 2791 nomine,
1849 2745 1935 2788 quod

126 2794 238 2821 tamen
265 2792 428 2831 Tychonis
455 2803 526 2824 esse
552 2794 662 2824 multis
688 2794 766 2825 mihi
792 2794 984 2834 persuadeo.

218 2837 312 2869 Haec
337 2840 395 2870 tibi
421 2840 461 2870 V.
491 2839 537 2871 Cl.
565 2842 650 2872 volui
674 2841 894 2881 perscribere,
931 2845 964 2872 et
988 2845 1025 2872 ut
1051 2841 1272 2882 expectationi
1296 2844 1376 2872 tuae
1401 2838 1628 2877 satisfaciam,
1665 2844 1699 2872 et
1723 2849 1766 2872 ne
1791 2839 1938 2872 oblatam

127 2885 331 2916 occasionem
358 2887 568 2928 negligerem.
619 2887 706 2919 Nam
732 2898 805 2920 cum
832 2888 962 2928 aliquod
988 2889 1242 2920 observatorium
1275 2887 1353 2918 mihi
1388 2888 1661 2928 comparaverim,
1700 2887 1855 2919 constitui
1879 2895 1938 2928 per

126 2929 236 2960 literas
262 2941 335 2962 cum
361 2934 536 2965 artificibus
567 2936 731 2966 nonnullis
767 2936 947 2967 amicitiam
981 2935 1194 2971 contrahere3
1231 2944 1366 2975 quorum
1397 2944 1415 2966 e
1447 2944 1582 2966 numero
1617 2944 1692 2968 cum
1724 2938 1759 2966 te
1791 2943 1863 2966 esse
1897 2942 1937 2965 ex

127 2975 298 3008 Prodromo
323 2983 379 3009 tuo
406 2982 630 3022 cognoverim,
657 2982 746 3014 haud
770 2986 905 3024 gravate
931 2991 1022 3013 meas
1048 2981 1326 3023 interpellationes
1350 2981 1455 3017 feres,
1491 2991 1566 3013 cum
1591 2981 1672 3014 data
1697 2981 1870 3014 occasione
1895 2979 1936 3012 de

126 3022 240 3054 studiis
266 3028 487 3059 communibus
513 3029 674 3060 interdum
701 3029 823 3071 aliquid
847 3030 1004 3070 scripsero
1030 3028 1090 3061 dte.
1141 3028 1236 3060 Vale
1280 3028 1455 3061 Dabantur
1477 3027 1586 3061 Jeuae
1612 3025 1668 3060 24.
1686 3028 1765 3069 Apr.
1787 3025 1887 3060 1598.
