2028 3242
74 24 160 69 296
631 21 767 53 Literae
791 18 929 60 Kepleri
955 18 1155 60 aliorumque
1180 21 1315 50 mutuae

68 135 267 188 jecturas3
300 134 433 170 tamen
462 141 553 168 cum
583 139 711 178 neque
745 125 854 167 aliud
887 128 1127 178 suppeteret
1159 128 1437 177 argumentum
1471 122 1755 175 significandae
1787 134 1885 174 gra-

72 190 255 233 titudinis
298 193 340 228 et
378 188 468 237 ipsa
505 185 786 226 beneficiorum
818 185 923 225 Rev,
958 185 1067 224 Tuae
1108 184 1301 224 memoria
1332 197 1394 223 me
1428 184 1687 228 admoneret,
1729 185 1775 221 ut
1806 180 1885 220 ali-

76 249 234 303 quando
268 246 472 299 specimen
507 244 668 296 aliquod
688 244 851 284 ederem
877 257 1012 284 eorum
1032 244 1267 291 studiorum,
1291 243 1454 295 ejusque
1485 240 1674 289 muneris,
1708 239 1759 279 ad
1787 252 1887 292 quae

70 321 143 362 per
174 307 245 347 illa
271 306 358 358 jam
392 305 501 344 dicta
522 303 623 344 Rev.
647 303 757 343 Tuae
790 303 983 343 beneficia
1014 307 1221 354 promotus
1258 314 1356 350 sum,
1394 314 1471 341 non
1494 298 1587 340 duxi
1619 298 1737 339 aliter
1757 311 1885 351 agen-

75 369 167 419 dum
199 378 314 414 esse,
362 376 482 416 quam
512 362 565 403 R.
601 362 647 401 T.
681 362 755 402 hoc
790 362 995 413 exemplar
1026 361 1103 401 mei
1136 360 1408 413 Prognostici,
1450 359 1553 411 quod
1585 370 1636 398 ex
1667 356 1786 398 officii
1818 370 1886 397 ra-

73 427 184 468 tione
217 425 265 464 de
301 424 434 463 futuro
468 435 570 461 anno
593 421 876 472 publicandum
898 420 984 469 fuit,
1019 420 1152 472 exigui
1190 418 1411 460 munusculi
1437 419 1526 458 loco
1555 416 1884 457 transmitterem.

71 483 269 538 Equidem
303 491 480 534 agnosco
512 485 726 532 paternam
757 480 809 521 R.
844 480 891 520 T.
924 480 1194 527 voluntatem,
1243 491 1358 531 quam
1398 478 1438 517 in
1465 475 1761 518 commodanda
1791 474 1887 515 mihi

31 585 36 589 ,
71 542 241 597 pecunia
272 539 508 586 declaravit,
542 552 615 578 nec
647 539 794 579 oblitus
827 544 912 579 tam
944 538 1022 578 cito
1057 551 1162 586 sum,
1197 542 1371 589 quantae
1405 534 1681 576 commoditati
1713 539 1886 587 quanto-

75 615 150 656 que
184 601 416 652 adjumento
448 598 544 638 mihi
566 596 686 637 fuerit
717 597 788 638 illa
806 597 857 637 D.
881 597 930 637 D.
951 602 1259 649 praeceptorum
1289 596 1555 648 promtitudo‚
1593 594 1632 634 in
1666 593 1829 646 quibus,
1864 606 1889 633 a

74 660 175 702 meis
207 661 413 706 desertus,
446 670 602 697 omnem
635 668 747 708 spem
779 657 974 708 reliquam
1005 668 1232 707 posueram.
1297 655 1570 695 Vehementer
1606 653 1730 693 etiam
1756 652 1885 700 doleo,

75 733 155 761 non
188 718 352 759 licuisse
384 716 480 756 mihi
512 716 651 756 statim
683 715 819 767 aliqua
852 728 902 755 ex
932 721 1048 766 parte
1081 714 1325 766 respondere
1357 714 1415 754 illi
1442 711 1654 760 voluntati,
1689 711 1781 751 dum
1812 724 1886 751 ne-

75 791 150 832 que
184 778 326 818 literas
359 774 652 816 eucharisticas
684 775 859 814 scribere
901 774 1012 825 potui
1043 779 1208 825 propter
1239 786 1369 812 meam
1402 771 1716 824 aegritudinem,
1759 774 1888 822 neque

77 837 285 889 imperiale
318 834 517 875 numisma
557 832 731 882 mittere,
772 838 988 884 propterea
1020 833 1125 884 quod
1155 832 1219 872 hic
1251 831 1492 872 Austriacos
1524 830 1703 871 thaleros
1742 841 1889 881 magna

74 909 165 937 cum
196 893 480 934 aestimatione
515 904 763 944 acceperam.
828 890 1023 937 Quamvis
1045 891 1304 931 consobrinus
1326 904 1459 938 meus,
1494 889 1559 943 qui
1579 901 1640 928 me
1673 887 1888 928 comitatus

73 960 155 1003 est,
190 958 232 994 et
256 951 411 1005 gratias
444 965 532 991 meo
566 951 723 990 nomine
757 963 890 990 coram
925 963 1044 1001 agere
1066 950 1268 1002 potuisset
1295 956 1336 989 et
1355 950 1534 990 thaleros
1557 947 1719 988 minimo
1752 946 1888 987 valore

76 1013 316 1054 aestimatos
349 1011 536 1057 reddere,
582 1010 638 1057 si,
684 1010 787 1062 quod
822 1022 896 1061 ego
929 1010 1186 1049 vehementer
1229 1009 1278 1048 ab
1323 1009 1410 1061 ipso
1456 1007 1663 1054 contendi,
1706 1006 1886 1058 quodque

75 1072 171 1112 mihi
218 1071 414 1121 stipulata
453 1082 571 1108 manu
615 1068 825 1121 promisit,
872 1069 1062 1121 perficere
1101 1068 1179 1120 ipsi
1218 1067 1414 1108 libuisset.
1478 1065 1615 1113 Quare
1646 1065 1698 1105 R.
1733 1065 1778 1104 T.
1825 1077 1887 1104 me

76 1135 312 1171 excusatum
354 1128 520 1168 habebit
562 1132 604 1167 et
642 1128 716 1167 hoc
749 1132 867 1167 tenue
914 1127 1190 1167 munusculum
1221 1127 1260 1166 in
1298 1126 1530 1178 praesentia
1566 1125 1659 1166 boni
1691 1124 1885 1178 consulet.

74 1190 239 1233 Utinam
271 1193 404 1228 autem
435 1200 506 1239 per
538 1187 710 1238 aliquem
741 1198 917 1226 meorum
951 1186 1204 1226 familiarium
1237 1185 1384 1225 certior
1414 1185 1498 1225 fieri
1527 1196 1712 1237 possem,
1769 1183 1886 1236 quid-

78 1262 169 1289 nam
199 1248 239 1288 in
272 1247 342 1288 illo
374 1246 640 1297 Prognostico
674 1245 726 1286 R.
761 1246 805 1287 T.
841 1245 1043 1296 improbet
1075 1246 1246 1298 quidque
1279 1244 1375 1284 mihi
1412 1244 1450 1284 in
1485 1243 1742 1296 sequentibus
1775 1242 1889 1283 annis

77 1308 182 1356 (Deo
214 1319 277 1346 me
310 1305 595 1351 conservante)
629 1305 849 1345 cavendum
883 1304 1052 1356 amplius
1085 1304 1148 1344 sit.
1215 1303 1297 1344 Sed
1330 1303 1380 1344 R.
1404 1304 1448 1342 T.
1485 1302 1651 1343 arbitrio
1683 1302 1886 1354 permitto,

77 1366 140 1406 cui
170 1378 261 1405 mea
293 1364 449 1411 studia,
495 1376 567 1403 nos
613 1368 747 1403 autern
787 1376 925 1403 omnes
971 1360 1012 1403 e't
1042 1368 1295 1415 utrorumque
1338 1362 1594 1402 calamitates
1625 1361 1889 1413 gravissimas

75 1425 162 1465 Deo
194 1422 567 1464 misericordissimo
601 1422 834 1462 ardentibus
866 1422 1052 1475 precibus
1085 1422 1331 1463 commendo.

195 1481 359 1523 Graecii
383 1480 447 1524 19.
473 1479 588 1530 (29.)
610 1480 702 1522 Oct.
739 1478 860 1523 1594.

1196 1537 1465 1578 Reverentiae
1498 1537 1607 1577 Tuae

1098 1596 1478 1638 observantissimus
1511 1595 1728 1649 discipulus

1232 1656 1290 1696 M.
1324 1656 1393 1697 Jo.
1427 1653 1598 1709 Kepler.

172 1762 420 1796 Solicitudinem
445 1761 582 1803 Kepleri
608 1762 647 1794 ob
672 1761 850 1802 pecuniam
868 1761 1042 1803 Tubingae
1069 1762 1112 1794 ad
1137 1763 1200 1794 iter
1225 1771 1319 1794 suum
1343 1762 1377 1793 in
1396 1760 1539 1802 Styriam
1563 1759 1798 1802 perficiendum
1819 1770 1890 1793 mu-

75 1816 132 1843 tuo
158 1814 300 1843 sumtam
325 1809 521 1841 Maestlinus
546 1809 595 1840 his
622 1809 771 1841 dirimere
797 1808 926 1841 studet:
960 1809 1011 1841 De
1038 1809 1081 1840 D.
1108 1819 1222 1841 socero
1259 1819 1332 1841 meo
1359 1818 1444 1850 quae
1470 1809 1567 1840 anxie
1593 1808 1734 1840 scribere
1759 1805 1891 1845 videi-is,

76 1859 146 1899 ipse
168 1867 222 1889 me
247 1856 441 1898 respondere
463 1856 568 1897 jubet,
594 1860 632 1887 ut
657 1857 766 1888 animo
793 1856 920 1897 quietus
946 1856 1007 1893 sis;
1035 1860 1069 1888 te
1095 1857 1183 1888 enim
1208 1857 1242 1888 iu
1268 1856 1365 1897 culpa
1389 1866 1456 1887 non
1474 1865 1545 1887 esse
1575 1855 1705 1892 asserit,
1731 1855 1791 1887 sed
1816 1864 1891 1887 eum

76 1906 202 1946 ipsum,
238 1904 293 1945 qui
317 1904 492 1944 pecuniam
517 1907 573 1934 tuo
598 1903 730 1935 nomine
754 1903 929 1935 restituere
955 1903 1107 1935 debebat.
1157 1903 1309 1935 Pecunia
1342 1903 1429 1935 enim
1463 1912 1484 1934 a
1507 1906 1541 1934 te
1576 1902 1679 1943 proba
1702 1902 1804 1934 missa
1828 1905 1890 1938 est,

79 1955 116 1983 at
139 1951 250 1983 nescio
276 1951 346 1992 quis
371 1950 436 1986 ille,
463 1950 497 1981 in
523 1951 615 1990 cujus
639 1959 756 1982 manus
783 1950 927 1987 devenit,
954 1950 1008 1990 qui
1036 1950 1229 1990 „paulines“
1257 1950 1324 1981 sive
1346 1947 1585 1990 Miinchskopff
1605 1948 1753 1990 aliasque
1777 1958 1891 1981 mone·

77 2002 130 2030 tas
157 1996 275 2037 (unam
300 1997 401 2028 etiam
426 1997 606 2038 improbam
631 1994 778 2038 penitus)
803 1997 902 2027 misit.
954 1996 1077 2028 Verum
1103 1997 1187 2038 quod
1215 1997 1257 2028 ad
1283 2000 1315 2028 te
1342 1997 1473 2033 attinet,
1499 2000 1533 2028 te
1556 1996 1767 2027 innocentem
1792 2005 1893 2038 prae-

80 2045 170 2077 dicat
193 2044 314 2085 tibique
341 2053 406 2074 non
432 2048 626 2083 succenset,
668 2044 753 2076 adeo
778 2047 816 2075 ut
840 2053 902 2075 nec
927 2044 1054 2084 prolixa
1080 2044 1291 2076 excusatione
1318 2043 1362 2075 ad
1386 2044 1510 2084 ipsum,
1546 2052 1608 2075 nec
1633 2051 1709 2075 mea
1733 2043 1891 2075 interces-

80 2092 172 2124 sione
198 2100 278 2132 opus
303 2090 410 2122 fuerit.

174 2144 353 2190 Keplerum
387 2148 488 2189 primo
527 2152 673 2189 tempore
711 2158 773 2190 quo
800 2148 941 2181 Graetiis
968 2148 1132 2191 degebat,
1167 2148 1249 2180 forte
1282 2150 1352 2189 jam
1387 2149 1558 2191 Tubingae
1585 2147 1790 2191 astrologicis
1814 2140 1892 2181 lusi-

80 2197 140 2228 bus
176 2200 305 2237 tempus
330 2195 457 2227 trivisse
494 2204 534 2226 ex
567 2195 616 2226 his
651 2196 747 2227 amici
781 2195 899 2227 Christ.
929 2194 1169 2236 Ortholphi,
1203 2200 1274 2227 tum
1305 2197 1460 2237 temporis
1494 2195 1717 2237 praeceptoris
1750 2196 1785 2228 in
1822 2205 1892 2228 mo-

80 2243 224 2276 nasterio
249 2242 466 2280 Hirsaviensi‚
492 2241 593 2274 literis
615 2243 737 2283 jocosis
763 2246 878 2284 patet:

178 2330 187 2339 .
215 2331 223 2338 .
252 2331 260 2338 .
285 2306 338 2339 De
363 2306 445 2338 hora
470 2306 658 2338 nativitatis
682 2315 778 2338 meae
803 2316 869 2338 non
897 2310 964 2344 est,
991 2306 1077 2348 quod
1101 2306 1211 2338 multis
1238 2307 1421 2349 ambigam3
1454 2306 1532 2339 mihi
1556 2306 1692 2348 perinde
1718 2311 1778 2339 est.
1828 2306 1893 2339 Ex-

82 2357 196 2396 specto
222 2353 401 2385 Dominum
427 2353 504 2385 dum
528 2353 640 2385 veniat
668 2357 702 2385 et
725 2363 778 2385 me
804 2358 1005 2395 promoveat,
1033 2357 1210 2390 removeat,
1238 2354 1281 2385 ad
1307 2363 1341 2385 se
1368 2358 1496 2386 avocet.
1524 2377 1532 2385 .
1560 2377 1567 2385 .
1596 2377 1603 2384 .
1642 2352 1728 2392 Quid
1753 2363 1827 2385 vero
1853 2353 1893 2385 de

83 2406 116 2433 te
142 2401 293 2440 sentiam,
321 2410 418 2442 quem
444 2409 482 2431 eo
510 2400 707 2432 temeritatis
734 2401 931 2441 processisse
956 2401 1069 2438 video,
1094 2404 1132 2432 ut
1157 2410 1195 2432 ex
1222 2402 1317 2432 astris
1339 2401 1489 2441 judicare
1513 2401 1649 2437 nitatur,
1676 2400 1753 2441 quid
1778 2401 1892 2433 doctu-

82 2458 135 2480 rus
161 2449 221 2479 sim
245 2449 279 2479 in
306 2447 448 2480 ecclesia
473 2451 507 2479 et
530 2448 565 2479 in
590 2457 651 2488 quo
679 2447 816 2480 articulo
834 2452 1041 2489 peccaturus.
1095 2447 1188 2486 Quae
1214 2447 1376 2480 hactenus
1404 2447 1483 2479 mihi
1500 2447 1719 2488 praedixeras,
1745 2449 1892 2489 aecipie-

82 2496 158 2527 bam
192 2498 350 2536 tanquam
384 2495 529 2530 monita.
565 2499 603 2526 ut
635 2494 694 2526 illa
719 2504 879 2527 caverem.
932 2494 1158 2526 Dicacitatem
1183 2495 1391 2535 praedixeras
1423 2498 1457 2526 et
1487 2494 1600 2536 jugulo
1631 2494 1811 2535 periculum
1855 2505 1895 2527 ex

85 2542 224 2574 licentia
247 2542 393 2584 linguae.
444 2541 570 2573 Malum
605 2546 642 2573 ut
668 2551 819 2574 caverem
855 2546 889 2574 et
913 2542 1070 2574 vanitatis
1097 2541 1295 2583 astrologum
1330 2545 1367 2573 ut
1394 2541 1638 2576 convincerem,
1677 2540 1720 2572 ad
1743 2541 1894 2574 sudorem

83 2599 185 2630 usque
209 2590 301 2621 tacui
326 2589 528 2630 saepissime.
578 2588 755 2626 Monuisti‚
798 2599 949 2621 caverem
983 2588 1145 2620 veneficia
1181 2593 1214 2620 et
1237 2589 1409 2621 illecebras
1445 2587 1627 2629 puellares3
1666 2588 1708 2619 ab
1732 2588 1782 2620 his
1807 2589 1894 2621 enim

83 2645 135 2667 me
162 2636 318 2667 damnum
345 2640 566 2676 accepturum.
617 2636 772 2668 Abstinui
804 2636 847 2668 ad
873 2637 1013 2668 esuriem
1046 2635 1089 2667 ab
1115 2636 1207 2667 omni.
1228 2636 1413 2672 esculento,
1449 2634 1534 2676 quod
1567 2634 1649 2666 mihi
1685 2643 1707 2666 a
1739 2639 1895 2677 suspecta

83 2691 223 2723 persona
247 2686 480 2723 praeparatum
506 2682 689 2714 videbatur.
739 2683 816 2714 Jam
842 2683 934 2720 dicis,
970 2692 1023 2714 me
1050 2684 1152 2714 etiam
1177 2684 1210 2714 in
1238 2682 1384 2714 articulis
1408 2685 1639 2722 peccaturum
1678 2678 1821 2719 scilicet,
1857 2686 1894 2714 ut

86 2729 272 2761 libertatem
299 2730 512 2761 christianam
537 2729 673 2770 prodam
702 2733 736 2760 et
760 2730 901 2761 salutem
927 2729 1090 2762 ecclesiae
1114 2739 1211 2761 meae
1235 2729 1452 2761 incolumitati
1483 2732 1688 2769 postponam.
1739 2728 1804 2760 Cur
1827 2739 1894 2761 non

87 2779 121 2807 et
156 2776 189 2807 id
214 2776 372 2812 mandas,
409 2780 446 2807 ut
472 2786 598 2808 cessem
633 2775 772 2817 posthac
809 2777 868 2808 tibi
895 2786 1035 2809 errorem
1073 2774 1297 2818 opprobrare?
1334 2779 1372 2807 ut
1397 2776 1505 2807 dicam
1539 2778 1573 2806 te
1599 2784 1664 2807 non
1696 2775 1799 2816 primo
1823 2786 1892 2808 mo-

85 2826 195 2853 mento
223 2822 387 2854 delibatae
415 2823 622 2854 astrolatriae
649 2823 830 2864 perfectum
856 2824 956 2856 fuisse
984 2828 1018 2855 et
1043 2823 1086 2855 ad
1109 2826 1311 2854 momentum
1338 2821 1421 2854 Solis
1446 2822 1487 2853 de
1510 2830 1609 2853 mane
1635 2822 1826 2858 occidentis,
1853 2823 1894 2855 de

86 2871 182 2899 nocte
209 2869 352 2905 orientis,
379 2870 556 2910 perniciem
580 2879 690 2902 meam
714 2871 793 2902 mihi
819 2870 994 2913 designare
1011 2870 1167 2911 potuisse,
1193 2869 1251 2901 sed
1275 2869 1328 2900 vix
1345 2869 1419 2901 dum
1438 2869 1569 2901 Graecii
1585 2867 1765 2909 proficere?
1797 2868 1894 2908 Quod

87 2915 114 2945 si
138 2914 258 2951 fecem,
286 2919 320 2947 et
343 2915 512 2948 honestius
539 2916 578 2948 de
605 2918 824 2950 astromantia
848 2927 992 2954 sensero,
1020 2926 1120 2958 quam
1146 2917 1186 2948 de
1204 2919 1406 2958 quaestuosa
1422 2915 1679 2957 Zygeinerorum
1696 2915 1892 2956 judiciaria:

88 2961 165 2991 dum
189 2962 306 2993 multos
331 2963 517 2994 numerabis
543 2973 666 3000 annos,
683 2964 862 3006 longaevus
889 2965 970 2996 eris:
997 2974 1064 2995 non
1089 2963 1184 2996 detur
1207 2961 1275 2994 me*
1284 2962 1394 2994 sidera.
1419 2971 1520 2994 manu
1544 2965 1694 3003 tangere.

186 3006 282 3046 Quod
306 3010 434 3050 quaeris
460 3009 501 3041 de
527 3011 622 3041 annis
647 3010 710 3042 illis
738 3009 840 3048 1590,
872 3009 957 3041 1591
988 3010 1061 3047 Δια,
1087 3010 1199 3043 nescio
1225 3009 1301 3051 quid
1331 3008 1421 3049 velis,
1447 3018 1510 3041 nec
1538 3009 1706 3049 succurrit,
1732 3009 1810 3051 quid
1833 3018 1892 3053 ge·
