2028 3242
171 81 256 124 272
898 82 1061 126 Apologia
1085 82 1249 124 Tychonis

170 199 338 240 superne
369 186 683 238 praedictarum,
717 192 760 228 et
790 187 879 228 ideo
912 200 990 228 non
1021 192 1191 240 possunt
1222 187 1366 228 abesse
1399 187 1582 240 amplius,
1621 188 1807 242 quoniam
1838 196 1983 230 curva-

170 253 263 287 tura
295 246 479 286 absidum
521 259 599 286 non
633 246 757 286 habet
794 247 848 287 ibi
886 247 1176 299 longitudinem
1207 247 1447 300 majorem.“
1510 246 1735 288 Obscurum
1775 261 1865 288 esse
1898 247 1985 289 Pli—

169 306 278 346 nium
310 305 348 345 in
382 305 443 345 his
475 305 609 345 verbis
642 318 778 346 omnes
811 307 1007 354 fatentur,
1049 305 1308 355 Collimitius,
1351 320 1400 347 ex
1430 307 1506 347 hoc
1538 306 1746 360 Zieglerus
1784 307 1985 359 interpre-

170 364 366 405 tationem
397 377 516 404 unam
548 365 720 405 afferunt
752 370 793 405 et
826 365 941 406 simul
961 366 1147 418 rejiciunt
1178 372 1221 406 ut
1240 366 1554 418 impossibilem:
1588 365 1795 419 Zieglerus
1816 367 1984 407 alteram

168 423 401 476 superaddit
431 423 675 477 Mycilloque
708 425 955 477 suppeditat,
990 438 1108 478 quam
1139 431 1263 477 negat
1294 426 1379 477 ipse
1413 438 1502 465 esse
1533 425 1806 466 Plinianorum
1837 426 1983 466 verbo-

166 496 252 524 rum
285 483 513 535 genuinam.
581 482 663 523 Sed
699 482 945 536 Copernicus
985 485 1245 524 communiter
1276 484 1372 525 mihi
1406 490 1448 525 et
1477 485 1584 526 Urso
1615 490 1801 537 receptus
1838 485 1878 525 in
1910 484 1985 524 hoc

166 542 326 594 negotio
358 542 491 591 testis,
525 541 559 582 is
594 555 702 594 ergo,
736 543 970 596 posthabito
1003 556 1091 595 cap.
1114 544 1251 592 VIII.,
1287 544 1499 584 emendato
1526 556 1621 584 vero
1643 548 1847 592 contextu,
1880 543 1985 596 quod

166 602 305 642 crebro
339 602 378 641 in
411 601 484 641 hoc
517 607 680 641 auctore
713 603 985 642 necessarium
1018 604 1202 648 occurrit,
1238 603 1361 643 efficit
1392 608 1436 643 ut
1460 603 1612 655 jamin
1638 602 1769 643 Plinio
1791 602 1983 656 Capellae

132 674 304 714 ffvocem
336 661 543 701 exaudias.
608 660 676 701 Sic
708 674 848 714 nempe
882 661 1045 713 scripsit
1076 675 1126 701 ex
1157 668 1289 702 mente
1324 661 1538 715 Copernici
1570 662 1745 702 Plinius:
1786 674 1983 712 „conver-

131 711 145 759 ,”
167 734 236 760 sas
268 719 419 760 habent
450 725 640 772 utraeque
674 721 838 760 absidas
875 726 920 760 ut
952 720 1099 760 circum
1133 720 1268 762 Solem
1300 722 1422 770 sitae;
1461 726 1696 774 tantumque
1738 722 1787 762 de
1825 721 1984 762 circulis

167 792 303 820 earum
335 779 473 819 subter
505 785 569 819 est
601 785 791 832 quantum
818 780 1031 832 superne.“
1093 780 1150 821 Ut
1180 793 1259 820 vox
1291 780 1456 830 „infra“
1485 781 1538 820 sit
1559 781 1798 830 adulterina,
1833 793 1982 833 „prae-

135 851 139 856 ·
165 838 394 879 dictarum“
428 851 522 878 vero
556 838 803 890 surreptitia.
868 839 999 879 Movit
1020 838 1295 891 Copernicum,
1329 845 1375 879 ut
1406 840 1481 879 hoc
1500 839 1674 881 Plinium
1707 839 1858 879 dixisse
1891 852 1982 879 cre-

167 899 298 946 deret,
343 897 441 937 illud
473 897 737 950 potissimum,
774 899 878 951 quod
911 903 953 938 et
984 898 1194 939 Vitruvius
1229 904 1322 939 ante
1354 899 1539 943 Plinium,
1575 905 1618 939 et
1650 897 1832 951 Capella,
1863 898 1984 939 Plinii

166 957 485 1008 metaphrastes,
526 957 666 996 eadem
700 957 749 997 de
780 957 957 1009 planetis
991 958 1205 1010 dogmata,
1247 958 1410 998 easdem
1442 958 1688 1007 sententias,
1722 958 1883 998 eosdem
1916 970 1983 998 er-

166 1029 294 1065 rores,
341 1016 482 1056 eadem
521 1029 643 1068 saepe
675 1017 799 1056 verba
831 1029 920 1056 cum
950 1017 1238 1069 praecedentia
1275 1023 1360 1057 tum
1393 1017 1603 1070 sequentia
1633 1016 1715 1057 una.
1745 1030 1833 1058 cum
1851 1016 1981 1058 Plinio

165 1081 369 1127 usurpent,
402 1076 600 1127 posterior
627 1090 651 1115 a
682 1075 814 1127 priore
845 1081 1063 1116 mutuatus.
1127 1077 1172 1116 In
1205 1077 1279 1116 hoc
1307 1077 1406 1125 loco,
1442 1076 1508 1117 ubi
1534 1077 1583 1117 de
1605 1076 1777 1116 Veneris
1805 1082 1848 1117 et
1867 1077 1982 1117 Mer-

166 1134 262 1175 curii
294 1147 382 1174 cum
414 1134 508 1174 Sole
542 1135 836 1187 conspiratione
869 1135 1019 1187 agitur,
1062 1135 1118 1175 illi
1153 1135 1311 1188 quidem
1343 1136 1445 1176 hunc
1477 1148 1656 1185 sensum,
1705 1148 1825 1204 quem
1852 1135 1983 1176 Plinio

166 1194 410 1246 Copcrnicus
442 1194 638 1244 restituit,
673 1195 912 1246 exprimunt.
978 1193 1080 1235 Cum
1118 1195 1222 1235 enim
1253 1195 1384 1236 Plinio
1424 1194 1545 1235 fuerit
1575 1195 1680 1235 alter
1711 1195 1909 1247 magister
1942 1199 1983 1234 et

165 1258 519 1306 praemonstrator,
555 1254 658 1294 alter
691 1254 922 1306 discipulus,
956 1258 1121 1306 uterque
1153 1267 1225 1306 pro
1252 1254 1470 1307 interprete
1492 1254 1749 1294 obscuritatis
1767 1253 1981 1295 Plinianae

161 1314 248 1365 jure
287 1312 467 1352 adhiberi
507 1313 633 1353 videri
670 1319 820 1364 potest.
886 1313 947 1353 Ac
978 1313 1073 1353 mihi
1108 1327 1226 1362 sane,
1271 1314 1382 1363 dum,
1431 1314 1523 1366 quid
1554 1312 1708 1354 Plinius
1741 1325 1830 1367 cap.
1864 1313 1981 1353 VIII.

170 1372 327 1420 dixerit,
363 1372 454 1424 quid
482 1373 567 1424 jam
601 1385 687 1424 cap.
722 1371 862 1413 XVII.
897 1373 1046 1413 dixisse
1081 1373 1320 1413 credendum
1353 1373 1428 1422 sit,
1470 1372 1700 1422 considero,
1734 1373 1893 1413 videtur
1923 1372 1984 1412 vir

169 1432 234 1471 ille
267 1431 444 1471 rationes
477 1437 796 1472 astronomorum
830 1437 871 1471 et
903 1432 1079 1472 Vitruvii
1110 1432 1235 1472 verba
1266 1445 1342 1472 non
1375 1432 1478 1473 satis
1509 1432 1752 1484 percepisse,
1785 1432 1859 1472 sed
1891 1431 1983 1472 dum

167 1490 319 1543 raptim
351 1491 541 1531 torrentis
573 1492 701 1531 instar
732 1504 887 1546 omnes
903 1496 1088 1532 auctores
1119 1492 1333 1547 percurrit,
1364 1491 1752 1560 omma-Q&
1795 1491 1981 1532 ubertate

172 1550 363 1590 scientiae
394 1550 588 1599 tumidus,
627 1542 761 1591 multa
792 1543 1094 1591 ε(>ρῐῐ1ἰ(ὶῑίι(ἷῖ”η
1056 1564 1128 1591 nec
1159 1552 1275 1604 plene
1309 1563 1442 1591 secum
1474 1551 1551 1604 ipsi
1589 1555 1782 1603 percepta
1812 1550 1979 1603 profert,

172 1609 420 1649 obscuritate
452 1611 661 1650 verborum
694 1623 737 1650 se
770 1611 885 1651 simul
919 1617 961 1650 et
992 1611 1183 1651 lectorem
1215 1610 1432 1663 decipiens.
1495 1610 1583 1650 Hoc
1613 1609 1672 1650 illi
1711 1622 1808 1650 sane
1841 1610 1980 1650 crebro

172 1667 297 1709 alias
306 1682 380 1709 usu
411 1669 539 1719 venit,
575 1669 639 1709 ubi
674 1670 911 1714 secretiores
943 1671 993 1710 ab
1027 1683 1099 1710 usu
1131 1669 1363 1722 quotidiano
1397 1669 1631 1723 disciplinas
1657 1669 1833 1722 attingit.
1890 1669 1979 1709 Ita-

171 1741 244 1780 que
276 1741 351 1767 non
386 1734 448 1768 est
480 1729 519 1768 in
551 1729 625 1768 hoc
659 1734 821 1770 auctore
854 1729 1081 1775 absurdum,
1116 1727 1335 1769 cre'didisse
1369 1730 1470 1769 hunc
1491 1729 1671 1770 ordinem
1702 1729 1977 1781 sphaerarum,

171 1787 235 1839 qui
267 1793 332 1827 est
363 1800 451 1839 cap.
487 1787 621 1835 VIII.,
656 1794 697 1828 et
728 1788 982 1828 nihilominus
1016 1801 1103 1828 cum
1124 1789 1311 1829 Vitruvio
1345 1788 1522 1828 sensisse
1554 1801 1643 1840 cap.
1677 1787 1837 1837 XVIL,
1872 1787 1977 1840 quod

170 1846 305 1886 Solem
338 1846 517 1886 ambiant
549 1847 689 1887 Venus
722 1852 764 1886 et
795 1847 1032 1888 Mercurius.

289 1905 372 1945 Sed
403 1906 611 1945 audiamus
646 1912 686 1946 et
717 1906 959 1947 Vitruvium.
1005 1907 1046 1946 Is
1079 1905 1160 1954 (De
1180 1906 1478 1954 Architectura,
1511 1905 1585 1946 IX.
1624 1904 1682 1954 1.)
1715 1918 1803 1946 cum
1827 1909 1978 1945 motum

168 1965 349 2016 primum,
383 1964 448 2016 qui
480 1965 648 2005 fixarum
680 1971 721 2005 et
753 1965 954 2018 signorum
985 1965 1140 2005 zodiaci
1172 1970 1254 2014 est,
1290 1965 1536 2017 explicasset
1562 1965 1727 2017 jamque
1759 1965 1798 2004 in
1831 1976 1976 2016 genere

170 2024 351 2072 dixisset,
389 2024 584 2076 quomodo
617 2025 770 2073 ‚,Luna‚
805 2025 927 2065 stella
957 2024 1158 2070 Mercurii,
1192 2024 1379 2072 Veneris,
1412 2024 1499 2076 ipse
1532 2022 1622 2073 Sol,
1655 2023 1829 2077 itemque
1859 2023 1971 2063 Mar—

170 2083 244 2132 tis,
285 2082 400 2123 Jovis
428 2089 469 2123 et
500 2083 663 2123 Saturni
698 2084 793 2129 (hoc
825 2084 928 2123 enim
960 2084 1111 2124 usitato
1144 2083 1280 2123 ordine
1311 2083 1498 2136 planetas
1530 2085 1735 2132 recenset,
1781 2095 1857 2136 quo
1888 2082 1977 2122 Pli-

168 2143 274 2182 nium
318 2142 420 2182 forte
465 2142 644 2194 decepit)
684 2143 925 2183 contrariam
967 2143 1057 2183 fixis
1099 2143 1206 2183 viam
1249 2143 1321 2182 sub
1365 2142 1519 2183 zodiaci
1551 2141 1678 2195 signis
1709 2141 1976 2195 peragrent“:

170 2201 327 2241 accedit
370 2202 422 2241 ad
463 2202 774 2254 explicationem
813 2202 1056 2254 singulorum
1094 2215 1140 2243 eo
1183 2202 1342 2249 ordine,
1386 2214 1462 2255 quo
1502 2207 1780 2254 proposuerat.
1843 2200 1978 2241 Primo

167 2262 305 2301 Lunae
350 2265 481 2301 motus
525 2266 567 2301 et
611 2262 746 2314 spatia
786 2267 991 2302 menstrua
1029 2262 1238 2311 describit;
1284 2261 1373 2301 dein
1419 2261 1467 2301 de
1500 2260 1673 2301 Veneris
1711 2266 1754 2301 et
1788 2259 1977 2302 Mercurii

167 2320 289 2360 stella
320 2320 376 2360 sic
410 2321 488 2361 ait.
523 2321 741 2375 „Mercurii
774 2326 909 2362 autem
941 2327 982 2361 et
1014 2322 1186 2362 Veneris
1219 2320 1362 2361 stellae
1395 2321 1543 2361 circum
1568 2319 1678 2371 Solis
1708 2319 1860 2374 radios,
1895 2318 1975 2359 So-

167 2381 243 2419 lem
274 2379 404 2433 ipsum
436 2380 494 2420 uti
526 2385 703 2421 centrum
735 2380 946 2420 itineribus
979 2387 1236 2430 coronantes,
1280 2393 1487 2432 regressus
1521 2384 1738 2420 retrorsum
1770 2385 1811 2419 et
1841 2383 1975 2433 retar-

168 2439 351 2492 dationes
385 2439 578 2489 faciunt“
639 2440 791 2480 Postea
823 2440 875 2480 ad
900 2440 1059 2489 Martis,
1092 2440 1220 2490 Jovis,
1255 2438 1420 2480 Saturni
1452 2437 1594 2478 stellas
1627 2431 1784 2485 accedit
1815 2436 1974 2479 earum-
1997 2433 2028 2487 '3

167 2511 241 2549 que
273 2503 405 2538 motus
438 2498 626 2551 explicat.
692 2498 816 2540 Clara
848 2504 911 2540 est
935 2499 1071 2552 itaque
1104 2499 1312 2540 verborum
1345 2499 1430 2550 ejus
1463 2497 1676 2537 sententia.
2020 2541 2028 2550 ι

283 2557 468 2597 Platonis
501 2557 659 2610 quidem
690 2558 816 2611 ipsius
847 2559 971 2599 verba
1003 2559 1173 2598 obscura
1204 2563 1310 2607 sunt,
1344 2557 1416 2596 sed
1447 2561 1581 2596 tamen
1611 2554 1759 2595 indicia
1779 2555 1985 2608 quaedam,
2018 2579 2020 2583 »

165 2616 360 2667 praebent
392 2616 477 2668 ejus
511 2617 749 2667 sententiae,
786 2631 902 2670 quam
929 2617 987 2657 illi
1019 2617 1159 2657 tribuit
1190 2616 1432 2663 Macrobius.
1496 2613 1647 2664 ‚‚Gum‚
1681 2614 1829 2667 inquit,
1873 2614 1974 2654 effe-

167 2675 291 2715 cisset
321 2675 431 2715 Deus
464 2688 630 2727 corpora
663 2676 925 2728 singulorum,
959 2689 1007 2716 ea
1038 2677 1173 2728 posuit
1204 2676 1244 2715 in
1276 2674 1614 2721 circumlationes,
1655 2686 1753 2727 quas
1786 2673 1974 2726 cujusque

166 2735 352 2778 circuitus
384 2735 625 2786 requireret,
673 2741 840 2787 septena
871 2736 910 2775 in
943 2741 1151 2788 septenas,
1197 2736 1352 2775 Lunam
1384 2733 1540 2786 quidem
1585 2733 1625 2772 in
1666 2732 1835 2784 primum
1867 2732 1974 2772 circa

167 2793 349 2842 Terram,
396 2792 530 2833 Solem
570 2807 663 2834 vero
696 2795 735 2834 in
768 2795 983 2835 secundum
1015 2807 1137 2846 supra
1168 2794 1350 2842 Terram,
1391 2792 1617 2844 Vesperum
1647 2803 1742 2831 vero
1781 2796 1823 2832 et
1854 2803 1973 2844 quam

166 2851 364 2892 Mercurio
410 2865 566 2892 sacram
609 2854 745 2894 dicunt
787 2854 826 2893 in
859 2855 984 2907 tales,
1026 2853 1090 2906 qui
1123 2853 1343 2893 celeritatis
1376 2851 1533 2903 quidem
1563 2850 1717 2891 ratione
1750 2861 1970 2903 aequecur—

167 2916 320 2950 rentem
353 2910 438 2951 Soli
470 2912 604 2951 orbem
638 2919 753 2960 eunt,
787 2913 1028 2953 contrariam
1060 2925 1154 2952 vero
1175 2912 1211 2952 ei
1229 2911 1310 2951 vim
1330 2909 1461 2951 sortiti
1489 2914 1600 2958 sunt;
1634 2921 1755 2962 quare
1787 2914 1828 2950 et
1858 2921 1970 2948 com-
2005 2930 2010 2965 3

166 2969 414 3018 prehendunt
457 2974 498 3009 et
535 2971 922 3022 comprehenduntur
965 2985 990 3012 a
1023 2983 1066 3011 se
1107 2975 1243 3011 mutuo
1294 2974 1336 3010 et
1379 2968 1595 3010 secundum
1641 2968 1782 3008 eadem
1818 2966 1967 3015 Solem,
2000 3004 2003 3006 .

166 3026 406 3067 Mercurium
438 3033 479 3067 et
510 3028 755 3069 Venerem.“

283 3085 459 3125 Primum
491 3086 671 3127 videmus
705 3088 924 3129 celeritatis
961 3084 1117 3129 ratione
1156 3086 1324 3127 eundem
1354 3085 1475 3127 tribui
1512 3083 1640 3126 tribus
1677 3084 1788 3125 hisce
1819 3082 1968 3134 orbem,
