1982 3268
169 90 231 144 ‚¹42
961 91 1175 128 Prooemium.

175 199 317 252 majori
349 199 485 240 labore
516 198 672 251 agitur.
725 200 758 240 Ii
789 211 876 240 cum
908 211 1052 240 nomen
1076 199 1168 240 inde
1190 199 1378 247 habeant,
1409 213 1487 241 non
1519 201 1742 243 concedunt
1767 200 1976 254 postulata

175 259 258 299 sine
291 258 644 299 demonstratione.
709 258 886 305 Quorum
918 272 992 312 quo
1025 259 1247 311 imperitior
1277 259 1454 313 quisque,
1486 260 1561 300 hoc
1591 260 1682 313 plus
1718 259 1870 313 negotii
1908 259 1972 300 fa-

175 318 310 359 cessit.
374 319 648 359 Veruntamen
681 325 722 358 et
753 318 814 358 hic
846 319 1061 359 remedium
1094 319 1280 359 adhibere
1310 325 1448 372 potest
1479 319 1663 361 solitudo.
1714 319 1792 360 Est
1809 320 1849 359 in
1871 331 1973 372 quos

174 377 274 418 libet
305 378 391 418 loco
423 378 731 419 mathematicus
763 390 884 426 unus;
917 377 958 418 id
988 378 1056 418 ubi
1087 382 1163 424 est,
1196 378 1385 431 optimum
1417 384 1492 420 est.
1550 379 1649 419 Tum
1681 379 1716 419 si
1735 377 1857 420 habet
1879 378 1974 419 alibi

175 438 349 479 locorum
380 438 574 490 opinionis
608 438 782 485 socium,
814 436 955 478 literas
987 437 1038 478 ab
1068 438 1155 490 ipso
1187 438 1399 492 impetret,
1446 451 1524 491 qua
1554 439 1707 479 ratione
1739 437 1974 479 monstratis

173 496 300 538 literis
333 497 428 550 (quo
460 510 614 538 rursum
645 497 768 538 etiam
797 496 891 537 mihi
923 502 1015 538 tuae
1046 499 1233 550 prosunt)
1265 497 1490 551 opinionem
1519 498 1622 538 banc
1653 497 1693 538 in
1713 497 1973 538 auimisdoc·

175 562 304 597 torum
336 556 512 597 excitare
543 561 706 609 potest,
753 556 866 610 quasi
903 569 1039 597 omnes
1078 557 1246 610 undique
1277 558 1526 610 professores
1556 558 1846 599 mathematum
1877 569 1974 598 con-

174 616 382 656 sentirent.
445 617 596 656 Verum
629 616 720 668 quid
754 616 891 657 fraude
923 629 1021 668 opus
1053 617 1148 656 est?
1204 615 1368 657 Confide
1401 616 1598 663 Galilaea
1642 622 1684 657 et
1719 617 1974 669 progredere.

174 675 219 716 Si
250 676 350 716 bene
383 675 585 727 conjecto,
627 675 742 729 pauci
776 676 823 715 de
854 676 1080 728 praecipuis
1110 675 1295 729 Europae
1327 676 1623 717 mathematicis
1656 690 1682 717 a
1711 676 1825 717 nobis
1856 689 1972 717 sece-

175 736 266 775 dere
304 735 471 775 volent:
521 739 637 775 tanta
672 735 734 775 vis
773 740 836 776 est
873 736 1070 777 veritatis.
1133 734 1178 776 Si
1218 735 1291 776 tibi
1330 735 1449 777 ltalia
1485 737 1613 776 minus
1654 740 1719 776 est
1748 734 1894 776 idonea
1924 735 1976 777 ad

173 794 498 847 publicationem,
531 799 574 834 et
604 795 638 835 si
671 795 804 848 aliqua
834 795 1040 836 habiturus
1074 809 1116 836 es
1136 795 1431 848 impedimenta,
1466 796 1600 836 forsan
1622 794 1842 837 Germania
1861 795 1977 836 nobis

173 855 275 894 hanc
309 854 535 894 libertatem
566 854 771 895 concedet.
835 853 918 895 Sed
949 855 996 895 de
1029 855 1092 895 his
1125 855 1239 895 satis.
1303 855 1363 896 Tu
1394 855 1537 895 saltem
1568 854 1730 908 scriptis
1749 854 1975 896 mihicom-

173 913 329 954 munica
366 913 577 966 privatim,
628 913 663 954 si
700 914 856 967 publice
898 926 976 954 non
1014 914 1175 967 placet,
1224 914 1258 955 si
1290 914 1382 968 quid
1414 914 1453 955 in
1486 913 1697 968 Copernici
1728 914 1975 956 commodum

173 973 373 1014 invenisti.

291 1033 406 1073 Nunc
438 1031 510 1072 abs
544 1037 583 1072 te
615 1032 752 1084 placet
782 1032 931 1085 aliquid
964 1032 1284 1073 observationum
1315 1032 1546 1085 postulare:
1580 1032 1736 1074 scilicet
1764 1032 1879 1080 mihi,
1911 1033 1976 1086 qui

174 1091 449 1133 instrumentis
481 1104 610 1138 care0,
646 1092 952 1145 confugiendum
984 1098 1046 1132 est
1078 1092 1129 1132 ad
1161 1091 1276 1133 alios.
1337 1092 1476 1133 Habes
1507 1093 1791 1145 quadrantem,
1830 1093 1869 1132 in
1901 1105 1975 1146 quo

172 1152 304 1204 possis
334 1157 472 1191 notare
505 1151 664 1203 singula
694 1153 879 1204 scrupula
909 1151 1037 1204 prima
1068 1157 1110 1191 et
1141 1152 1384 1205 quadrantes
1415 1151 1657 1205 primorum?
1689 1150 1874 1194 Observa
1892 1152 1973 1205 igi-

173 1217 250 1259 tur,
282 1211 388 1252 circa
423 1209 489 1253 19.
510 1211 609 1252 Dec.
644 1211 829 1260 futurum,
863 1211 1114 1252 altitudinem
1147 1211 1370 1252 eductionis
1403 1212 1553 1252 candae
1581 1211 1619 1252 in
1638 1212 1746 1254 Ursa
1763 1211 1982 1257 maximam·

174 1277 215 1312 et
247 1271 450 1311 minimam
482 1271 621 1310 eadem
652 1276 782 1312 nocte.
847 1270 927 1320 Sic,
962 1271 1068 1311 circa
1099 1267 1168 1312 26.
1203 1271 1323 1320 Dec„
1358 1271 1526 1312 observa
1557 1271 1740 1313 similiter
1770 1277 1982 1325 utramque

174 1331 314 1371 stellae
344 1330 498 1382 polaris
531 1330 795 1371 altitudinem.
846 1330 1021 1371 Primam
1055 1331 1214 1371 stellam
1245 1330 1415 1371 observa
1446 1331 1569 1371 etiam
1600 1331 1706 1372 circa
1740 1328 1805 1373 19.
1838 1326 1982 1373 Martii?

174 1390 266 1430 anni
299 1387 355 1431 98
381 1389 590 1430 altitudine
623 1395 817 1431 nocturna
846 1390 945 1430 hora
981 1388 1060 1438 123
1093 1391 1262 1430 alteram
1294 1403 1328 1430 c.
1356 1388 1427 1432 28.
1461 1389 1590 1443 Sept„
1623 1390 1745 1431 etiam
1774 1391 1873 1432 hora
1907 1389 1982 1432 12».1

172 1450 278 1491 Nam
310 1450 355 1497 si,
392 1449 494 1501 quod
527 1454 634 1501 opto,
669 1449 894 1490 differentia
925 1451 1127 1502 quaedam,
1152 1450 1257 1490 inter
1287 1449 1401 1490 binas
1434 1449 1734 1491 observationes
1754 1449 1975 1491 intercede

174 1509 288 1549 unius
321 1514 439 1561 atque
472 1509 637 1549 alterius
671 1509 866 1562 scrupuli,
900 1510 1028 1562 magis
1061 1509 1095 1550 si
1131 1507 1182 1549 10
1213 1514 1284 1550 aut
1317 1508 1394 1559 15,
1438 1509 1497 1550 rei
1528 1521 1598 1561 per
1630 1514 1761 1551 totam
1787 1515 1950 1551 astrono

173 1568 294 1609 miam
328 1567 525 1608 latissime
559 1568 723 1609 diffusae
756 1574 1034 1620 argumentum
1060 1568 1148 1608 erit.
1193 1567 1263 1609 Sin
1297 1574 1431 1609 autem
1461 1569 1558 1610 nihil
1587 1569 1707 1622 plane
1727 1569 1923 1610 differenti

176 1627 526 1680 deprehendemus,
559 1628 735 1680 palmam
766 1633 900 1668 tamen
933 1628 1199 1668 demonstrati
1218 1628 1455 1669 nobilissimi
1473 1628 1748 1681 problematis,
1780 1629 1967 1672 hactenu

175 1702 199 1727 a
231 1686 384 1727 nemine
418 1687 661 1737 affectatam,
695 1687 952 1728 communiter
982 1686 1285 1739 reportabimus.
1351 1686 1534 1739 Sapienti
1553 1693 1620 1728 sat
1638 1688 1800 1728 dictum.
1851 1688 1950 1728 Mitt

176 1752 308 1786 autem
349 1746 423 1786 duo
457 1746 617 1798 insuper
648 1746 890 1798 exemplaria
922 1746 1188 1795 (Prodromi)‚
1230 1747 1322 1799 quia
1351 1746 1647 1800 Hambergerus
1678 1747 1773 1787 mihi
1804 1742 1964 1793 dixeraj

176 1812 215 1846 te
247 1807 362 1858 plura
395 1806 636 1846 desiderare.
701 1805 928 1858 Cuicunque
961 1805 1141 1853 miseris,
1174 1806 1240 1846 ille
1273 1806 1400 1847 literis
1431 1807 1479 1846 de
1512 1807 1646 1847 libello
1677 1806 1836 1860 scriptis
1866 1818 1952 1847 mer

177 1865 312 1905 cedem
344 1865 521 1905 solverit.

293 1924 419 1971 Vale,
467 1923 685 1965 clarissime
710 1923 796 1973 vir,
842 1928 884 1964 et
920 1936 991 1976 per
1031 1923 1240 1976 epistolam
1272 1924 1544 1977 longissimam
1573 1929 1750 1967 mutuum
1780 1923 1878 1966 mihi
1905 1937 1951 1966 r·

174 1984 317 2036 pende.

270 2090 321 2122 Ad
345 2089 428 2122 haec
455 2098 528 2122 cum
553 2088 719 2121 Galilaeus
744 2098 810 2120 non
834 2088 1055 2130 responderit,
1093 2087 1255 2130 Keplerus
1279 2098 1405 2131 quoque
1430 2089 1611 2126 obmutuit,
1637 2089 1764 2128 donec.
1791 2075 1950 2135 detectisx*

177 2137 324 2170 Galilaeo
350 2138 438 2169 Jovis
464 2136 657 2169 satellitibus
683 2136 846 2177 Keplerus
871 2136 1089 2168 intermissum
1115 2136 1323 2178 epistolarum
1348 2138 1575 2170 commercium
1600 2138 1740 2179 repetiit.

270 2185 430 2227 Keplerus
455 2186 534 2216 item
559 2183 742 2225 Tychoni
767 2184 948 2226 exemplum
971 2183 1136 2216 Prodromi
1161 2185 1266 2221 misit,
1291 2184 1355 2216 hac
1383 2184 1498 2216 addita
1522 2185 1684 2227 epistola:

296 2278 396 2321 Cum
426 2284 490 2328 te,
535 2279 595 2319 vir
632 2279 897 2331 amplissime,
937 2278 1310 2319 mathematicorum
1348 2279 1519 2320 omnium
1556 2293 1634 2320 non
1671 2280 1787 2333 hujus
1818 2284 1950 2321 tantu

179 2339 326 2380 aetatis
372 2339 440 2379 sed
484 2338 608 2378 totius
647 2339 734 2378 aevi
766 2338 1021 2378 monarcham
1054 2338 1306 2379 constituerit
1337 2339 1660 2392 incomparabilis
1691 2339 1872 2380 doctrina
1901 2339 1954 2392 j«

178 2399 346 2452 diciique
377 2398 650 2451 praestantia,
691 2397 867 2450 iniquum
899 2398 1054 2446 fecero,
1100 2397 1134 2437 si
1174 2398 1364 2449 opusculo
1409 2398 1457 2438 de
1487 2399 1743 2452 proportione
1774 2399 1948 2439 coeloruz

177 2471 300 2511 nuper
331 2458 369 2498 in
396 2459 522 2498 lucem
554 2457 649 2497 dato
682 2457 774 2505 (sub
806 2457 950 2497 titulo:
1001 2457 1288 2497 Prodromus
1332 2457 1743 2512 dissertationum
1787 2470 1938 2498 cosm

179 2517 537 2570 graphicarum)
570 2517 694 2557 ullam
724 2516 892 2569 gloriam
923 2521 991 2556 tuo
1019 2516 1170 2568 judicio
1198 2522 1238 2556 et
1264 2517 1602 2557 commendatione
1633 2518 1818 2569 neglecta
1843 2515 1947 2563 'auc2

178 2590 261 2629 per.
326 2576 438 2623 Quae
471 2589 531 2616 me
564 2583 686 2616 causa
716 2575 858 2624 movit,
903 2581 948 2615 ut
978 2576 1137 2628 ignotus
1170 2588 1219 2616 ex
1251 2576 1325 2616 hoc
1350 2577 1522 2616 obscuro
1556 2575 1795 2617 Germaniae
1827 2588 1923 2629 ang
1944 2583 1949 2598 ·’

177 2637 317 2677 literas
350 2637 401 2676 ad
425 2641 465 2676 te
496 2634 718 2684 mitterem,
744 2640 907 2690 oratum
935 2648 1008 2688 per
1038 2635 1149 2675 illum
1179 2635 1397 2704 ingentem
1399 2635 1594 2686 veritatis
1627 2647 1827 2682 amorem,
1866 2648 1924 2675 ιι

178 2696 216 2735 in
243 2702 281 2736 te
303 2708 455 2749 quoque
487 2695 618 2735 inesse
650 2667 773 2735 fama
788 2699 880 2734 tuae
913 2690 1197 2747 magnitudinis
1214 2686 1461 2754 praedicat:
1494 2699 1550 2744 ut,
1584 2692 1677 2748 quid
1697 2692 1793 2736 tibi
1803 2690 1942 2735 del

177 2755 251 2794 hoc
283 2755 464 2794 videatur
495 2753 679 2806 negotio,
713 2767 762 2793 ea
792 2753 1021 2794 sinceritate
1054 2759 1096 2794 et
1126 2744 1394 2802 humanitate,
1429 2765 1528 2805 quae
1560 2754 1601 2795 in
1631 2758 1672 2795 te
1702 2754 1941 2807 praedicat

181 2813 354 2865 explices
396 2814 659 2866 brevibusque
703 2813 828 2853 literis
867 2812 1080 2865 significes.
1143 2812 1178 2853 Ο
1210 2825 1271 2852 me
1304 2812 1483 2861 felicem,
1529 2813 1565 2853 si
1606 2814 1710 2866 quod
1740 2813 1920 2854 Maestli

179 2871 282 2911 idem
313 2878 354 2911 et
385 2873 561 2925 Tychoni
592 2873 801 2921 videbitur,
836 2872 975 2924 quibus
1007 2885 1080 2924 ego
1114 2872 1263 2912 duobus
1291 2873 1651 2923 propugnatoribus
1675 2885 1751 2912 non
1779 2871 1933 2913 dubita

179 2931 301 2971 totius
345 2932 451 2971 orbis
488 2931 574 2982 jam
618 2932 817 2972 excitatas
857 2931 1143 2972 insectationes
1175 2931 1266 2971 forti
1299 2929 1428 2970 animo
1461 2931 1672 2985 sustinere,
1735 2931 1805 2972 Sin
1836 2945 1887 2972 au
1916 2948 1921 2964 ε

180 2990 220 3030 id
250 2995 485 3030 consecutus
518 2991 639 3039 fuero,
671 2997 716 3031 ut
747 3003 846 3044 quae
878 2991 1013 3032 insunt
1042 2990 1212 3038 infirma,
1245 2988 1383 3041 inepta
1413 2994 1455 3029 et
1484 2991 1672 3042 puerilia,
1711 2989 1845 3044 qualia
1883 3007 1903 3026 ιι
1925 2995 1929 3009 ³

180 3060 251 3101 per
282 3054 454 3088 aetatem
485 3050 611 3089 multa
642 3050 894 3097 exciderunt,
926 3063 1093 3091 censura
1122 3048 1292 3088 volueris
1323 3053 1488 3098 notare,
1522 3063 1571 3089 an
1604 3063 1683 3102 ego
1707 3063 1786 3090 non
1816 3056 1918 3090 rurs

182 3106 404 3160 hujusmodi
435 3108 781 3159 reprehensionem
806 3109 929 3150 totius
949 3108 1094 3157 mundi,
1128 3106 1161 3147 si
1180 3112 1302 3155 esset,
1334 3108 1515 3148 assensui
1532 3108 1786 3162 praeferam?
1816 3107 1948 3162 Exe=4
