2028 3242
757 60 799 94 de
821 60 919 94 robus
942 60 1157 104 analogicis.
1770 58 1857 103 385

63 166 249 215 effectus,
272 165 442 207 tristitia
459 165 613 214 cordis;
646 171 688 206 et
706 172 836 207 metus
855 172 932 216 est,
965 179 1014 208 ne
1033 166 1244 207 adolescat-
1263 166 1334 206 illa
1352 166 1391 206 iu
1410 166 1664 211 crocodilum.
1729 165 1859 206 Deum

64 237 201 274 exora,
231 229 277 265 ut
306 230 347 265 te
378 229 540 265 tueatur
571 225 622 265 ab
653 225 808 266 artibus
838 224 1033 274 Satanae,
1065 224 1133 277 qui
1161 224 1320 265 vitiosis
1350 224 1578 266 humoribus
1609 225 1715 265 solet
1746 224 1859 265 abuti

65 286 109 329 et
137 282 366 336 huiusmodi
396 282 592 324 bestiolas
623 284 772 333 fovere,
803 283 841 324 si
870 284 974 325 forte
1003 295 1077 336 per
1105 295 1176 324 eas
1207 282 1386 324 taedium
1405 283 1512 324 vitae
1542 283 1741 324 instillare
1758 295 1859 335 pos-

60 341 118 383 sit
138 341 205 395 pio
235 347 279 382 et
308 342 461 383 afflicto
491 342 655 383 homiui.
715 342 845 390 Scito,
876 343 1047 383 eandem
1075 341 1304 389 bestiolam,
1335 342 1378 382 id
1408 347 1475 382 est
1506 342 1689 382 rosiones
1719 341 1859 383 orificii

63 399 274 441 ventriculi
316 405 359 440 et
387 413 452 441 me
483 401 617 442 fovere
642 401 837 454 jejunum,
868 414 968 453 quas
986 401 1127 443 crebro
1160 400 1276 453 ejicio
1307 400 1540 441 eructando.
1601 399 1702 441 Sum
1725 406 1860 442 autem

65 463 110 501 et
139 471 215 512 ego
246 459 572 501 melancholicus.
633 459 855 513 Coujugem
879 459 985 501 iuter
1013 464 1130 501 astra
1157 472 1237 500 nou
1267 459 1447 500 invenies
1459 471 1472 507 ;
1504 459 1630 499 Terra
1653 459 1762 512 parit
1782 459 1858 500 hoc

62 530 191 571 genus
220 517 418 559 animalis.
477 519 658 559 Fortuna
687 519 845 571 generis
876 525 942 560 est
970 519 1223 560 vocabulum.
1283 518 1363 559 Illa
1390 517 1633 559 naturaliter
1672 531 1750 558 non
1779 518 1859 559 nisi

63 576 191 618 tribus
221 577 284 619 his
315 576 482 619 vinculis
513 591 539 617 a
569 578 682 618 coelo
714 584 778 618 est
811 590 936 618 nexa:
970 577 1119 626 animi,
1162 577 1342 630 corporis
1373 577 1554 630 gratioso
1585 576 1743 625 habitu,
1783 589 1859 629 quo

67 635 318 677 fascinentur
345 634 395 683 ii,
436 647 559 688 penes
591 648 690 688 quos
722 642 787 676 est
814 642 1000 689 potestas
1036 636 1254 689 ampliandi
1283 642 1395 678 tuam
1426 637 1647 683 fortunam,
1691 635 1858 687 denique

62 694 181 747 genio
218 694 397 735 tutelari.
458 693 515 734 Et
552 695 646 747 quia
684 695 840 736 animus
872 695 945 736 tibi
975 695 1215 737 naturaliter
1254 701 1319 736 est
1354 694 1582 744 subtristis,
1627 699 1859 735 contemnes

63 752 198 793 omnia
220 752 355 793 media
385 753 569 794 fortunae
601 752 919 811 amplificandae,
952 767 1054 807 quae
1085 754 1156 795 alii
1184 754 1358 807 probant
1387 758 1429 795 et
1448 757 1746 794 consectantur.
1794 753 1858 793 De

62 811 204 852 habitu
235 811 413 865 corporis
437 811 523 864 ipse
549 812 702 865 judica.
766 813 813 855 Si
853 826 1024 866 namque
1055 826 1118 854 me
1143 826 1222 854 uon
1253 826 1298 853 es
1329 812 1597 864 corpulentior
1627 818 1670 853 et
1699 812 1861 865 gravior

63 871 189 920 vultu,
219 883 421 924 nunquam
451 871 524 911 fies
555 867 706 912 consul.
769 873 814 912 In
846 885 993 924 genere
1025 885 1136 913 erras
1167 885 1256 912 cum
1286 872 1462 912 maxima
1479 871 1687 912 doctorum
1718 871 1859 912 multi-

64 929 215 979 tudine,
246 929 495 979 existimans,
527 943 554 970 a
582 931 695 971 coelo
727 931 848 972 fluere
880 944 1011 971 rerum
1043 937 1224 972 eventus.
1285 931 1392 972 Illud
1420 942 1517 971 vero
1548 930 1668 982 plane
1698 935 1861 982 praeter

65 988 195 1029 lucem
224 988 278 1028 ad
308 1001 382 1029 nos
411 988 511 1028 nihil
541 989 738 1038 demittit;
781 989 915 1031 anima
945 991 1037 1038 (seu
1067 990 1201 1042 potius
1231 990 1337 1038 vita)
1368 995 1453 1039 est,
1497 1001 1620 1041 quae,
1663 994 1856 1030 nascente

64 1046 235 1097 homim,
265 1046 397 1088 influit
426 1046 466 1087 in
498 1047 601 1088 hauc
632 1048 747 1101 quasi
778 1049 945 1090 formam
976 1049 1179 1090 radiorum
1209 1049 1452 1098 sideralium,
1484 1048 1544 1089 sic
1573 1048 1639 1088 vel
1670 1048 1728 1088 sic
1759 1059 1859 1088 con-

62 1105 325 1159 figuratorum
370 1105 411 1146 in
451 1112 598 1158 puncto
635 1108 842 1148 nascentis
884 1108 1068 1149 hominis.
1130 1107 1176 1148 Si
1213 1107 1473 1160 configuratio
1515 1111 1581 1147 est
1615 1106 1859 1154 harmonica,

60 1164 271 1218 pulchram
301 1164 469 1205 formam
499 1165 748 1206 nanciscitur
778 1167 935 1207 animus
965 1167 1031 1210 vel
1062 1167 1247 1208 animalis
1281 1167 1470 1215 facultas,
1502 1178 1669 1219 eamque
1694 1165 1858 1212 retinet,

63 1236 183 1277 quam
213 1223 281 1264 diu
311 1229 377 1264 est
405 1223 446 1264 in
479 1237 659 1277 corpore,
690 1225 864 1266 fabricat
893 1225 1016 1278 igitur
1034 1231 1076 1266 et
1094 1226 1302 1278 pulchrum
1327 1225 1403 1266 sibi
1429 1224 1682 1274 domicilium,
1715 1225 1861 1277 figurat

59 1281 224 1332 vultum,
256 1286 304 1322 ut
332 1295 458 1323 causa
487 1283 708 1335 adjuvaus3
740 1284 881 1337 quibus
913 1284 1066 1325 duobus
1087 1285 1225 1325 fulcris
1246 1284 1327 1324 dixi
1354 1283 1428 1324 niti
1451 1284 1623 1325 hominis
1643 1284 1857 1332 fortunam,

62 1341 172 1394 quod
199 1341 457 1395 praecipuam
486 1342 575 1394 ejus
606 1342 875 1383 conditionem
915 1343 1078 1384 attinet.
1138 1344 1245 1384 Nam
1281 1350 1449 1383 eventus
1491 1342 1775 1395 particulares,
1819 1342 1860 1381 iu

64 1399 210 1453 quibus
240 1398 315 1440 illa
343 1400 566 1441 consistere
597 1402 768 1451 videtur,
802 1408 896 1442 sunt
925 1402 964 1442 in
995 1407 1200 1455 potestate
1231 1402 1328 1450 Dei,
1372 1408 1414 1442 et
1454 1402 1542 1454 ejus
1586 1401 1785 1455 permissu
1820 1401 1859 1440 in

61 1463 271 1512 potestate
301 1459 408 1512 genii
438 1460 637 1506 tutelaris,
670 1465 712 1501 et
742 1460 932 1501 divinitus
964 1462 1247 1513 gubernantur.
1309 1461 1479 1501 Animus
1508 1473 1623 1508 vero,
1653 1465 1773 1512 prout
1796 1465 1861 1499 est

65 1522 339 1571 comparatus,
370 1517 431 1558 ita
460 1518 511 1559 iis
543 1518 656 1560 novit
685 1519 756 1568 uti,
790 1526 832 1560 et
864 1521 968 1572 quod
997 1520 1102 1560 male
1134 1519 1292 1569 cecidit,
1324 1520 1463 1569 lenire,
1495 1525 1566 1559 aut
1603 1520 1726 1559 etiam
1757 1519 1861 1572 quod

67 1576 175 1617 bene
203 1576 364 1627 cecidit,
397 1589 518 1630 aegre
549 1578 758 1630 accipere,
804 1578 937 1631 inique
967 1580 1162 1627 tolerare,
1194 1584 1237 1619 et
1267 1579 1326 1619 sic
1357 1591 1471 1619 suam
1501 1578 1593 1618 inde
1624 1578 1701 1618 sibi
1732 1578 1859 1618 fabri-

65 1647 160 1676 care
187 1635 399 1677 fortunam.
462 1634 636 1677 Genesis
672 1642 747 1677 tua*
773 1637 932 1677 videtur
968 1638 1041 1678 tibi
1072 1651 1123 1678 ex
1152 1638 1325 1691 quadam
1355 1637 1490 1690 gratia
1518 1637 1653 1677 vultus
1697 1642 1740 1676 et
1770 1649 1859 1677 mo-

65 1706 166 1742 rum,
197 1699 270 1735 aut
298 1699 408 1735 certe
440 1707 492 1735 ex
521 1696 866 1736 commiseratione
899 1702 941 1737 et
970 1697 1267 1738 existimatione
1286 1696 1451 1749 pietatis
1482 1695 1662 1748 polliceri
1683 1696 1861 1735 favorem

63 1752 279 1801 huminum,
310 1752 353 1793 id
383 1758 450 1794 est
475 1753 686 1806 pulchram
718 1755 941 1804 fortunam3
973 1756 1078 1809 quia,
1110 1761 1155 1796 ut
1173 1756 1277 1796 male
1309 1756 1487 1796 habeant
1517 1754 1654 1803 ceteri,
1687 1759 1732 1794 at
1751 1759 1860 1794 certe

1 1810 7 1811 ⁷
59 1810 220 1864 Jupiter
249 1810 291 1852 in
320 1806 452 1852 medio
483 1813 586 1853 coeli
616 1818 714 1862 stat,
748 1820 939 1867 quantum
969 1827 1019 1855 ea
1049 1814 1126 1864 die,
1159 1815 1237 1855 imo
1269 1827 1316 1855 eo
1338 1827 1454 1862 anun,
1485 1813 1705 1867 pervadere
1730 1813 1862 1866 potuit

0 1905 2 1907 .
65 1870 310 1920 altissimus3
340 1884 435 1911 nam
465 1872 740 1924 capricornum
770 1885 818 1913 eo
851 1886 954 1914 anno
985 1874 1132 1923 tenuit,
1178 1874 1335 1926 siguum
1366 1873 1642 1914 humillimum.
1705 1872 1860 1925 Estque

0 1937 2 1981 ᾗ
61 1929 331 1982 configuratus
361 1930 514 1985 Veneri
545 1930 765 1984 triangulos
803 1932 1006 1973 invenient
1037 1932 1159 1985 igitur
1188 1933 1228 1972 in
1260 1938 1301 1973 te
1334 1932 1504 1972 feminae
1543 1931 1648 1984 quod
1683 1931 1876 1988 placeat,-

0 1984 3 2031 ἶ
61 1988 166 2029 unde
197 1988 386 2041 conjicio,
429 1989 578 2030 habere
620 1995 662 2031 te
697 2003 818 2042 posse
862 1992 1036 2044 aliquam
1073 1992 1276 2044 optionem
1312 1991 1418 2032 inter
1450 1992 1578 2031 lectas
1609 1989 1786 2042 virgines
1817 1995 1860 2029 et

61 2051 281 2097 mstronns,
313 2047 449 2100 itaque
479 2049 671 2101 possibile
703 2062 807 2099 esse,
839 2056 885 2091 ut
915 2051 1014 2091 felix
1043 2051 1290 2092 nanciscaris
1322 2050 1560 2103 conjugium.
1621 2050 1682 2089 At
1719 2054 1860 2089 contra

62 2104 137 2146 Sol
165 2105 293 2147 habet
321 2105 541 2148 Saturnum
573 2114 871 2149 antecessorem
902 2109 943 2149 in
964 2109 1098 2150 sextili
1116 2110 1275 2159 Martis,
1308 2110 1412 2150 unde
1437 2108 1621 2161 conjicio,
1653 2113 1695 2148 te
1714 2108 1859 2147 nemini

61 2163 193 2205 minus
216 2164 392 2216 placere,
424 2178 542 2217 quam
561 2166 635 2206 tibi
653 2166 742 2219 ipsi,
776 2168 880 2207 uude
900 2169 1110 2217 timiditas,
1144 2169 1277 2208 vultus
1297 2167 1497 2216 demissio,
1530 2172 1575 2207 ut
1595 2179 1673 2207 non
1693 2167 1857 2214 audeas,

62 2222 157 2272 etsi,
188 2223 345 2276 quando
376 2223 520 2273 audes,
550 2225 719 2265 tristitia
750 2226 907 2266 oculum
936 2232 1103 2266 naturae
1136 2227 1386 2276 occaecavit,
1430 2231 1474 2267 ut
1503 2226 1716 2278 genuinam
1748 2230 1859 2265 tuam

62 2294 146 2322 non
175 2290 389 2334 agnoscas,
420 2282 461 2322 in
491 2295 664 2334 persona
695 2295 823 2324 erres:
857 2285 961 2336 quod
991 2286 1026 2324 si
1051 2286 1176 2325 semel
1194 2285 1396 2337 repulsam
1413 2285 1584 2337 patiaris
1617 2284 1742 2335 (quod
1767 2284 1859 2323 novi

62 2339 163 2383 nihil
190 2340 327 2390 habet,
359 2340 438 2380 nisi
469 2346 666 2393 quatenus
696 2343 982 2383 melancholico
1013 2343 1074 2382 ita
1091 2344 1292 2391 videtur),
1315 2344 1403 2395 jam
1429 2355 1547 2395 porro
1566 2342 1742 2382 timidior
1762 2342 1856 2381 red-

65 2398 186 2449 ditus,
218 2399 454 2452 desperabis
486 2400 702 2440 secundam
731 2401 986 2453 interpellare
1017 2403 1136 2454 paulo
1168 2402 1447 2454 splendidioris
1474 2402 1670 2442 fortunae.
1732 2401 1858 2456 Atqui

27 2466 36 2478 ·
61 2457 282 2507 laxandum
312 2463 377 2498 est
405 2463 492 2499 rete
522 2458 668 2498 iterum
699 2465 820 2511 atque
849 2460 1006 2508 iterum,
1040 2461 1119 2500 etsi
1137 2473 1217 2500 una
1234 2465 1351 2500 nocte
1378 2460 1476 2501 nihil
1497 2459 1671 2511 ceperis:
1705 2459 1859 2498 animus

31 2515 35 2517 “
61 2517 322 2567 attollendus,
353 2517 556 2557 exuendus
587 2523 810 2558 contemtus
840 2519 909 2566 tui,
945 2519 1037 2571 quia
1067 2519 1103 2559 is
1134 2519 1304 2559 vitiosus
1334 2519 1374 2558 iu
1406 2524 1447 2558 te
1479 2524 1555 2565 est,
1585 2518 1704 2569 idque
1735 2517 1775 2557 in
1796 2517 1858 2556 his

30 2618 33 2619 γ
64 2575 266 2624 exter-nim
304 2589 399 2616 nam
429 2576 478 2616 de
510 2576 667 2617 actione
705 2590 792 2617 cum
822 2577 910 2617 Deo
942 2578 1028 2630 jam
1065 2590 1142 2617 non
1181 2579 1332 2630 loquor.
1394 2577 1581 2629 Inprimis
1624 2576 1855 2624 cavendum,

65 2647 116 2676 ne
146 2639 189 2676 te
219 2647 332 2675 amor
362 2640 563 2684 occaecet‚
596 2635 663 2688 qui
696 2636 800 2675 solet
830 2649 920 2676 esse
951 2636 990 2676 in
1022 2636 1320 2676 melancholicis
1352 2636 1522 2681 delirus,
1556 2640 1597 2674 et
1629 2635 1694 2687 qui
1726 2634 1858 2674 sobrio

51 2691 211 2744 ¹,iudicio
240 2694 290 2734 de
321 2693 506 2745 personis
538 2699 581 2733 et
613 2694 907 2734 conditionibus
945 2696 1227 2738 consectandis
1277 2699 1319 2735 et
1349 2695 1508 2747 optione
1550 2694 1735 2733 habenda
1765 2693 1857 2745 plu-

63 2750 204 2808 rimmn
231 2758 392 2793 noceat.
455 2751 538 2792 Sed
567 2752 696 2801 video,
730 2758 885 2805 tempus
917 2753 1063 2801 abisse,
1097 2766 1172 2805 quo
1205 2754 1308 2794 solet
1340 2767 1449 2793 amor
1474 2765 1629 2792 nocere.
1692 2751 1859 2792 Interim

64 2809 223 2851 sextilis
252 2808 280 2861 5
312 2815 356 2851 et
384 2816 438 2859 ό,
473 2808 526 2861 Θ
559 2824 647 2851 cum
678 2809 706 2863 5
738 2812 916 2852 laborem
947 2817 989 2852 et
1019 2811 1270 2863 diligentiam
1294 2818 1449 2861 notant,
1482 2824 1583 2863 quae
1603 2816 1698 2851 sunt
1727 2811 1859 2851 media

52 2867 121 2921 ,ad
149 2868 332 2910 fortunae
363 2869 559 2921 quendam
591 2883 831 2910 successum.
892 2871 928 2917 3)
962 2870 1015 2910 ad
1033 2867 1060 2920 ij
1093 2871 1227 2911 veniet
1257 2871 1405 2911 aetatis
1430 2867 1500 2911 56.
1527 2869 1697 2918 circiter,
1732 2867 1786 2919 Θ
1806 2870 1859 2909 ad

63 2913 165 2972 136
193 2927 343 2968 aetatis
373 2925 466 2976 21„
496 2929 549 2968 ad
581 2933 618 2973 >k
637 2926 664 2979 b
697 2934 739 2969 et
768 2932 816 2974 Δ
842 2934 875 2975 d
907 2929 1000 2969 anni
1025 2926 1094 2969 51.
1128 2928 1208 2978 533
1240 2930 1461 2970 ascendens
1492 2929 1544 2968 ad
1563 2924 1611 2970 [l
1633 2933 1667 2974 d
1692 2941 1795 2969 anno
1815 2925 1857 2975 8,

54 2983 121 3042 *nd
147 2983 241 3038 AB
272 2991 316 3027 et
345 2990 383 3031 >k
402 2991 436 3032 d
466 2999 502 3027 c.
536 2985 606 3029 29.
639 2985 696 3028 30
728 2988 890 3028 aetatis.
952 2986 1036 3028 Sed
1065 2987 1128 3027 hic
1168 2989 1291 3029 horae
1323 2988 1523 3040 quadrans
1555 2987 1699 3027 vitiose
1735 3000 1855 3040 prae-

54 3042 215 3095 ,neritus
244 3040 275 3084 4
304 3057 430 3085 annos
461 3046 597 3086 efficit.
657 3046 713 3086 Hi
744 3048 906 3087 fuerunt
932 3046 1025 3087 anni
1043 3046 1385 3099 periculosissimi.
1449 3046 1591 3100 Spero,
1623 3046 1665 3087 in
1684 3059 1857 3100 sequen-

135 3109 253 3145 ¹=1²¹⁸i
269 3113 361 3145 ΟΜ-
377 3113 400 3140 1·
1532 3115 1577 3149 25
