2028 3242
123 111 207 154 254
853 111 1015 154 Apologia
1041 111 1205 152 Tychonis

123 218 258 258 Solem
289 216 468 268 proxime
489 228 607 268 super
626 214 783 256 L'unam
803 217 977 257 infimam
998 217 1218 267 collocarit,
1239 216 1358 269 idque
1379 217 1430 257 ab
1450 229 1497 257 eo
1518 221 1564 258 ut
1581 221 1718 257 cetera
1729 217 1940 258 Aristot'e-

123 279 182 317 les
213 275 405 316 hauserit.
470 276 557 315 Hoc
577 281 699 327 pacto
732 276 765 316 si
787 277 950 317 schema
977 277 1157 329 superius
1184 277 1256 316 fiat
1286 276 1443 317 theoria
1463 275 1584 325 Solis,
1617 275 1796 316 manebit
1825 275 1942 329 primi

123 335 259 376 circuli
292 335 388 375 ILK
421 335 523 374 situs
556 341 598 374 et
629 341 771 384 motus,
808 336 1004 376 secundus
1025 334 1145 382 NOQ
1171 341 1282 376 motu
1311 336 1465 376 carebit
1496 336 1592 377 fere.
1632 334 1816 376 ‘Tertius
1833 334 1942 376 RST

124 395 258 436 Solem
290 394 412 434 vehet
443 399 485 433 et
517 407 646 435 annuo
680 395 812 447 spatio
847 397 896 435 ad
928 395 1033 435 idem
1062 395 1178 447 primi
1216 396 1281 435 vel
1309 394 1463 436 zodiaci
1481 400 1672 447 punctum
1691 393 1940 435 restituetur.

242 453 435 500 Quamvis
482 466 558 493 non
597 454 828 506 negaverim
871 454 954 494 fieri
986 454 1185 507 potuisse,
1230 461 1274 494 ut
1311 467 1399 494 cum
1429 454 1623 495 Eudoxus
1660 453 1700 493 in
1738 452 1834 494 Sole
1868 454 1940 493 de-

125 514 295 554 linearet
333 514 510 553 colurum
549 513 836 564 solstitiorum,
876 514 915 554 in
949 527 1024 567 quo
1065 515 1363 554 demonstraret
1400 514 1615 555 maximam
1647 512 1731 565 ejus
1763 512 1942 552 declina-

122 575 284 622 tionem,
326 572 573 613 Aristoteles
607 585 695 612 eum
728 574 904 614 colurum
929 586 1001 626 pro
1035 573 1209 626 sphaera
1228 573 1366 614 mobili
1392 577 1588 614 censeret.
1654 570 1737 612 Sed
1757 582 1831 612 nec
1856 584 1944 612 eam

124 633 393 685 conjecturam
426 631 653 683 rejicerem,
695 644 811 684 quam
843 632 1093 673 Fracastorii
1130 633 1253 672 verba
1286 633 1564 686 suppeditant,
1595 643 1684 671 cum
1717 630 1796 671 ait:
1841 630 1945 680 „Sol

126 705 218 733 vero
250 691 291 732 in
324 691 501 732 maxima
535 704 609 731 sua
641 691 907 732 declinatione
940 692 1152 732 videbatur
1172 705 1273 732 nunc
1292 693 1423 745 magis
1457 691 1508 732 ab
1530 695 1746 744 aequatore
1779 690 1946 738 distare,

125 765 226 792 nunc
257 751 430 791 minus.“
491 749 683 790 Eudoxus
721 752 858 803 itaque
891 764 962 791 seu
994 750 1318 792 observationum
1352 749 1628 792 solstitialium
1664 749 1764 790 vitio
1797 754 1839 790 et
1868 761 1945 789 va-

124 811 284 858 rietate,
319 823 388 849 seu
423 814 603 850 veterum
636 811 683 850 de
717 809 954 863 obliquitate
986 810 1139 850 zodiaci
1171 810 1456 852 traditionibus
1490 812 1627 859 (erant
1646 809 1751 849 enim
1771 807 1944 861 diligen-

125 876 188 910 tes
231 870 271 910 in
316 870 391 909 hoc
435 868 668 921 inquirendo
707 875 873 922 propter
915 868 1202 924 Olympiadum
1246 869 1382 919 initia)
1424 882 1512 910 cum
1551 881 1625 908 sua
1665 867 1946 908 observatione

126 929 302 978 collatis,
349 941 418 967 seu
452 927 649 980 suspicari
684 931 763 969 ‘seu
802 942 894 969 vere
936 929 1232 981 deprehendere
1277 930 1410 982 potuit
1447 927 1726 969 diversitatem
1772 925 1948 980 aliquam

127 987 407 1029 declinationis
441 984 689 1036 solstitialis,
731 988 792 1028 cui
827 988 1060 1028 efficiendae
1089 987 1225 1029 Solem
1266 989 1304 1029 in
1347 987 1572 1029 latitudinis
1611 985 1760 1027 circulo
1793 985 1947 1026 consti-

126 1048 281 1088 tuebat.
345 1047 405 1086 De
439 1046 607 1098 Iphito
641 1047 800 1100 quidem
833 1048 1053 1088 communis
1086 1052 1151 1087 est
1190 1049 1324 1098 fama,
1365 1060 1531 1089 causam
1562 1046 1622 1086 illi
1654 1044 1779 1085 fuisse
1811 1049 1947 1086 astro-

126 1107 323 1147 nomicam
355 1105 690 1146 instituendarum
722 1105 1018 1160 Olympiadum.
1047 1103 1100 1155 ¹¹)
1164 1108 1220 1148 Et
1239 1108 1329 1160 ipsa
1350 1109 1478 1148 forma
1503 1105 1596 1146 anui
1615 1104 1722 1145 illius
1751 1104 1948 1152 clamitat,

127 1172 263 1207 notam
309 1165 431 1205 fuisse
466 1165 597 1217 Iphito
629 1166 829 1206 rationem
861 1166 1026 1206 solstitii
1066 1166 1245 1220 adeoque
1279 1165 1562 1207 declinationis
1593 1163 1793 1204 maximae
1825 1162 1947 1211 Solis,

127 1231 172 1266 ut
204 1226 269 1280 qui
301 1238 447 1264 annum
480 1225 529 1264 ab
563 1238 609 1264 eo
641 1225 859 1277 plenilunio
891 1225 1123 1277 incipiebat,
1160 1226 1264 1279 quod
1284 1227 1463 1279 proxime
1496 1223 1714 1265 solstitium
1747 1223 1948 1283 sequeba-

127 1291 204 1325 tur.
268 1285 333 1325 Ab
373 1297 419 1324 eo
452 1297 545 1323 vero
580 1285 630 1324 ad
662 1285 873 1325 Eudoxum
904 1291 999 1325 sunt
1031 1285 1122 1324 anni
1154 1284 1255 1327 400.
1319 1284 1582 1340 VidQetiam
1639 1294 1715 1323 uae
1929 1292 1950 1321 e

129 1344 311 1393 Thalete,
345 1343 411 1396 qui
443 1343 596 1383 medius
631 1344 705 1384 fuit
736 1345 841 1400 inter
872 1339 1049 1399 Iphitum
1082 1349 1123 1384 et
1153 1346 1383 1399 Eudoxum,
1416 1334 1961 1399 itemjwdefflLjustan

129 1403 228 1444 simo
261 1416 311 1443 ex
343 1403 508 1442 Laertio
541 1403 766 1448 retulimus

247 1463 535 1512 „Planetarum
568 1475 662 1503 vero
695 1463 863 1503 aliorum
895 1462 1084 1515 cujusque
1117 1463 1157 1503 in
1177 1460 1206 1504 4
1231 1463 1427 1515 sphaeris,
1463 1472 1629 1515 quarum
1648 1459 1778 1512 prima
1809 1464 1852 1499 et
1880 1471 1948 1500 se-

130 1522 260 1562 cunda
292 1522 431 1561 eadem
465 1526 547 1568 est,
587 1535 688 1575 quae
721 1528 763 1562 et
794 1523 998 1570 merram,
1043 1522 1175 1562 ferens
1208 1535 1368 1572 omnes,
1411 1527 1452 1563 et
1483 1532 1586 1574 quae
1624 1519 1698 1560 sub
1731 1532 1780 1559 ea
1817 1517 1954 1571 posita

130 1586 195 1621 est
238 1594 338 1635 quae
385 1593 457 1632 per
488 1581 660 1622 medium
692 1582 846 1622 zodiaci
880 1586 1031 1621 motum
1063 1581 1206 1630 habet,
1248 1594 1494 1622 communem
1526 1578 1762 1627 omnibus,“
1802 1577 1954 1618 habere

130 1654 264 1681 omnes
296 1641 483 1692 planetas
516 1654 637 1681 unum
669 1642 816 1689 orbem,
852 1641 917 1693 qui
951 1641 1164 1692 sphaeram
1197 1641 1457 1682 inerrantium
1492 1640 1532 1680 in
1553 1643 1664 1678 motu
1695 1642 1738 1677 et
1763 1636 1846 1677 situ
1877 1637 1951 1678 ob-

131 1705 289 1741 servet:
331 1700 451 1739 alium
493 1700 611 1750 item,
655 1701 720 1753 qui
762 1701 833 1740 sub
873 1699 1038 1740 zodiaco
1071 1706 1255 1741 movetur
1299 1702 1338 1741 in
1373 1698 1616 1742 contrarium
1653 1696 1781 1749 primo
1821 1700 1864 1736 et
1903 1708 1953 1736 ex

131 1760 305 1812 obliquo.
371 1759 411 1798 Is
439 1758 516 1798 fuit
547 1772 671 1811 supra
695 1758 827 1808 NOQ
863 1772 982 1812 super
1013 1760 1116 1811 polis
1147 1759 1207 1809 N,
1242 1759 1278 1800 Ο
1310 1761 1514 1802 incedens.
1578 1755 1660 1797 Sed
1692 1755 1756 1796 hic
1781 1755 1864 1796 alia
1888 1755 1952 1808 ip-
