2028 3242
126 76 213 124 294
921 74 1138 109 Prooemium.

127 182 362 230 schematis,
403 180 553 221 additis
573 180 764 232 gradibus
797 179 1021 232 eclipticae,
1055 179 1121 232 qui
1153 178 1205 218 ad
1230 179 1372 220 domus
1402 179 1618 230 pertinent,
1651 184 1692 220 et
1722 179 1814 220 loca
1843 179 1932 232 pla-

127 247 307 284 netarum
335 241 385 280 ad
405 241 444 280 d.
475 237 542 280 14.
565 239 679 291 Sept.
697 237 836 282 1583.

246 300 441 339 Themate
476 298 533 338 sic
563 303 808 350 praeparato
841 297 1112 336 inscribuntur
1144 296 1236 336 loca
1254 295 1509 346 planetarum
1536 300 1579 335 et
1597 295 1706 337 Solis
1727 309 1776 336 ex
1795 297 1934 349 Ephe-

127 358 343 400 meridibus
375 358 560 397 desumta
590 356 816 408 triangulis,
849 356 991 395 iisdem
1020 355 1161 407 signis,
1197 354 1339 405 quibus
1371 354 1470 394 haec
1499 355 1587 394 loca
1606 355 1815 408 eclipticae
1849 355 1935 407 sig-

128 423 292 465 nantur,
327 416 493 464 notatis,
528 428 600 455 nec
632 428 709 455 non
745 416 832 455 loca
862 415 1054 454 nodorum
1075 413 1228 454 itineris
1250 413 1388 452 Lunae
1422 420 1463 452 et
1482 414 1720 466 insigniores
1741 414 1936 467 quaedam

127 476 272 516 stellae
304 476 428 523 fixae,
460 475 675 527 praecipue
707 474 821 519 illae,
856 486 955 525 quae
989 473 1027 512 in
1060 473 1158 513 locis
1191 472 1371 511 existunt
1403 472 1687 522 cardinalibus,
1721 473 1785 513 vel
1818 485 1934 525 quum

127 535 316 588 planetae
347 534 428 575 illis
461 534 765 585 conjunguntur.
827 532 1038 572 Distantia
1080 531 1249 583 denique
1283 530 1391 570 Solis
1431 537 1472 571 et
1511 532 1669 577 Lunae,
1714 532 1854 572 addita
1885 532 1935 572 ad

129 594 277 646 gradus
316 592 646 641 „ascendentis‚“
690 591 834 632 dicitur
878 603 1001 642 „Pars
1027 591 1238 630 fortunae“
1273 590 1602 642 convenientique
1638 591 1839 644 triangulo
1871 590 1935 631 in-

129 652 330 694 scribitur.

248 711 362 750 Voce
395 714 628 760 „aspectu
639 708 686 748 s“
720 708 968 760 significatur
1000 706 1196 746 distantia
1215 707 1469 758 planetarum
1487 707 1594 748 inter
1613 721 1703 748 sese
1725 707 1936 748 intervallo

130 767 202 819 0⁰,
237 767 293 810 30
309 766 337 814 ⁰,
371 765 462 810 30⁰
493 769 564 808 &c.
600 765 712 819 (vide
745 780 868 819 supra
887 765 994 813 292)
1026 766 1065 805 in
1093 765 1291 816 ecliptica.
1354 766 1528 806 Nomina
1547 767 1686 807 horum
1706 771 1937 818 aspectuum

129 829 229 871 haec
244 833 355 875 sunt3
407 825 448 874 1)
483 826 720 878 Conjunctio
754 823 855 877 (ΟΧ),
908 825 954 874 2)
988 824 1252 874 Semisextus‚
1310 823 1356 872 3)
1390 824 1698 877 Semiquintilis,
1749 822 1797 874 4)
1829 824 1936 867 Sex-

129 887 214 928 tilis
248 888 347 934 (>l<),
381 884 427 931 5)
462 884 654 931 Quintilis
688 886 790 932 (>2<)‚
825 883 1057 930 Quadratus
1092 883 1200 930 (U),
1244 884 1290 932 7)
1324 883 1671 935 Sesquiquintilis,
1714 883 1761 932 8)
1795 883 1938 926 Trinus

130 958 201 986 seu
215 944 474 996 triangularis
489 944 598 991 (Δ),
620 942 667 991 9)
684 943 1052 995 Sesquiquadratus
1070 944 1136 991 (Β
1153 944 1239 993 ΕΙ),
1279 941 1350 989 10)
1365 941 1732 995 Biquintilisot),
1759 941 1937 996 11)Op-

130 1003 279 1056 positio
301 1004 394 1051 (8).
457 1003 658 1054 Keplerus
691 1016 741 1042 ex
772 1002 834 1042 his
868 1002 1050 1042 undecim
1083 1003 1313 1055 aspectibus
1342 1001 1483 1054 rejecit
1501 1002 1676 1050 tertium,
1709 1003 1936 1054 septimum,

132 1075 290 1111 nonum,
325 1061 440 1114 quasi
471 1061 602 1101 minus
629 1062 891 1111 ‚‚efficaces‚“
924 1073 1162 1113 quamquam
1183 1061 1354 1101 chordae
1375 1060 1555 1100 sectione
1575 1061 1807 1102 harmonica
1827 1073 1937 1101 com-

131 1122 354 1168 mendatos,
383 1121 625 1172 retinuitque
658 1126 815 1161 tantum
849 1119 875 1160 8
907 1121 1095 1172 reliquos.

250 1179 371 1220 Locis
413 1180 690 1231 planetarum,
737 1179 909 1222 themati
950 1179 1059 1219 dicta
1098 1179 1253 1220 ratione
1285 1177 1509 1230 inscriptis,
1555 1177 1658 1219 inter
1688 1191 1733 1219 se
1770 1179 1941 1233 invicem

131 1239 376 1291 comparatis
408 1236 606 1290 prodeunt
636 1239 676 1278 hi
697 1244 886 1290 aspectus
919 1245 959 1278 et
981 1252 1031 1278 ex
1056 1239 1118 1279 his
1145 1238 1315 1278 efficitur
1336 1237 1694 1289 „prognosticum“
1724 1239 1940 1279 secundum

132 1299 294 1350 regulas
327 1298 621 1349 astrologorum
655 1298 895 1349 multiplices
929 1302 970 1337 et
989 1303 1173 1338 naturam
1193 1298 1457 1349 planetarum,
1493 1309 1610 1349 qnam
1631 1297 1802 1348 singulis
1821 1297 1942 1338 aliam

132 1357 375 1398 tribuebant.
452 1357 562 1396 Inter
606 1357 681 1396 has
726 1357 888 1408 regulas
942 1356 1200 1409 praecipuam
1250 1355 1330 1396 vim
1374 1355 1580 1395 habebant
1625 1356 1943 1405 ‚‚directiones,“

134 1415 476 1468 „profectiones,“
509 1416 776 1464 „transitus‚“
809 1416 1056 1467 ,‚aphetae‚“
1091 1410 1231 1455 omnes
1265 1414 1411 1454 similia
1443 1414 1728 1466 significantes.

253 1474 481 1524 „Directio‚
515 1474 643 1526 inquit
675 1473 901 1525 Origanns‚
935 1480 999 1514 est
1030 1475 1094 1515 vel
1127 1474 1204 1514 loci
1235 1473 1401 1518 zodiaci,
1434 1474 1499 1513 vel
1530 1473 1721 1524 planetae
1751 1473 1941 1514 thematis

133 1533 309 1573 natalitii
341 1533 390 1572 ad
424 1533 634 1573 obviantes
667 1533 706 1572 in
739 1546 856 1573 cursu
886 1534 1074 1585 planetas
1106 1533 1173 1573 vel
1205 1533 1353 1577 radios,
1387 1545 1458 1584 per
1489 1537 1627 1584 partes
1661 1532 1940 1585 aequinoctia-

134 1592 184 1632 lis
225 1591 362 1632 circuli
403 1591 442 1631 in
488 1592 585 1631 data
630 1592 826 1644 sphaerae
865 1593 1099 1633 habitudine
1141 1591 1360 1640 artificiosa
1398 1590 1597 1632 deductio.
1656 1591 1743 1631 Seu
1783 1596 1847 1632 est
1878 1592 1942 1631 in-

133 1651 268 1691 ventio
301 1663 417 1690 arcus
452 1651 772 1703 aequinoctialis,
808 1652 871 1703 qui
905 1652 1065 1692 circulis
1096 1651 1340 1707 positionum
1372 1650 1525 1690 duobus
1557 1649 1819 1702 intercipitur,
1852 1655 1942 1691 tra-

130 1710 251 1762 jectis
283 1722 355 1761 per
387 1710 464 1749 duo
499 1710 587 1749 loca
618 1709 787 1755 zodiaci,
819 1722 983 1761 quorum
1012 1724 1131 1751 unum
1157 1709 1505 1762 significator,
1539 1709 1709 1749 alterum
1733 1709 1942 1762 promis·-

137 1781 217 1809 sor
249 1773 420 1820 occupat
452 1773 494 1807 et
526 1767 604 1808 una
636 1781 724 1808 curn
756 1781 851 1809 arcu
883 1769 1094 1821 eclipticae
1125 1769 1188 1808 vel
1212 1769 1395 1808 ascendit
1418 1769 1484 1808 vel
1504 1768 1759 1809 descendit.“
1808 1769 1943 1808 Voces

136 1827 444 1878 „significator“
466 1832 508 1866 et
527 1827 803 1879 „promiss0r“
837 1827 1023 1868 dixerunt
1050 1827 1244 1878 astrologi
1266 1826 1415 1875 Solem,
1448 1827 1618 1875 Lunam,
1638 1828 1836 1879 planetas
1857 1827 1944 1872 δια,

137 1885 205 1926 alii
225 1885 332 1924 aliud
354 1891 506 1925 astrum
527 1885 811 1937 intelligentes,
835 1887 938 1937 quod
954 1887 1003 1926 ad
1020 1887 1185 1926 alterius
1201 1888 1332 1926 locum
1351 1885 1609 1937 ,‚dirigatur“
1628 1885 1749 1926 certis
1763 1898 1943 1926 momen-

138 1944 191 1983 tis
211 1944 319 1983 vitae
342 1955 487 1992 eorum,
511 1944 562 1983 ad
583 1957 680 1995 quos
701 1943 773 1989 illa
791 1945 880 1984 loca
904 1946 1192 1985 referebantur.
1238 1945 1425 1996 Aphetae
1447 1943 1635 1994 (ἀφετης,
1655 1945 1761 1996 apud
1781 1944 1943 1985 Arabes

138 2001 286 2049 hilech)
320 2001 449 2040 simile
483 2002 574 2054 quid
609 2002 837 2054 significant
869 2002 973 2055 iique
1006 2008 1098 2043 sunt
1130 2004 1322 2055 quinque:
1355 2003 1528 2043 medium
1556 2002 1668 2050 coeli,
1705 2003 1942 2049 ascendens,

139 2060 277 2100 domus
310 2060 410 2108 VII,
444 2060 523 2109 IX,
557 2061 631 2102 XI.
695 2062 741 2100 In
774 2062 848 2110 his,
882 2062 1012 2113 inquit
1038 2061 1262 2109 Cardanus,
1297 2063 1329 2101 si
1360 2061 1586 2102 inveniatur
1617 2074 1716 2101 unus
1744 2075 1793 2102 ex
1813 2061 1940 2114 signi-

138 2118 368 2158 ficatoribus
403 2118 513 2166 (Sol,
552 2120 710 2167 Luna),
750 2120 826 2160 erit
855 2121 1039 2171 Apheta‚
1085 2121 1124 2160 h.
1159 2134 1192 2161 e.
1228 2121 1406 2161 decernit
1447 2132 1571 2160 annos
1603 2120 1712 2160 vitae
1754 2126 1796 2160 et
1826 2121 1944 2161 robur

139 2178 237 2229 ejus.
304 2176 491 2216 Ceterum
521 2179 656 2228 plures
690 2191 779 2217 esse
810 2185 980 2230 possunt
1006 2180 1177 2230 aphetae
1211 2180 1340 2220 simul.
1403 2179 1660 2220 Ptolemaeus
1687 2180 1769 2228 (De
1789 2179 1940 2220 Astro-

139 2248 225 2275 rum
251 2235 415 2287 judiciis
448 2236 512 2275 vel
545 2235 912 2288 Quadripartitum)
947 2238 1084 2277 definit
1116 2238 1332 2289 „aphetica
1365 2238 1503 2286 loca‚“
1535 2238 1573 2277 in
1607 2238 1747 2290 quibus
1779 2237 1943 2289 reperiri

139 2306 304 2334 necesse
338 2299 401 2334 est
432 2307 532 2343 eum,
568 2296 633 2347 qui
665 2297 764 2336 velit
796 2297 903 2336 vitae
936 2297 1218 2348 gubernandae
1239 2296 1522 2349 jurisdictione
1554 2297 1687 2348 potiri.
1748 2345 1753 2347 ,

255 2353 401 2393 Modus
432 2353 711 2405 ,‚dirigendi,“
744 2355 782 2394 h.
818 2369 852 2395 e.
886 2355 1084 2395 referendi
1117 2356 1196 2395 vim
1227 2357 1481 2408 planetarum
1513 2355 1608 2396 dato
1640 2361 1819 2406 tempore
1851 2366 1942 2394 cer-

137 2411 189 2450 tis
222 2411 320 2451 locis
353 2413 661 2453 constitutorum
702 2414 752 2454 ad
802 2415 891 2454 loca
936 2414 1149 2454 eorundem
1188 2416 1226 2454 in
1260 2414 1419 2466 genesi,
1461 2414 1562 2454 alius
1602 2419 1666 2454 est
1704 2413 1809 2465 apud
1841 2412 1944 2452 alios

139 2470 380 2521 astrologos.
443 2471 699 2512 Ptolemaeus
733 2486 901 2525 eumque
937 2479 1099 2512 secutus
1121 2472 1332 2513 Cardanus
1365 2477 1538 2525 quatuor
1557 2477 1784 2524 proponunt
1813 2471 1943 2512 ratio-

140 2541 224 2568 nes.
289 2527 491 2580 Origanus
528 2530 601 2570 hos
640 2532 827 2583 proponit
865 2532 990 2571 duos:
1043 2531 1084 2579 1)
1120 2531 1377 2584 Significator
1418 2543 1488 2583 per
1529 2535 1666 2582 partes
1711 2529 1943 2582 aequatur-is
2013 2510 2028 2566 .''

140 2587 353 2626 secundum
389 2588 591 2639 signorum
625 2591 919 2630 successionem
951 2590 1178 2638 deducitur,
1222 2591 1346 2630 donec
1385 2589 1554 2629 similem
1593 2589 1630 2629 in
1665 2589 1791 2640 figura
1822 2588 1944 2628 situm

140 2658 224 2684 cum
258 2647 500 2696 promissore
534 2648 739 2696 obtineat;
785 2648 830 2696 2)
866 2649 1122 2699 Significator
1159 2650 1316 2689 inverso
1358 2648 1516 2695 ordine,
1563 2653 1704 2687 contra
1742 2647 1943 2699 signorum

141 2704 436 2744 successionem
468 2705 504 2744 in
539 2707 668 2746 locum
700 2708 956 2758 promissoris
996 2708 1216 2747 deducitur.
1280 2708 1356 2747 Illa
1393 2705 1558 2746 directio
1597 2706 1784 2746 tribuitur
1821 2705 1943 2745 horo-
2006 2702 2010 2707 '

142 2775 284 2813 scope,
324 2763 453 2803 medio
486 2766 606 2813 coeli,
651 2766 821 2816 aphetae
849 2767 887 2805 in
921 2779 1154 2818 quocunque
1187 2767 1273 2806 loco
1306 2765 1524 2804 constituto
1564 2770 1606 2804 et
1636 2764 1818 2804 omnibus
1848 2764 1941 2815 pla.-

143 2821 246 2859 netis
280 2821 431 2861 directo
465 2828 572 2861 motu
605 2823 901 2872 incedentibus,
934 2824 1033 2864 haec
1065 2825 1170 2876 parti
1203 2825 1385 2864 fortunae
1419 2828 1458 2862 et
1484 2823 1657 2874 planetis
1683 2821 1942 2874 retrogradis.

142 2878 337 2928 Dirigitur
376 2892 413 2918 V.
449 2893 481 2919 c.
514 2882 685 2921 medium
723 2883 822 2922 coeli
869 2883 919 2922 ad
958 2896 1071 2922 suum
1109 2883 1391 2934 promissorem
1435 2881 1670 2932 inquirendo
1702 2880 1943 2923 distantiam

144 2936 346 2987 utriusque
379 2937 416 2976 in
452 2946 668 2990 aequatore
702 2941 784 2987 (vel
819 2940 857 2979 in
891 2941 1112 2992 ecliptica).
1178 2940 1358 2986 Quilibet
1388 2939 1536 2991 gradus
1564 2939 1783 2980 distantiae
1816 2938 1944 2990 signi-

143 2994 231 3032 ficat
267 3008 410 3035 annum
443 2998 591 3036 aetatis
604 3011 613 3045 ;
656 2999 824 3051 quinque
857 2998 1010 3038 minuta
1041 3012 1235 3047 mensem,
1269 2999 1388 3038 horas
1426 2996 1490 3039 10.
1525 2995 1618 3046 30’;
1665 3010 1782 3038 unum
1810 2996 1943 3036 minu-

141 3058 223 3090 tum
255 3051 281 3092 6
313 3054 397 3092 dies
430 3053 457 3093 2
489 3055 571 3095 hor.
608 3054 670 3103 6¹3
704 3057 840 3096 decem
872 3058 1046 3097 secunda
1078 3058 1181 3097 diem
1213 3069 1345 3103 unum.
1385 3057 1582 3108 Keplerus
1615 3056 1691 3096 sibi
1723 3057 1808 3111 ipse
1841 3056 1944 3096 hunc
2011 3078 2013 3080 ·
