2028 3242
161 75 177 116 1
191 74 243 118 18
840 78 986 119 Mysterii
1015 78 1279 121 Cosmographici

158 183 232 222 hoc
265 182 425 222 circello
458 182 547 221 dein
583 182 633 222 ad
668 182 834 224 Saturni
876 184 1202 236 amplitudinem,
1251 190 1292 224 et
1329 185 1380 224 ab
1419 185 1494 225 hac
1526 185 1578 225 ad
1609 185 1775 227 fixarum
1806 181 1976 224 inaesti-

157 241 345 281 mabilem
378 240 633 281 altitudinem
667 243 802 282 oculos
835 243 1018 291 intende,
1054 248 1095 282 et
1127 243 1296 295 denique
1329 244 1542 293 conclude,
1583 249 1716 285 utrum
1747 244 1855 284 factu
1886 255 1977 284 cre-

158 300 319 351 dituque
353 299 526 349 facilius,
560 302 793 353 punctulum
827 302 924 341 illud
959 302 1065 342 intra
1090 301 1129 342 A
1155 303 1370 352 circellum,
1405 309 1447 343 et
1478 303 1536 343 sic
1557 303 1756 343 Tellurem
1788 302 1828 342 in
1859 314 1978 342 uuam

156 359 320 411 plagam
351 359 491 408 rotari,
526 373 575 399 an
610 373 703 399 vero
737 365 866 401 totum
898 362 1085 401 mundum
1118 361 1254 402 decem
1277 362 1479 402 distinctis
1499 362 1674 402 motibus
1706 361 1823 414 (quia
1841 361 1978 401 decem

158 418 208 457 ab
241 418 411 457 invicem
443 418 566 459 soluti
599 419 736 468 orbes)
769 420 950 477 {lisanda
965 420 1294 474 rapidigtatewirem
1299 421 1539 476 {212³an
1566 421 1747 474 alteram,
1782 432 1855 461 nec
1876 432 1992 477 quof-

158 489 275 534 quam
307 477 383 535 nisi
417 478 481 529 adr
501 478 598 518 illud
628 480 881 532 punctulum,
916 475 1088 535 (lsselluris
1121 472 1446 535 imagupgulamJ
1479 493 1645 533 eamque
1678 480 1808 535 solam
1835 479 1978 519 immo-

149 533 304 585 bilem,
332 535 554 588 respicere,
577 538 682 590 ,quia
715 543 829 585 extra
861 538 959 578 nihil
993 532 1226 590 esjt'ss‘'“””““'
1479 532 1503 537 ’
1724 531 1782 539 *⁹

792 655 860 721 IN.
885 654 1072 697 CAPUT
1103 655 1340 697 PRIMUM.

862 736 1014 769 NOTAE
1040 736 1278 769 Anci-oms.

262 804 300 849 a)
334 806 500 857 Occurrit
531 806 614 841 huic
634 809 807 853 scrupulo
829 809 1054 854 Copernicus
1075 809 1154 855 ipse
1184 809 1221 844 in
1252 808 1485 854 praefatione
1517 809 1563 843 ad
1582 809 1740 843 Paulum
1758 807 1820 843 111.
1839 807 1977 842 Pontis.

156 859 325 901 Maxim„
360 861 422 894 sed
454 861 566 905 paulo
598 860 853 906 rigidiusoule:
876 862 1192 908 cujusorationis
1214 861 1779 910 ,poenasmfflljijthQQQ-Plus
1799 871 1907 914 guam
1929 861 1977 896 70

155 913 259 947 annis
281 914 328 948 ab
349 913 731 963 editione-fibri-fflill?
743 919 952 965 morte-“sua
980 916 1142 966 elapsisj
1177 927 1260 956 „sus
1290 927 1399 950 ensus
1419 915 1513 950 enim
1534 914 1630 956 est‚“
1669 913 1788 961 inquit
1806 906 1986 965 QAEJ'ET

159 963 295 1006 „donec
314 964 555 1017 corrigaturs‘
589 967 716 1012 opinor
735 962 860 1004 autern
879 961 1512 1015 etiaffi'hoe's‘uh'iiitesigis'ffo'nec
1542 979 1629 1013 exp
1660 980 1698 1002 ic
1710 971 1830 1002 etur.
1881 967 1976 1008 Quo-

157 1020 259 1054 modo
279 1020 374 1054 enim
393 1019 468 1055 non'
484 1017 533 1054 sit
552 1021 758 1066 scripturae
782 1023 1000 1063 contrarius,
1031 1022 1165 1068 quippe
1180 1022 1216 1056 in
1236 1021 1426 1067 proposito
1446 1020 1662 1067 longissime
1681 1020 1836 1062 diverso,
1867 1028 1976 1055 conass

156 1078 214 1107 tus
236 1084 315 1107 sum
335 1075 531 1108 ostendere
551 1074 756 1109 rationibus
787 1078 826 1110 et
853 1076 1032 1122 exemplis
1066 1076 1102 1110 in
1122 1075 1390 1110 introductione
1410 1075 1446 1110 in
1468 1073 1744 1115 Commentaria·
1756 1075 1800 1108 de
1819 1073 1977 1108 motibus

156 1126 300 1161 Martis.
357 1127 475 1172 Ipsius
509 1127 620 1163 etiam
642 1129 832 1173 Copernici
863 1131 979 1164 verba
1021 1129 1207 1175 explicavi
1236 1128 1426 1163 dilucidius
1459 1128 1496 1162 in
1525 1128 1596 1162 fine
1628 1127 1714 1162 libri
1732 1127 1760 1163 Ι.
1788 1127 1978 1172 Epitomes

154 1180 430 1215 Astronomiae:
465 1180 594 1226 quibus
625 1181 712 1216 locis
733 1193 840 1227 spero
860 1183 1045 1229 religiosis
1080 1182 1313 1217 satisfactum
1343 1181 1403 1216 iri:
1445 1182 1634 1226 dummodo
1666 1185 1706 1216 et
1733 1180 1921 1228 ingenium
1940 1183 1979 1214 et

157 1233 400 1278 cognitionem
422 1234 668 1269 astronomiae
701 1236 814 1271 talem
833 1237 878 1270 ad
898 1237 967 1271 hoc
992 1235 1169 1281 judicium
1189 1237 1359 1284 afferant,
1395 1234 1584 1283 utgloria
1598 1233 1812 1285 -fflgqfflln
1831 1245 1851 1268 o
1880 1243 1982 1280 erum

157 1286 354 1321 visibilium
373 1287 538 1333 ipsorum*
562 1288 769 1334 patrocinio
799 1293 880 1324 tuto
902 1287 998 1337 credi
1025 1285 1158 1338 possit,
1219 1289 1289 1323 Est
1309 1282 1707 1334 sanegaliquaj-ingua
1723 1286 1807 1334 Dei,
1840 1298 1880 1322 se
1923 1297 1963 1322 es

158 1339 269 1374 ctiam
291 1340 423 1386 aliquis
445 1340 583 1388 digitus
595 1341 691 1385 Dei,
743 1343 793 1376 Et
813 1342 892 1388 quis
914 1338 1035 1389 neget
1047 1339 1213 1389 linguam
1233 1342 1303 1377 Dei
1324 1353 1405 1376 esse
1427 1345 1715 1387 attemperatam
1733 1344 1772 1383 et
1790 1339 1979 1388 proposito

158 1404 223 1427 suo
245 1397 282 1427 et
303 1394 349 1428 ob
370 1393 404 1428 id
424 1394 576 1440 linguae
597 1395 768 1440 populari
803 1396 1014 1431 hominum?
1071 1397 1111 1430 In
1137 1396 1246 1430 rebus
1268 1395 1382 1441 igitur
1409 1393 1689 1429 evidentissimis
1717 1397 1890 1439 torquere
1908 1391 1979 1427 Dei

130 1458 133 1461 ·
158 1446 334 1491 linguam,
371 1450 413 1481 ut
430 1447 499 1488 illa
520 1447 673 1494 digitum
696 1448 765 1482 Dei
786 1448 822 1483 in
842 1453 978 1484 natura
996 1449 1147 1495 refutet,
1183 1448 1217 1482 id
1237 1447 1536 1494 religiosissimus
1557 1446 1709 1502 quisque
1739 1444 1897 1481 maxime
1919 1456 1979 1480 ca-

159 1499 272 1550 vehit.
321 1500 458 1546 Legat,
482 1500 539 1534 cui
561 1511 670 1535 curae
693 1496 779 1536 sunt
793 1494 926 1537 laudes
950 1502 1136 1537 Creatoris
1157 1506 1195 1536 et
1214 1493 1981 1547 Doffiiiii'ho‘st'r‘isssgssait,iiiq'fiai‘fflibffiffi

158 1547 276 1587 n‘seum
297 1553 459 1597 quintum
480 1553 801 1589 Harmonicorum:
835 1560 874 1590 et
901 1560 1080 1601 percepta
1106 1559 1266 1590 motuum
1293 1554 1426 1600 politia
1454 1553 1738 1600 exquisitissime
1769 1552 1981 1588 harmonica

159 1605 341 1640 deliberet
361 1617 493 1647 seeum,
523 1607 630 1641 satin’
646 1607 787 1651 justae,
823 1609 932 1643 satin’
954 1612 1206 1655 praegnantes
1227 1618 1362 1642 causae
1383 1607 1518 1642 fuerint
1538 1606 1732 1653 quaesitae
1752 1605 1979 1641 conciliatio-

158 1659 212 1694 nis
245 1659 340 1693 inter
370 1659 535 1705 linguam
568 1664 606 1693 et
626 1660 779 1706 digitum
799 1662 887 1701 Dei;
922 1661 1231 1709 aneesssspediab
1266 1672 1313 1703 ea
1343 1659 1991 1706 conciliatipng-Lepudiatmfamaui„

158 1712 251 1746 hanc
286 1723 435 1756 operum
462 1712 662 1760 divin-orum
694 1707 977 1761 pulchritudinis
1011 1707 1208 1749 immensae
1241 1714 1402 1749 censuris
1430 1713 1659 1759 opprimere3
1690 1723 1785 1758 quae
1817 1713 1918 1747 fama
1934 1716 1978 1746 ut

162 1766 208 1799 ad
226 1765 325 1799 rudis
345 1766 483 1810 populi,
506 1766 592 1811 quin
617 1766 686 1800 imo
707 1771 749 1801 ut
768 1769 814 1802 ad
833 1760 935 1815 vulgi
957 1762 1187 1803 literatorum
1213 1756 1610 1802 notitiam*²÷'el”13i'e'ffi‘
1629 1765 1834 1812 perveniat,
1862 1764 1974 1800 nullis

161 1829 322 1863 unquam
342 1817 502 1863 imperiis
524 1819 618 1853 effici
637 1820 767 1864 possit.
823 1821 960 1856 Renuit
989 1821 1135 1856 inscitia
1165 1820 1349 1866 respicere
1369 1820 1405 1854 in
1434 1819 1705 1860 auctoritatem,
1737 1820 1783 1854 ad
1815 1829 1979 1864 pugnam

160 1871 262 1905 ultra
280 1872 462 1915 provolat,
493 1872 590 1906 freta
609 1873 839 1908 multitudine
872 1879 910 1909 et
940 1878 1043 1909 scuto
1073 1873 1344 1908 consuetudinis
1373 1873 1459 1908 telis
1489 1872 1658 1908 veritatis
1690 1870 1976 1918 impenetrabili.

266 1924 386 1976 4939&
396 1936 482 1970 vero
499 1926 678 1970 ⁴dolabrae
701 1926 892 1971 inferi-um
905 1927 1015 1970 qil-lisla-
1039 1932 1172 1976 postea
1189 1938 1258 1961 nec
1278 1927 1314 1960 in
1335 1926 1480 1975 liguum>
1492 1926 1599 1975 yalet
1619 1924 1788 1974 amplius·
1845 1923 1982 1979 Capiat

162 1977 232 2011 hoc
264 1976 367 2025 cujus
391 1976 567 2018 interest.
594 1974 639 2020 32)
1095 1973 1135 1980 ,‚„,
1303 1976 1336 1980 ”
1369 1974 1373 1975 ’
1406 1975 1408 1977 ’
1441 1972 1444 1975 ’
1676 1973 1679 1976 ’
1916 1968 2021 1979 ''⁷⁸'‘

267 2026 309 2073 b)
341 2031 505 2065 Eandem
534 2031 747 2066 instantiam
776 2032 811 2067 in
846 2032 1061 2078 particulari
1093 2032 1205 2067 etiam
1231 2031 1431 2077 hypothesi
1464 2029 1750 2066 eccentricitatis
1771 2029 1924 2064 discussi
1942 2029 1979 2064 in

162 2083 436 2118 Commentariis
458 2084 588 2118 Martis
609 2096 689 2129 cap.
713 2085 773 2120 21.
805 2086 1031 2132 ostendique,
1066 2096 1138 2130 qua
1157 2087 1201 2120 de
1222 2095 1336 2119 causa
1359 2089 1398 2120 et
1418 2088 1599 2130 quatenus
1631 2084 1729 2119 falsa
1759 2082 1978 2129 hypothesis

162 2136 342 2171 interdum
371 2148 495 2171 verum
523 2138 669 2182 prodat.

269 2185 305 2232 c)
335 2189 501 2224 Nondum
534 2190 704 2231 sciebam,
739 2193 831 2236 quod
862 2195 994 2236 postea
1026 2191 1061 2224 in
1082 2191 1280 2226 Comment.
1301 2191 1434 2225 Martis
1454 2188 1722 2225 demonstravi:
1757 2188 1978 2224 anomaliam

161 2242 257 2278 orbis
289 2243 413 2288 magni
448 2255 511 2277 seu
545 2244 857 2285 commutationis,
893 2255 987 2290 quae
1017 2244 1356 2289 retrogradationes
1387 2248 1584 2284 causatur,
1616 2242 1763 2278 restitui
1794 2241 1977 2287 adipsum
2010 2280 2013 2281 ⁷

160 2307 284 2330 verum
306 2295 399 2330 Solis
421 2301 557 2331 motum
577 2301 615 2331 et
636 2297 762 2331 locum.
788 2327 790 2331 ⁴
813 2298 851 2332 Id
871 2309 958 2332 vero
978 2297 1015 2333 in
1035 2297 1152 2331 veteri
1172 2297 1418 2332 astronomiae
1446 2297 1563 2332 forma
1582 2296 1698 2331 multo
1718 2295 1838 2334 adhuc
1854 2294 1975 2341 magis

164 2349 285 2383 mirari
319 2353 511 2395 coguntur,
547 2350 606 2395 qui
639 2361 719 2384 eam
750 2350 922 2386 retinent.
979 2352 1155 2396 Adeoque
1187 2363 1235 2385 ex
1262 2351 1331 2385 hoo
1360 2350 1439 2396 ipso
1462 2348 1752 2385 demonstrativa
1774 2352 1976 2382 nascuntur

163 2406 392 2448 argumenta,
424 2404 766 2448 retrogradationes
787 2415 859 2438 non
881 2404 963 2438 oriri
986 2405 1033 2439 ab
1055 2404 1177 2449 aliquo
1198 2408 1297 2438 motu
1317 2404 1411 2438 reali
1429 2404 1489 2438 vel
1509 2404 1752 2448 planetarum,
1780 2401 1841 2436 vel
1859 2400 1975 2436 totius

164 2455 376 2501 systematis
410 2456 602 2496 coelestis,
645 2458 706 2490 sed
740 2469 788 2491 ex
818 2462 916 2491 motu
949 2457 1106 2492 Telluris
1138 2457 1267 2491 unicae
1302 2469 1369 2502 per
1401 2455 1701 2503 imaginationem
1732 2454 1769 2488 in
1800 2454 1974 2499 planetas
2023 2468 2027 2471 ·

162 2519 283 2542 omnes
304 2509 509 2543 transferri.
567 2510 679 2544 Porro
701 2510 888 2544 sententia
909 2522 1084 2556 sequens:
1123 2510 1285 2550 „Quibus
1307 2509 1464 2545 omnib.“
1487 2514 1557 2544 etc.
1591 2507 1794 2543 oscitanter
1812 2510 1870 2541 est
1890 2517 1973 2540 con·
2027 2541 2028 2544 ,

162 2566 288 2606 cepta;
338 2562 407 2596 hoc
436 2562 529 2596 enim
562 2562 679 2597 dicero
712 2564 900 2598 volebam:
944 2575 1022 2598 cum
1054 2563 1090 2598 in
1124 2563 1323 2608 Copernico
1366 2566 1549 2608 appareat
1580 2562 1666 2596 ordo
1695 2559 1973 2606 pulcherrimus,

164 2614 281 2659 qualis
315 2619 372 2649 est
403 2615 498 2649 inter
531 2627 678 2651 causam
712 2621 750 2650 et
782 2627 866 2650 suos
900 2618 1063 2658 effectus,
1098 2627 1247 2653 necesse
1275 2628 1368 2658 esse,
1401 2620 1443 2650 ut
1468 2615 1562 2650 haec
1581 2614 1665 2660 ipsa.
1683 2613 1732 2649 sit
1749 2623 1840 2647 vera
1859 2622 1975 2647 causa

160 2668 533 2712 retrogradationum,
557 2680 663 2714 quam
680 2669 900 2714 Copernicus
922 2670 1019 2711 dicit,
1041 2674 1083 2705 ut
1103 2681 1151 2705 sc.
1172 2669 1392 2715 hypothesis
1412 2669 1487 2704 ist-a
1505 2679 1578 2703 non
1597 2667 1646 2701 sit
1663 2665 1796 2702 fictitia
1815 2669 1971 2701 tantum.

268 2719 307 2760 d)
343 2721 447 2762 Quia,
480 2726 523 2756 ut
547 2722 628 2766 Jam
649 2722 823 2767 sequitur,
858 2735 929 2758 non
955 2727 997 2757 ut
1027 2735 1076 2758 ex
1109 2722 1260 2768 speciali
1292 2733 1417 2758 earum
1447 2719 1745 2760 conformatione,
1779 2719 1843 2753 sed
1860 2721 1906 2754 ut
1923 2729 1973 2753 ex

162 2773 341 2816 generali,
378 2785 471 2818 quae
505 2778 564 2809 est
583 2775 783 2820 Copernico
816 2787 895 2810 cum
915 2777 1061 2811 Braheo
1091 2776 1314 2817 communis,
1333 2776 1557 2822 quorundam
1580 2783 1696 2808 causa
1712 2771 1897 2812 redditur;
1934 2773 1976 2805 at

163 2825 417 2860 nonnullorum
448 2831 571 2862 tamen
604 2839 718 2863 causa
747 2840 796 2863 ex
827 2828 882 2870 iis,
917 2833 959 2864 ut
989 2841 1037 2864 ex
1067 2828 1220 2874 speciali
1253 2828 1447 2874 Copernici'
1473 2827 1656 2866 redditur;
1690 2825 1789 2866 item,
1823 2823 1910 2870 quia
1941 2822 1972 2858 si

160 2876 507 2920 particular-issimas
528 2881 788 2925 hypothesium
803 2882 993 2927 Copernici
1014 2882 1236 2916 conditiones
1252 2881 1564 2927 dimensionesque
1587 2877 1837 2924 respiciamus,
1859 2887 1973 2912 causa

165 2929 398 2963 minutiarum
417 2934 674 2968 nonnullarum
694 2934 728 2967 in
750 2935 1068 2970 observationibus
1097 2934 1198 2970 reddi
1224 2947 1295 2969 non
1327 2934 1466 2979 potuit,
1499 2944 1617 2980 eaque
1637 2934 1680 2967 de
1701 2941 1816 2966 causa
1835 2930 1970 2975 Coper-

164 2981 317 3015 nicanae
348 2983 575 3027 hypotheses
610 2986 705 3020 circa
737 2987 981 3031 particularia
1013 2992 1087 3023 tam
1121 2988 1238 3033 quoad
1265 2987 1427 3033 formam,
1463 2998 1572 3034 quam
1591 2985 1710 3032 quoad
1730 2982 1970 3018 dimensiones
2018 3000 2028 3023 -;

163 3044 185 3067 a
217 3045 271 3067 me
305 3034 437 3080 corrigi
472 3038 516 3070 ad
544 3038 809 3083 praescriptum
843 3041 1137 3075 observationum
1171 3041 1385 3074 debuerunt.
1442 3039 1523 3075 Etsi
1553 3049 1647 3085 quae
1679 3037 1716 3071 in
1747 3036 1871 3071 forma
1894 3034 1970 3069 dixi

162 3088 389 3122 emendanda
420 3087 543 3131 fuisse,
578 3090 645 3124 illa
675 3091 769 3125 talia
789 3096 884 3135 sunt,
917 3097 959 3127 ut
978 3095 1022 3128 ad
1043 3092 1303 3141 perfectionem
1337 3092 1459 3138 potius
1489 3089 1747 3140 hypothesium
1767 3086 1968 3138 Copernici‚

474 3179 478 3188 ς
503 3154 505 3171 ¹
531 3164 539 3175 ·’
1403 3164 1411 3186 ι

1435 3168 1525 3242 »Ap
1549 3223 1556 3236 ι
1574 3222 1581 3227 ·
1602 3179 1688 3242 [Mi
1735 3201 1812 3242 ‘U'
1834 3186 2028 3242 'cksshffi
