2028 3242
713 855 912 898 NOTAE
935 855 1215 900 EDITORIS.

161 1079 197 1122 1)
220 1092 253 1125 p.
272 1079 351 1115 210.
401 1081 595 1126 lusci-iprum
620 1090 672 1119 est
695 1088 781 1118 teste
797 1082 966 1116 Hauschio
989 1083 1052 1116 hoc
1070 1093 1169 1138 opus:
1195 1082 1580 1116 Chronotheatrum
1603 1084 1671 1116 nive
1688 1049 1868 1117 Theawnm
1818 1009 1947 1228 NX-

61 1129 216 1171 tempori:
233 1137 394 1162 annorum
410 1128 515 1169 4000,
539 1133 624 1176 quod
638 1143 679 1166 ex
693 1135 785 1165 motu
801 1130 884 1163 coeli
902 1134 937 1163 et
952 1140 1026 1164 cum
1042 1132 1145 1163 sacris
1161 1134 1231 1164 tum
1252 1130 1399 1173 profanis
1415 1131 1582 1173 utriusque
1597 1130 1732 1174 linguae
1750 1135 1866 1164 aucto·

59 1175 148 1208 ribus
173 1175 309 1218 aliisque
334 1185 375 1209 ac
398 1176 559 1222 plerisque
582 1180 727 1222 proban’s
751 1177 881 1219 fideque
905 1177 1012 1220 dignis
1035 1178 1198 1210 historicis
1222 1178 1482 1210 demonstratum
1506 1177 1638 1210 exhibet
1663 1175 1700 1217 1)
1721 1177 1865 1210 Chrono-

59 1223 204 1266 logieam
236 1222 568 1263 demonstrationem,
616 1225 654 1266 2)
689 1225 952 1259 Astronomicam
987 1226 1265 1266 supputationem,
1307 1222 1344 1263 3)
1379 1224 1597 1257 Historiarum
1631 1225 1873 1267 οοςιιὶιιοιιοιιι,

60 1268 98 1310 4)
123 1270 302 1303 Διιοιοιιιιιι
326 1270 584 1313 dispositionem:
610 1274 644 1306 in
662 1273 867 1306 Dithmarsia
891 1272 934 1304 ab
951 1270 1034 1304 Urso
1058 1272 1335 1314 praemeditatum
1361 1269 1472 1309 1581,
1497 1272 1532 1304 in
1555 1271 1710 1304 Holsatia
1733 1272 1863 1314 excogi-

59 1320 167 1349 tatum
194 1315 297 1354 1582,
322 1318 356 1350 in
381 1317 494 1352 Dania
516 1320 707 1353 inchoatum
734 1317 843 1356 158⁴.
868 1319 902 1350 in
926 1318 1051 1351 Hassis.
1075 1319 1277 1352 delineatmn
1304 1316 1394 1349 1586
1408 1341 1418 1354 ,
1443 1319 1476 1351 in
1502 1318 1632 1351 Alsatia
1655 1318 1865 1352 emendatum

61 1361 164 1401 1580,
189 1365 224 1396 iu
247 1363 410 1398 Bobenia
432 1366 616 1399 absolutum
643 1366 734 1400 1597
759 1367 946 1407 editumque
970 1365 1101 1408 Pragae
1126 1370 1160 1398 et
1184 1365 1268 1398 Divo
1292 1364 1442 1407 Rudolpo
1466 1365 1510 1398 11.
1538 1364 1737 1398 dedicatum.

152 1410 263 1444 Alium
295 1411 567 1454 deprehendimus
603 1414 746 1447 libellum
771 1413 845 1446 Ursi
879 1412 1164 1455 chronologicum,
1202 1422 1299 1455 quem
1323 1413 1503 1453 inscripsit:
1538 1411 1611 1445 Nic.
1638 1411 1749 1445 Raim.
1775 1410 1863 1449 Ursi.

59 1456 156 1490 Rom.
179 1457 271 1499 Kay-
295 1457 388 1500 May.
413 1459 644 1495 Mathematici
669 1459 945 1502 Chronologische
965 1459 1182 1503 Beveisung‚
1218 1459 1292 1492 dans
1325 1459 1380 1491 die
1404 1459 1494 1492 Welt
1517 1459 1682 1503 vergehen
1714 1459 1783 1492 und
1807 1459 1865 1492 der

55 1506 191 1548 jung-te
214 1504 288 1548 Τις
310 1505 462 1539 konunen
487 1508 575 1540 'werd
599 1508 771 1541 innerhalb
796 1504 841 1538 77
865 1507 1001 1539 Jahreu.

150 1551 218 1585 Hie
239 1562 316 1585 vero
339 1553 468 1586 libellus
492 1559 563 1587 tum
587 1556 741 1597 temporis
766 1553 870 1595 (anno
889 1551 996 1594 1597)
1022 1555 1108 1595 typis
1133 1553 1279 1586 noudum
1294 1554 1486 1595 impressum
1509 1553 1609 1586 fuisse
1624 1552 1763 1591 videtur,
1789 1562 1864 1587 cum

58 1599 92 1631 in
116 1599 210 1632 calce
232 1598 357 1632 haecce
379 1601 517 1634 referat:
543 1603 683 1644 Anjetzo
700 1603 788 1635 nach
805 1602 863 1634 des
880 1601 1034 1634 Authoris
1051 1600 1137 1633 Todt
1153 1601 1366 1634 allererst
1389 1601 1423 1632 in
1440 1599 1554 1632 Druck
1570 1600 1740 1643 verrertigt
1759 1598 1863 1633 1606.

152 1645 316 1687 Scriptum
339 1646 413 1684 hoe,
438 1658 637 1691 quamquam
659 1650 780 1682 nullius
804 1648 903 1691 plane
929 1649 1097 1686 momenti,
1122 1647 1254 1689 publice
1278 1651 1393 1680 tamen
1416 1647 1596 1680 refutatum
1619 1651 1670 1680 est
1694 1656 1717 1680 a
1731 1651 1864 1690 pastore

56 1693 198 1735 quodam
220 1693 371 1732 monn,
395 1695 498 1727 Lam
506 1697 582 1738 pio,
607 1698 642 1729 in
665 1697 746 1729 libro
770 1697 945 1737 inscripto:
971 1695 1261 1728 Autidithmarsus.
1299 1694 1377 1726 Hal.
1400 1692 1501 1726 1⁶10.

150 1785 188 1828 2)
213 1797 245 1829 p.
264 1785 344 1820 223.
385 1788 571 1824 Joaunes
597 1793 811 1824 Antonius
834 1790 1037 1833 Maginus
1055 1791 1141 1823 inter
1158 1790 1387 1823 celeberrimos
1404 1789 1530 1821 illorum
1553 1792 1736 1829 temporum
1754 1793 1859 1821 astro·

56 1844 169 1867 nomos
187 1834 251 1874 „de
275 1838 476 1870 astronomia
499 1838 695 1871 illustranda
719 1843 851 1871 strenue
880 1838 1048 1870 laboravit.
1055 1837 1072 1852 “
1123 1837 1355 1879 Ephemerides
1376 1836 1479 1869 edidit
1495 1845 1582 1868 anno
1602 1834 1692 1868 1582
1709 1834 1860 1868 Venetiis

57 1881 101 1913 ad
125 1890 230 1914 annos
253 1879 301 1913 40
324 1883 368 1915 ab
392 1892 480 1916 anno
506 1884 591 1917 1581
630 1896 733 1927 usque
758 1886 802 1918 ad
828 1883 938 1922 1620;
965 1894 1052 1917 anno
1078 1882 1168 1916 1599
1194 1884 1270 1916 ibid.
1298 1885 1339 1916 ab
1366 1893 1454 1915 anno
1481 1880 1733 1920 1598-161ος
1767 1881 1860 1915 1608

56 1928 206 1961 Francos.
232 1929 276 1961 ab
300 1938 332 1961 a.
358 1928 614 1970 1608—16303
643 1930 732 1964 1614
756 1933 926 1965 venetiis:
953 1931 1222 1973 Supplementum
1248 1930 1500 1973 Ephemeridum
1525 1939 1566 1962 ac
1591 1928 1672 1962 Tab.
1698 1930 1857 1963 secundo·

55 1985 126 2007 rum
150 1970 319 2008 Mobilium
343 1975 463 2017 (recus.
490 1980 641 2013 Francos.
670 1977 798 2019 1615),
825 1981 878 2012 cui
907 1980 1076 2021 praemisit
1099 1979 1212 2011 literas
1237 1978 1398 2021 quasdam
1421 1977 1578 2019 Kepleri,
1615 1986 1633 2008 e
1660 1978 1777 2019 quibus
1800 1986 1858 2019 ap·

55 2026 160 2064 paret,
186 2024 376 2056 convenisse
400 2026 486 2058 inter
501 2026 588 2059 hunc
613 2031 647 2059 et
663 2026 836 2069 Maginum
861 2027 902 2058 de
928 2026 1063 2058 edendis
1087 2026 1206 2058 tabulis
1233 2026 1458 2057 astronomicis
1484 2023 1563 2065 (vid
1588 2025 1690 2070 praef.
1709 2025 1752 2057 ad
1765 2025 1858 2066 Kep-

53 2069 113 2101 leri
137 2070 378 2103 Asmuomiam
401 2071 556 2112 Novam).
605 2075 700 2106 Anno
731 2073 818 2105 1585
850 2073 953 2105 edidit
975 2073 1131 2115 Maginus
1155 2073 1305 2105 Venetiis
1332 2072 1498 2110 „Tabulas
1534 2073 1754 2106 secundorum
1787 2082 1856 2104 mo-

55 2116 211 2156 bilium“‚
247 2126 334 2149 auno
360 2116 406 2149 89
432 2120 474 2151 ib.
503 2120 634 2157 „Novas
668 2121 748 2153 coel.
785 2121 910 2152 orbium
940 2120 1176 2153 Theoricas
1213 2124 1432 2162 congruentes
1468 2129 1542 2151 cum
1579 2119 1858 2153 observationibus

54 2162 98 2194 N.
125 2163 316 2205 Copernici⁸
343 2166 464 2203 (recus.
489 2166 640 2208 Mogunt.
666 2177 753 2199 anno
780 2165 1036 2207 1608)·1604
1065 2167 1150 2199 Ven.
1178 2167 1344 2205 „Tabulas
1377 2167 1472 2208 primi
1508 2168 1656 2205 mobilis,
1689 2175 1770 2208 quas
1795 2165 1857 2198 Di-

0 2213 1 2240 }
55 2211 237 2242 rectionum
260 2211 357 2253 vulgo
387 2211 522 2244 dicuut⁸⁶
550 2212 632 2245 dte..
669 2211 759 2245 1609
785 2214 974 2246 Bononiae:
1012 2214 1177 2252 „Primum
1201 2213 1341 2249 Mobile,
1378 2213 1421 2244 12
1453 2214 1540 2246 libris
1578 2218 1786 2251 contentum,
1822 2213 1856 2244 in

54 2257 170 2299 quibus
191 2257 356 2290 habentur
379 2259 627 2301 trigonometria
650 2261 891 2301 sphaericorum
926 2265 960 2292 et
983 2262 1221 2297 astronomica,
1258 2261 1457 2316 gnomonica
1490 2265 1525 2293 et
1555 2260 1758 2304 geometrica
1781 2269 1855 2301 pro-

55 2304 203 2337 blemata
226 2302 287 2337 άο.
336 2306 542 2348 Astrologiae
566 2307 739 2347 plurimum
762 2307 926 2339 tribuebat
949 2306 1117 2349 Magium,
1144 2307 1263 2339 deinde
1287 2308 1322 2339 in
1345 2308 1547 2340 fabricandis
1572 2308 1713 2350 speculis
1737 2306 1855 2347 sphae-

56 2352 132 2384 ricis
154 2351 292 2383 multum
323 2354 502 2385 consumsit
524 2354 663 2390 laboris,
700 2355 734 2386 in
767 2354 993 2396 geographicis
1018 2354 1158 2395 denique
1191 2355 1275 2386 bene
1298 2355 1419 2386 meruit
1443 2352 1512 2394 (ed.
1539 2364 1626 2387 anno
1655 2350 1744 2384 1596
1770 2352 1856 2385 Veu

56 2398 363 2441 Geographiae
387 2401 560 2432 universae
584 2405 654 2432 tum
678 2402 796 2432 veteris
821 2405 891 2432 tum
914 2410 1019 2433 novae
1043 2401 1320 2432 absolutissimum
1345 2410 1425 2442 opus
1451 2400 1471 2431 2
1496 2402 1559 2433 vol.
1586 2402 1794 2438 distinctum,
1820 2400 1855 2432 in

54 2455 189 2488 quorum
223 2447 330 2487 priore
362 2447 503 2479 habetur
534 2447 582 2479 cl.
615 2447 798 2480 Ptolemaei
822 2447 1020 2480 Pelusiensis
1046 2447 1293 2489 Geographicae
1329 2449 1546 2480 enarrationis
1579 2448 1651 2480 libri
1675 2446 1781 2483 V11[;
1819 2447 1855 2478 in

54 2493 197 2527 secundo
221 2493 384 2526 volumine
419 2495 532 2526 insunt
557 2494 605 2526 Cl.
630 2494 814 2527 Ptolemaei
845 2495 971 2536 antiqui
996 2495 1081 2526 orbis
1105 2495 1240 2527 tabulae
1266 2493 1311 2526 2⁷
1336 2499 1370 2526 et
1394 2494 1530 2527 tabulae
1557 2493 1602 2526 3⁷
1626 2491 1853 2533 recentiores).

149 2539 241 2580 Quas
266 2540 345 2573 dicit
367 2541 531 2583 Keplerus
554 2541 683 2584 Magini
707 2541 903 2583 hypotheses
930 2541 971 2573 de
1005 2541 1144 2578 mundo,
1180 2541 1254 2574 illas
1278 2540 1548 2583 deprehendimus
1582 2543 1617 2574 in
1644 2539 1852 2580 „meoticis”

55 2585 184 2629 (Comp-
209 2597 286 2630 με·
312 2585 384 2628 ⁶5)-

147 2633 200 2667 De
222 2633 432 2668 Boeslino
458 2637 591 2678 ejusque
615 2635 703 2667 libris
730 2634 867 2667 diximus
891 2644 968 2677 pag.
994 2633 1074 2666 228.

148 2725 186 2768 3)
210 2739 243 2771 p.
269 2727 350 2761 223.
399 2730 491 2763 Inest
513 2730 576 2763 hoc
602 2739 733 2762 carmen
758 2729 987 2770 manuscriptis
1004 2728 1169 2770 Petropol.
1200 2728 1393 2770 adjunctum
1417 2729 1608 2763 refutationi
1631 2729 1718 2768 Ursi.
1754 2729 1852 2773 idque

51 2775 104 2808 hic
127 2777 343 2818 proponimus,
372 2782 409 2809 ut
433 2778 559 2819 plenius
583 2777 722 2809 hominis
748 2780 965 2818 cognoscatur
989 2776 1090 2807 animi
1114 2776 1232 2808 vilitas.

510 2847 699 2888 Tychoni
723 2846 908 2883 Braheo,
942 2845 1100 2878 Summo
1127 2846 1389 2879 Astronomo.

428 2906 490 2938 Per
513 2908 655 2947 spatium
680 2906 846 2938 octiduum
869 2906 1052 2946 victumque
1076 2908 1252 2947 potumque
1277 2906 1415 2942 dedisti.

521 2952 690 2985 Scrutator
714 2953 796 2985 coeli
819 2952 961 2984 maxime
986 2951 1109 2992 Tycho,
1134 2952 1222 2984 mihi.

427 2999 546 3032 Nonne
570 3004 626 3032 sat
649 3004 747 3041 atque
772 3009 868 3040 super
890 2999 958 3036 tibi,
984 2997 1095 3039 Tycho
1121 2999 1280 3042 benigne!
1306 2998 1443 3032 fuisset?

522 3047 704 3079 Addideras
727 3056 876 3079 nummos
900 3046 946 3078 nil
969 3046 1076 3078 minus
1102 3050 1200 3088 atque
1223 3050 1307 3078 tuos.
1344 3063 1352 3071 ι
