2028 3242
209 79 296 122 416
614 81 748 113 Literae
772 80 910 123 Kepleri
936 81 977 115 de
1003 80 1201 114 calendario
1224 81 1258 112 in
1286 90 1412 113 annum
1437 78 1625 113 MDXCIX.

209 198 370 239 congruit,
403 198 470 230 sive
489 196 532 237 Θ
557 196 658 237 ipsius
676 195 807 229 dissono
835 207 932 230 cursu
957 201 991 229 et
1016 196 1097 229 coeli
1114 195 1226 239 eliqua
1247 197 1375 230 ratione
1391 201 1530 249 mutato,
1560 197 1628 230 sive
1646 197 1802 230 universa
1815 195 1946 228 Tellure
1962 194 2022 227 ali-

209 245 286 286 quid
305 254 326 276 a
343 249 456 276 centro
473 254 531 278 suo
552 245 687 285 dimota,
719 247 757 276 ut
769 244 970 287 deprehendi
997 248 1032 276 et
1054 244 1090 275 in
1114 244 1189 276 aliis
1217 244 1297 277 locis
1323 233 1485 286 accipies*
1506 263 1551 270 -
1575 242 1735 286 (KepL.
1761 243 1826 276 Hie
1842 242 2023 276 rectissime

210 291 322 332 Tycho
348 292 562 378 resp)onderit‚
593 294 746 338 ampliari
761 292 926 326 interdum
943 292 1054 324 orbem
1074 289 1143 331 Θ.
1173 291 1233 325 sed
1249 301 1316 324 non
1342 292 1470 325 indicat
1484 296 1613 334 tempus
1628 291 1764 334 periodi.
1812 289 1896 324 Mihi
1910 290 2023 332 itaque

209 349 274 370 non
300 338 401 381 liquet

338 386 449 418 Facile
478 389 663 430 admittam,
693 388 800 423 Plinio
819 390 853 419 et
870 386 942 418 aliis
953 387 1059 418 visum
1073 395 1160 422 esse,
1191 386 1332 419 obelisco
1357 396 1424 418 non
1451 385 1589 428 amplius
1607 385 1773 429 designari
1788 389 1938 427 tempora
1951 393 2022 416 car-

210 433 346 472 dinalia,
365 436 522 477 cumipse
535 437 674 475 Plinius,
695 434 888 471 Columella,
907 433 1061 466 Eudoxus
1080 437 1114 466 et
1132 433 1293 466 Chaldaei
1309 433 1505 476 perhibeant
1521 433 1712 472 eredid'nsw
1737 430 1784 472 Θ
1798 432 1830 467 d·
1851 430 1906 464 18.
1920 430 2023 464 Mart·

209 482 356 513 Arietem
375 482 515 524 ingredi,
533 488 568 516 et
583 485 617 516 in
633 489 756 518 octava.
772 482 894 516 Arietis
910 485 1005 523 parte
1032 481 1065 512 d.
1087 479 1143 513 25.
1161 480 1264 514 Mart.
1284 481 1530 523 aequinoctium
1546 480 1691 518 effluere.
1738 479 1910 525 Iti-‘Faeni
1925 478 2024 512 dubio

209 528 370 561 obeliscus
398 540 465 563 non
494 532 649 570 ostendit,
673 534 722 565 uti
747 538 872 574 quoque
889 529 1010 561 falsum
1027 538 1099 560 esse
1116 538 1183 560 non
1200 529 1324 567 dubito,
1351 529 1410 561 sed
1426 538 1508 561 sane
1533 528 1680 564 nondum
1692 527 1896 570 invem
1917 528 2022 569 potui,

209 585 373 617 quaenam
404 587 507 611 causa
535 581 672 612 moverit
696 584 835 613 veteres,
861 581 899 608 ut
919 574 961 616 Θ
981 576 1165 618 ingressum
1187 577 1222 608 in
1248 576 1282 616 Τ
1311 576 1342 608 d.
1367 575 1419 608 18.
1437 575 1537 608 Mart.
1571 580 1605 608 et
1630 576 1663 607 iu
1686 578 1808 608 octava
1834 576 1905 616 ejus
1928 578 2024 616 parte

210 624 452 664 aequinoctium
476 630 672 664 statuerent,
704 637 779 660 cum
803 624 1014 657 Ptolemaeus
1041 623 1268 656 Aristarchum
1293 627 1426 656 secutus
1457 623 1701 665 aequinoctium
1733 623 1767 654 in
1797 622 1905 664 prima
1929 625 2024 664 parte

211 670 245 710 Ύ·
265 673 455 712 constituat,
475 677 510 705 et
525 678 611 706 teste
629 674 767 707 Manilio
799 672 924 713 aliqui
916 681 950 703 ιιι
967 670 1098 702 decima
1114 675 1210 711 parte
1226 671 1260 702 id
1277 671 1490 713 signaverint.
1522 669 1750 712 —-.(Kepl:
1777 669 1922 702 Causam
1939 668 2022 702 Sca-

209 718 292 760 liger
307 718 395 751 hanc
413 721 525 756 tradit,
542 722 620 763 quia
635 730 774 766 τροπαι
800 721 888 752 circa
904 717 937 750 8.
963 728 984 750 a
1000 717 1137 750 solstitio
1165 718 1251 750 diem
1268 718 1431 759 incipiunt
1457 718 1682 750 animadverti.
1733 716 1823 750 Nam
1850 717 2024 749 solstitium

211 769 261 798 est
283 767 375 807 quies
394 767 514 800 durans
533 766 577 799 14
595 769 664 801 dies
683 773 761 801 ante
779 772 877 803 retro,
907 774 1025 810 τροπη
1053 769 1103 796 est
1119 770 1227 799 motus
1251 768 1286 798 et
1305 765 1466 799 sensibilis
1481 770 1601 799 motus.
1649 764 1756 808 Igitur
1773 765 1817 798 td
1833 764 2024 807 analogiam

211 813 420 846 solstitiorum
446 816 737 848 accommodarunt
762 819 796 848 et
822 809 1061 856 aequinoctia.)
