2028 3242
171 48 187 90 1
197 47 253 90 36
855 44 1006 86 Mysterii
1031 44 1299 87 Cosmographici

165 160 385 196 ceterorum
425 155 554 193 latera
594 151 704 191 dicta
748 163 826 190 non
866 150 982 190 simul
1028 163 1200 202 congrue
1245 149 1340 204 poni
1376 153 1560 201 possunt.
1585 148 1617 198 1)
1689 151 1980 192 Dodecaedron

665 222 728 255 rig.
751 219 792 248 ¹³.
1303 207 1427 260 igitur
1458 208 1595 248 decem
1634 209 1827 251 lateribus
1857 210 1981 250 talem

180 275 1254 335 m
1311 266 1503 307 describit
1534 267 1659 318 viam,
1700 281 1774 322 per
1809 269 1982 315 medium

179 336 227 362 r
247 313 326 333 Α
348 337 440 362 v
457 311 548 335 Α
567 337 657 361 v
672 310 766 336 Α
782 337 870 360 v
887 309 984 335 Α
1003 336 1086 358 V
1100 308 1196 333 Ἀ
1218 335 1255 355 Ἴ
1310 330 1544 366 transeunte
1571 327 1766 378 quadrato
1786 327 1979 376 octaedri,

1310 385 1349 425 in
1382 385 1543 437 planum
1576 390 1743 434 extenso
1776 387 1860 439 (fig.
1893 384 1980 434 13).

281 447 526 488 Icosaedron
558 458 654 485 vero
687 446 946 486 manifestam
979 458 1119 486 zonam
1151 446 1227 486 hoc
1258 450 1391 498 pacto,
1425 449 1658 485 transeunte
1683 458 1838 486 rursum
1864 450 1980 486 octa-

672 510 800 544 rig.14.
1312 503 1396 543 edri
1429 503 1626 555 quadrato
1657 504 1698 544 in
1723 509 1878 545 rectum
1909 517 1981 545 ex-

242 570 307 582 *
618 571 662 574 ““
1165 572 1169 574 ’
1309 567 1426 602 tenso
1460 563 1543 615 (fig.
1583 561 1668 611 14).

197 570 1285 766 W
1401 620 1518 667 Quod
1539 621 1573 662 si
1593 623 1692 662 haec
1713 623 1789 663 duo
1809 627 1984 674 cognata

1311 693 1480 747 corpora
1521 681 1870 748 ita-applicentur
1912 693 1985 748 per

1313 740 1672 780 circumferentiam
1706 741 1818 788 (nam
1850 741 1985 792 anguli

167 799 243 838 duo
275 797 392 838 unius
426 802 468 837 et
506 803 644 838 centra
682 799 891 851 planorum
934 799 1100 840 duorum
1139 800 1304 840 alterius
1343 798 1490 847 adhuc,
1531 805 1577 840 ut
1613 797 1754 852 supra,
1793 805 1985 852 tanquam

164 857 247 910 poli
279 857 492 896 cohaerere
525 857 823 910 intelliguntur)
856 864 901 898 ut
934 858 1173 912 apparentia
1213 859 1308 899 bina
1347 858 1644 912 quinquangula
1681 859 1901 906 icosaedri3
1942 863 1985 898 et

671 935 796 969 Fig.15.
1309 917 1404 956 bina
1435 929 1532 957 vera
1557 917 1797 958 dodecaedri
1825 915 1984 970 angulis

188 988 1266 1130 ἈἿΑἿΑἿΛἿΛῚ
1311 977 1988 1095 1151εὲ50355511111

188 1047 1266 1181 m-v-vfivm
1312 1094 1856 1207 5113815111001
1867 1108 1984 1203 53⁰2·

670 1226 732 1256 Fig
755 1225 797 1251 16.
1399 1211 1470 1253 Sin
1499 1213 1668 1266 angulus
1698 1213 1814 1254 unius
1853 1213 1982 1254 medio

575 1277 673 1283 “·“”
1312 1271 1431 1312 lateri
1463 1273 1631 1314 alterius
1669 1273 1708 1314 in
1741 1272 1984 1326 supradictis

184 1291 232 1374 ix
1314 1330 1619 1384 quinquangulis
1632 1333 1866 1387 applicetur,
1887 1331 1984 1372 talis

185 1390 188 1444 ᾗ
217 1381 235 1410 s
1315 1391 1392 1430 erit
1422 1391 1549 1431 sectio
1569 1392 1617 1440 ¹¹²)
1650 1392 1737 1443 (fig.
1776 1389 1866 1439 16).

543 1468 576 1471 -
1403 1448 1510 1496 Quid
1541 1455 1672 1491 restat
1690 1451 1848 1503 igitur,
1891 1449 1983 1503 quin

165 1510 346 1551 dicamus
389 1509 577 1562 planetas
621 1509 731 1549 illam
777 1508 884 1549 viam
929 1512 991 1549 tot
1034 1508 1265 1550 manifestis
1307 1509 1466 1560 punctis
1504 1514 1687 1550 notatam
1727 1523 1752 1549 a
1790 1508 1984 1550 Creatore

107 1574 110 1576 ’
160 1570 300 1622 jussos
333 1568 404 1617 ire,
437 1569 651 1620 praecipue
684 1581 771 1608 cum
803 1568 909 1608 inter
941 1581 1062 1620 supra
1094 1573 1277 1609 assumta
1307 1568 1579 1622 colligataque
1610 1573 1751 1610 centra
1782 1574 1825 1608 et
1855 1580 1983 1620 angu-

166 1629 227 1668 los
263 1633 455 1681 tanquam
486 1628 601 1680 polos
634 1628 766 1667 media
798 1628 865 1667 sit.
887 1628 926 1674 ¹²)

753 1785 811 1825 IN
846 1782 1032 1826 CAPUT
1062 1784 1407 1827 UNDECIMUM

870 1866 1022 1899 NOTAE
1048 1867 1286 1901 110οΤ0105.

276 1936 312 1981 a)
343 1940 474 1973 Totum
494 1939 563 1973 hoc
583 1944 696 1984 caput
716 1943 892 1986 quantum
921 1941 967 1974 ad
985 1951 1133 1984 scopum
1154 1940 1270 1975 omitti
1290 1941 1423 1986 potuit,
1454 1940 1590 1975 nullius
1610 1939 1705 1975 enim
1724 1937 1894 1975 momenti
1915 1942 1985 1974 est.

170 1993 296 2038 Neque
317 1992 411 2026 enim
437 1991 496 2026 1110
522 1997 580 2026 055
599 1993 780 2038 genuinus
801 1993 893 2034 51505
922 2004 986 2027 500
1006 1993 1195 2038 coaptatio
1216 1994 1312 2028 inter
1331 2005 1370 2028 se
1401 1987 1591 2039 corporum
1611 1993 1769 2039 quinque
1787 1991 1987 2039 geometri-

172 2057 304 2086 corum,
334 2049 377 2079 ut
403 2045 499 2079 infra
525 2046 689 2090 patebit:
720 2058 838 2092 neque
868 2046 897 2080 si
925 2050 1036 2087 esset,
1059 2046 1229 2080 zodiacus
1259 2047 1341 2081 inde
1371 2051 1484 2081 esset.

276 2096 316 2140 b)
350 2099 444 2132 Ecce
477 2103 519 2132 ut
549 2099 798 2134 foeneraverit-
816 2099 901 2133 mihi
932 2111 997 2144 per
1016 2099 1082 2133 hos
1104 2099 1153 2134 25
1174 2110 1288 2134 annos
1322 2099 1538 2145 principium
1567 2097 1646 2143 ι15111
1673 2102 1762 2133 tunc
1785 2097 1988 2137 firmissime

172 2162 404 2197 persuasum:
437 2152 515 2185 ideo
544 2151 621 2186 scil.
655 2153 916 2187 mathematica
948 2163 1079 2187 causas
1108 2153 1187 2187 fieri
1218 2154 1441 2188 naturalium
1474 2151 1584 2198 (quod
1603 2153 1738 2198 dogma
1765 2151 1988 2187 Aristoteles

172 2209 228 2239 505-
246 2205 335 2239 10015
356 2202 582 2247 vellicavit),
615 2206 701 2250 quia
721 2206 874 2240 Creator
892 2206 993 2240 Deus
1022 2206 1288 2241 mathematica
1313 2211 1357 2241 ut
1375 2207 1598 2251 archetypos
1626 2215 1749 2240 secum
1769 2205 1816 2240 ab
1836 2209 1988 2240 aeterno

171 2258 303 2292 habuit
323 2258 358 2292 in
380 2258 631 2292 abstractione
652 2259 919 2303 simplicissima
938 2263 977 2294 et
996 2259 1129 2300 divina,
1161 2260 1209 2294 ab
1230 2260 1318 2304 ipsis
1339 2260 1451 2294 etiam
1471 2258 1753 2304 quantitatibus,
1784 2257 1987 2293 materiali-

173 2316 229 2345 ter
249 2311 498 2345 consideratis.
555 2312 776 2346 Aristoteles
799 2313 1010 2347 Creatorem
1039 2312 1203 2358 negavit,
1234 2315 1403 2348 mundum
1431 2318 1621 2347 aeteruum
1650 2311 1802 2346 statuit:
1831 2322 1904 2345 11011
1923 2310 1988 2345 mi-

171 2375 260 2405 rum,
283 2364 312 2398 si
334 2364 557 2409 archetypos
586 2364 732 2408 rejecit:
764 2365 884 2400 fateor
901 2366 1021 2413 enim
1039 2366 1184 2411 nullam
1200 2366 1272 2400 illis
1293 2367 1363 2401 vim
1392 2367 1558 2414 futuram
1571 2364 1702 2411 fuisse
1734 2364 1765 2399 si
1790 2363 1989 2424 110ὲέ0115

75 2424 77 2426 ’
107 2432 110 2435 ’
173 2418 249 2478 ipse
271 2417 306 2451 in
327 2417 410 2451 illos
431 2418 660 2461 respexisset
681 2419 716 2452 in
737 2411 906 2470 creando.
963 2420 1065 2465 Ergo
1092 2419 1203 2453 051501
1223 2408 1538 2455 eccentricitatum
1558 2427 1694 2453 causae
1720 2429 1770 2452 ex
1772 2409 1865 2452 Eoo
1888 2427 1988 2462 prm-

172 2470 265 2515 cipio
286 2470 464 2504 tandem
455 2475 626 2505 1111011550
647 2476 742 2512 sunt,
773 2465 923 2518 quarum
953 2472 1257 2518 inaequalitatem
1285 2473 1524 2507 vehementer
1550 2481 1700 2506 necesse
1719 2474 1779 2505 est
1804 2469 1987 2510 admirari,

173 2524 375 2569 quicunque
406 2524 449 2556 de
479 2523 521 2558 iis
553 2525 646 2558 serio
680 2525 840 2570 cogitat:
888 2526 1090 2571 quicunque
1121 2537 1199 2561 cum
1229 2526 1433 2561 Aristotele
1466 2526 1509 2559 de
1540 2524 1651 2558 rebus
1683 2523 1904 2558 coelestibus
1937 2522 1989 2557 sic

173 2577 333 2621 quaerit:
369 2577 522 2616 Quare
543 2589 648 2618 non,
683 2589 770 2623 quo
803 2579 1003 2623 quilibet
1030 2579 1233 2623 planeta
1262 2579 1500 2619 humilior,
1534 2589 1586 2612 eo
1614 2576 1837 2622 pluribus
1864 2574 1989 2611 orbi-

172 2631 251 2663 bus
282 2630 497 2664 vehitur?
553 2631 646 2664 Nam
668 2631 727 2676 qui
756 2631 791 2665 in
812 2632 880 2666 hoc
902 2632 1150 2677 inquirendum
1170 2633 1238 2667 sibi
1264 2632 1411 2678 putavit
1439 2632 1475 2665 iu
1495 2630 1720 2665 astronomia
1739 2629 1795 2664 sui
1814 2628 1988 2674 temporis

173 2683 279 2727 inque
299 2683 538 2727 persuasione
569 2684 635 2717 illa
664 2684 762 2726 falsa
781 2685 977 2719 solidorum
998 2685 1148 2726 orbium,
1183 2686 1276 2720 idem
1296 2685 1403 2720 hodie
1424 2684 1454 2718 si
1474 2684 1626 2724 viveret,
1661 2687 1702 2717 et
1725 2693 1857 2727 puram
1875 2686 1988 2727 atque

173 2736 369 2779 genuinam
400 2741 560 2771 nostram
590 2738 633 2770 de
664 2738 765 2772 coelo
793 2738 991 2772 doctrinam
1025 2744 1275 2784 cognosceret,
1308 2738 1423 2774 multo
1452 2736 1611 2784 maxime
1643 2735 1712 2771 sibi
1742 2735 1989 2780 quaerendum

174 2788 422 2822 existimaret:
467 2789 617 2828 Quare
650 2802 756 2830 non,
806 2802 891 2836 quo
925 2791 1128 2836 quilibet
1159 2792 1356 2836 planeta
1392 2790 1617 2830 interior,
1656 2789 1741 2823 hoc
1768 2788 1990 2823 minorem

175 2851 194 2872 e
209 2839 319 2873 tiam
352 2847 507 2876 eccent
521 2843 754 2878 ricitatem
784 2842 947 2879 habet?
1004 2845 1132 2889 ltaque
1154 2845 1318 2879 omnibus
1338 2843 1554 2884 rationibus,
1589 2853 1681 2888 quas
1711 2841 1781 2886 ipsi
1801 2851 1870 2876 sua
1887 2840 1987 2886 prin-

176 2891 271 2935 cipia
293 2900 546 2937 suggererent,
579 2896 786 2937 consumtis,
816 2897 881 2930 illa
901 2902 1084 2942 perpet-ua
1103 2909 1203 2939 voce,
1236 2899 1384 2937 Quare
1404 2908 1509 2937 11011,
1541 2895 1571 2929 51
1602 2896 1749 2930 tandem
1775 2894 1990 2928 edoceretur

178 2943 407 2986 Aristoteles,
439 2957 569 2981 causas
602 2948 711 2992 hujus
733 2949 784 2983 rei
805 2950 1070 2994 pulcherrimas
1104 2955 1143 2985 et
1173 2951 1284 2996 plane
1305 2949 1533 2984 necessarias
1565 2960 1612 2983 ex
1636 2947 1845 2988 harmoniis,
1878 2951 1922 2982 ut
1940 2957 1988 2980 ex

178 2996 380 3042 archetypo
409 3000 507 3032 reddi
535 3011 668 3043 posse:
699 3007 787 3045 puto
820 3002 920 3036 illum
947 3003 1158 3047 plenissimo
1185 3014 1337 3038 assensu
1364 3007 1404 3037 et
1429 3002 1665 3047 archetypos,
1698 3004 1737 3034 et
1755 2999 1842 3045 quia.
1860 3000 1988 3034 horum

178 3059 302 3093 perse
322 3050 425 3083 nulla
444 3051 608 3086 efficacia
628 3058 695 3093 est,
728 3054 846 3089 Deum
875 3055 994 3089 mundi
1025 3056 1264 3092 architectum
1292 3060 1524 3102 recepturum
1555 3055 1680 3090 fuisse.
1738 3053 1842 3087 Haec
1873 3051 1988 3100 igitur
