2028 3242
23 3152 30 3163 ι
14 2918 44 3134 ἓ“ο’”ςῦῐ1ῑ»ἶῖ1ῦῗιέ’ἐῖ

916 79 1129 113 manium.
1840 80 1924 123 227

118 179 300 215 meae
321 178 537 223 Μ)
562 184 659 217 rediit
683 185 851 218 Liddelius
874 187 908 218 in
930 186 1073 228 patriam
1097 194 1185 218 anno
1210 184 1321 223 1807,
1352 186 1394 219 de
1419 186 1536 219 studiis
1562 190 1674 220 m
1698 189 1926 222 arnon-noeis

119 237 228 272 neque
252 233 355 262 autea
376 239 483 272 neque
516 236 591 272 post
623 232 801 265 disceoeum
832 233 867 264 in
891 232 1038 266 Scotiam
1059 233 1244 276 quidquam
1269 233 1357 265 aliud
1381 234 1525 265 innotuit
1557 233 1608 266 his
1639 235 1806 277 exeepm,
1838 243 1926 279 quae

120 274 236 317 'lydio
261 284 361 320 supra
382 277 534 319 prodidit.
583 278 677 311 Inter
699 289 753 317 ea,
778 289 863 322 quae
878 279 1043 322 Keplerus
1068 280 1200 324 collegit
1224 283 1340 312 contra
1355 279 1474 312 Ursum
1498 281 1533 312 in
1556 280 1721 322 pulfficum
1743 282 1929 324 proditurus

120 322 332 364 (trama
354 325 416 366 ipsi
441 333 463 357 a
486 324 659 366 Tyehone)
685 326 956 368 deprehendimus
981 327 1095 359 literas
1110 326 1253 360 Liddelii
1278 335 1366 359 anne
1393 326 1485 359 158⁷
1509 328 1619 365 datas,
1643 329 1679 360 1ιι
1702 330 1819 371 quibus
1841 329 1926 363 haec

119 370 163 403 de
180 368 353 413 Tyehonis
376 371 547 414 hypothesi
570 374 700 406 scribit:
726 373 892 414 'Pythonis
915 383 1003 406 nova
1016 373 1206 415 hypothesis
1222 375 1330 416 magis
1354 373 1515 417 theologis
1539 379 1573 406 et
1596 375 1737 416 physicis
1762 377 1928 418 arridebit,

119 422 219 461 qm
240 417 301 451 illa
323 418 509 461 Comici,
535 424 570 452 et
592 421 700 452 minus
723 425 887 463 repugnat
910 421 1076 463 principiis
1101 421 1314 464 geometriae,
1339 430 1439 463 quam
1454 421 1649 454 Ptolemaei.
1686 423 1825 456 Tollitur
1846 423 1926 456 illud

118 464 160 497 de
183 463 303 497 Hastis
327 469 362 498 et
385 465 526 499 Veneris
546 472 624 500 cum
650 466 728 500 Sole
750 476 913 499 concursu
937 468 1081 507 dubium,
1107 478 1182 500 cum
1206 468 1448 500 semidiametro
1473 468 1586 500 circuli
1611 470 1661 501 sui
1685 469 1776 502 Mars
1802 480 1825 503 a
1849 470 1925 504 Sole

118 519 248 554 semper
270 513 368 551 absit,
393 514 457 555 quo
479 515 515 546 iu
537 514 646 556 spatio
669 514 755 546 orbis
779 513 920 547 Veneris
944 515 993 547 ita
1018 515 1234 552 concluditur,
1258 518 1296 546 ut
1319 524 1488 557 nunqnam
1512 525 1586 548 cum
1611 515 1720 548 Marte
1746 518 1921 550 coincidat-

119 558 348 592 Controkerala
370 560 413 592 de
436 561 566 593 orbibus
589 561 720 593 silentio
743 563 914 602 praeteriri
938 566 1058 604 queat.
1092 568 1170 595 nam
1203 561 1247 595 ad
1276 566 1384 594 motus
1410 561 1495 594 Solis
1520 567 1579 595 aut
1603 567 1785 596 ceterorum
1808 565 1923 607 plane-

117 610 228 639 tarum
251 607 497 650 eognoscendus
520 607 602 640 nihil
624 608 718 640 facit.

213 653 267 686 Ad
290 654 376 686 haec
399 653 548 695 Tycho
573 653 788 698 (Uraniburgi
814 655 846 687 d.
871 653 925 686 14.
946 655 1019 688 Oct.
1039 653 1102 696 8⁷)
1125 655 1312 698 respondit:
1337 656 1423 698 quod
1447 660 1517 689 tam
1540 657 1623 689 scite
1646 661 1791 690 mentem
1815 667 1925 691 meam

117 702 266 734 unitam
290 711 327 733 es
350 710 393 733 ex
416 702 464 734 eis
489 701 705 739 documentis,
731 711 817 744 quae
842 712 918 734 cnm
935 713 1065 735 mecum
1079 712 1183 738 esses.
1208 702 1277 735 solo
1294 703 1452 746 colloquio
1470 704 1609 745 adeptus
1630 708 1678 742 es,
1704 706 1923 748 congratulor

118 747 203 780 Rem
227 748 347 780 videris
372 757 436 781 acu
460 750 621 792 tetigisse·
648 767 693 772 —
717 749 813 786 Jam,
849 750 1015 791 explicata
1038 756 1099 783 sua
1124 750 1164 782 de
1189 750 1407 792 superioribus
1430 751 1574 792 planetis
1605 751 1798 792 hypothesi,
1832 753 1927 785 addit

117 793 252 836 Pytho:
282 793 394 828 Nolim
417 801 453 828 te
477 805 552 828 eam
574 796 720 838 pluribus
746 806 951 829 communem
975 798 1098 835 fuere,
1123 797 1183 830 sed
1207 796 1251 830 da
1275 806 1419 839 operam,
1444 803 1482 830 ut
1504 799 1539 830 in
1556 797 1718 830 Mne-rio
1743 803 1778 831 et
1793 798 1925 832 Venere

117 842 204 875 idem
227 842 316 884 quod
338 843 373 875 in
397 844 500 875 tribus
525 843 694 875 altioribus
719 845 914 886 assequaris.

210 888 272 921 ms
296 889 399 927 forte,
425 899 512 932 quae
536 891 649 922 ultimo
673 891 744 922 loco
767 891 880 923 scribit
903 891 1036 932 Tycho,
1069 891 1173 923 verbis
1196 895 1306 923 motus
1329 891 1517 928 Liddelius,
1552 901 1727 935 aggressus
1755 892 1924 926 inferiores

117 935 287 978 planem,
310 946 380 969 rem
402 938 531 979 proprio
556 937 665 969 Marte
691 938 848 975 absolvit,
874 947 974 980 seque
998 939 1103 979 ipsum
1127 939 1330 971 inventorem
1354 947 1460 970 novae
1483 938 1673 980 hypofliesis
1696 939 1923 980 praedicabat.

120 982 271 1016 Daniel
296 982 534 1020 Cramerus
566 986 619 1017 cui
645 984 840 1040 Oligerus
862 984 1204 1017 Roseukranzius
1229 985 1451 1023 indicaverat,
1476 985 1661 1018 Liddelium
1686 995 1842 1029 arrogare
1864 988 1926 1020 uhi

116 1030 283 1072 ‘Pychonis
304 1031 526 1064 inventionem
549 1032 705 1074 illumque
728 1033 840 1074 ipsum
857 1036 979 1064 testem
1006 1032 1186 1074 producere
1204 1032 1433 1065 affirmationis
1449 1041 1542 1070 suae,
1567 1033 1715 1065 infensus
1738 1034 1924 1075 respondit·

119 1077 242 1110 Docuit
258 1077 302 1110 D.
318 1077 490 1111 Liddelius
513 1080 547 1111 in
573 1080 747 1112 academia
762 1079 990 1111 Bostochiana
1004 1080 1222 1117 mathemata,
1247 1080 1378 1122 quando
1403 1089 1465 1122 ego
1491 1080 1621 1112 auditor
1642 1080 1700 1118 fui,
1725 1088 1815 1113 anno
1832 1079 1925 1114 1588

118 1129 153 1157 et
176 1125 344 1167 sequenti:
382 1126 469 1158 inter
494 1130 607 1159 cetera
632 1127 824 1168 explicando
849 1128 949 1158 etiam
973 1131 1097 1158 motum
1121 1127 1302 1159 secundum
1323 1129 1420 1167 Juxta
1445 1127 1604 1168 triplicem
1627 1126 1841 1169 hypothesin,
1864 1128 1923 1160 Al-

117 1171 366 1214 phonsinorum,
393 1172 583 1214 Copernici,
610 1179 644 1205 et
669 1174 768 1206 aliam
792 1174 976 1206 tertiam
1001 1183 1166 1206 ιιοιιιιι.
1215 1173 1268 1206 De
1291 1173 1356 1206 hac
1380 1174 1480 1205 tertia
1504 1184 1591 1206 nunc
1617 1175 1737 1216 agitur,
1764 1177 1856 1216 cuins
1881 1176 1925 1207 sit

114 1219 268 1252 auctoris.
319 1218 376 1252 Me
400 1225 529 1261 oportet
550 1220 687 1253 reddere
711 1221 955 1258 testimonium,
983 1230 1088 1261 egone
1114 1219 1358 1262 respondeam?
1392 1220 1607 1262 Respondeat
1630 1222 1702 1262 ipse
1727 1221 1923 1260 Duneanus,

115 1265 213 1345 idqe
242 1275 283 1299 ex
307 1267 435 1308 scriptis
460 1269 714 1304 commentariis,
740 1277 824 1310 quae
850 1277 913 1310 ego
939 1267 1046 1300 adhuc
1069 1267 1167 1299 hodie
1191 1277 1320 1300 mecum
1345 1277 1437 1299 servo
1462 1268 1550 1300 bona
1573 1267 1659 1305 fide,
1684 1277 1771 1310 quae
1794 1273 1830 1301 et
1853 1278 1923 1302 ser-

114 1322 181 1346 van
219 1313 275 1347 alii
298 1313 411 1352 multi,
436 1319 518 1347 tunc
542 1315 787 1352 adolescentes,
812 1325 900 1347 nunc
924 1315 1003 1351 viri,
1030 1316 1085 1356 qui
1109 1319 1179 1346 tum
1202 1316 1357 1357 temporis
1382 1314 1500 1347 eadem
1525 1315 1672 1355 ejusdem
1695 1316 1747 1348 usi
1771 1320 1850 1348 sunt
1871 1317 1922 1348 in·

115 1361 286 1393 stitutione
307 1361 446 1403 privata.
495 1361 534 1393 In
558 1362 673 1404 quibus
698 1362 941 1394 commentariis
965 1361 1149 1394 Duncanus
1173 1371 1293 1394 novam
1316 1361 1407 1394 illam
1433 1361 1618 1403 diatyposin
1643 1363 1823 1404 appellavit
1845 1363 1921 1405 ⁸1⁸5·

116 1405 405 1445 chonianam,
436 1409 533 1451 idque
559 1410 718 1451 expressis
744 1409 876 1450 syllabis
901 1409 1078 1451 literisque.
1129 1411 1193 1446 At,
1217 1410 1342 1451 inquis,
1375 1418 1464 1441 nunc
1490 1409 1584 1440 aliter
1606 1408 1806 1442 Hehnstadii
1830 1410 1921 1448 dieta
1941 1418 1947 1438 ’-

116 1455 214 1488 aliter
235 1455 342 1487 docet.
379 1454 419 1488 Id
442 1465 517 1488 vero
542 1466 605 1498 ego
630 1466 748 1497 capere
772 1466 839 1488 non
861 1466 1004 1497 possum,
1032 1455 1202 1497 quomodo.
1242 1457 1269 1488 si
1288 1455 1470 1488 Duncanus
1494 1465 1579 1487 unm
1602 1457 1648 1487 sit
1671 1460 1706 1488 et
1729 1466 1803 1489 esee
1828 1457 1918 1495 velit,
1943 1460 1949 1491 ὲ

114 1500 286 1535 Rostoeffl
308 1501 396 1535 hanc
411 1502 606 1544 hypothesin
623 1504 683 1535 sibi
700 1503 872 1545 derogare,
898 1502 1096 1534 Helmstadii
1120 1512 1196 1535 vero
1221 1502 1535 1545 eandem’arrogare
1549 1511 1609 1544 per
1623 1509 1695 1535 tam
1710 1503 1809 1536 bren
1832 1504 1921 1538 loce-
1935 1515 1944 1540 .’

114 1558 188 1581 ιιιιιι
209 1549 428 1591 temporisque
451 1550 658 1582 intervallum
683 1549 809 1592 queat⁹
847 1549 1027 1589 ..Quid
1050 1549 1187 1581 multis?
1224 1549 1364 1582 Barbari
1389 1549 1498 1581 dicere
1515 1550 1688 1582 solebant.
1711 1554 1809 1592 prout
1827 1553 1922 1592 jacet

114 1596 231 1634 Βία-ις
253 1597 304 1628 ita
325 1596 379 1629 hic
404 1597 579 1629 dicendum
600 1599 671 1638 J‘am
696 1602 759 1634 est,
784 1607 824 1630 ex
849 1573 981 1628 dictatis
1006 1596 1238 1628 Rostochianis
1263 1597 1404 1630 Liddelii
1428 1597 1561 1629 tertiam
1584 1595 1797 1638 hypothesin,
1820 1607 1922 1640 quarn

115 1646 151 1675 et
172 1638 261 1676 novi
281 1642 408 1685 placita
431 1644 558 1676 solebat
582 1644 764 1686 appellare,
790 1655 856 1676 non
881 1643 1053 1680 numani,
1079 1644 1138 1676 sed
1162 1643 1327 1684 Tychonis
1352 1653 1435 1676 esse.

292 1690 461 1730 .Quando
480 1691 662 1724 Duncanus
685 1691 775 1723 haud
801 1692 937 1723 obscure
962 1691 1143 1733 colligeret,
1168 1699 1291 1733 magno
1316 1691 1476 1732 applausu
1493 1691 1598 1732 excipi
1614 1690 1780 1732 'I‘Jchonis
1803 1700 1923 1725 novam

0 1757 9 1767 r
80 1712 322 1780 v‘luypothenin
346 1742 427 1770 tunc
451 1739 569 1776 laudis,
594 1743 631 1770 nt
656 1739 780 1780 opinor,
806 1740 983 1770 immatura
1003 1738 1161 1770 aviditate
1176 1738 1323 1780 flagrans
1348 1738 1402 1777 (ut
1417 1742 1490 1770 erat
1503 1742 1627 1770 natura
1641 1737 1839 1780 gloriosior),
1863 1740 1921 1772 uni

115 1787 151 1817 et
173 1785 268 1818 alteri
292 1795 424 1817 suorum
449 1786 633 1818 auditorum
658 1790 755 1818 coetu
779 1786 911 1817 dimisso
935 1786 1138 1817 insusurrare
1171 1786 1316 1822 solebat,
1350 1795 1386 1817 se
1416 1785 1539 1817 habere
1563 1785 1676 1817 literas
1698 1787 1830 1827 propria
1851 1785 1920 1827 Ty-

115 1831 229 1865 chonis
251 1841 353 1864 manu
377 1837 542 1870 exaratas,
566 1834 600 1865 in
625 1833 740 1875 quibus
757 1833 870 1874 Tycho
893 1833 939 1864 illi
955 1832 1044 1864 hanc
1059 1831 1255 1873 hypothesin
1273 1833 1450 1868 adscribat,
1475 1831 1526 1863 his
1549 1833 1637 1864 inter
1661 1836 1775 1865 cetera
1797 1833 1920 1866 verbis:

117 1886 207 1916 „nm
230 1888 295 1912 acu
318 1880 479 1922 tetigisti“
507 1878 597 1919 (vide
622 1878 749 1921 supra)
798 1879 924 1911 Verum
946 1888 1115 1920 nunquam
1139 1883 1253 1911 tamen
1284 1879 1382 1921 plene
1413 1879 1527 1911 literas
1562 1888 1638 1915 eas,
1672 1880 1752 1911 mihi
1776 1880 1919 1922 quidun,

114 1926 269 1959 visendas
290 1926 490 1969 legendasve
514 1927 647 1959 volebat
677 1928 815 1968 aperire.
864 1926 1040 1967 Exemplar
1068 1927 1223 1963 istarum,
1256 1936 1338 1968 quas
1368 1927 1496 1966 jactat,
1529 1926 1698 1958 literarum
1720 1925 1921 1959 Helmstadii

114 1972 312 2015 descriptum
346 1983 435 2006 nunc
459 1974 536 2029 legi.
586 1974 653 2007 Sed
676 1974 771 2006 lectis
802 1973 863 2005 illis
889 1974 1006 2005 merito
1030 1973 1198 2005 exclamo.
1234 1973 1312 2015 quid
1337 1977 1388 2004 est
1413 1972 1495 2005 ollas
1520 1977 1556 2005 et
1580 1973 1768 2006 cucurbitas
1792 1973 1918 2016 lippire,

59 2019 73 2030 ²
115 2020 144 2051 si
166 2018 230 2052 hoc
253 2031 321 2053 non
344 2020 412 2052 sit?
450 2020 494 2053 Se
517 2021 622 2062 ipsum
648 2030 760 2053 amare
786 2026 820 2053 et
844 2030 979 2062 sapere,
1013 2021 1066 2051 vix
1089 2020 1163 2052 Jovi
1189 2020 1395 2053 conceditur:
1429 2021 1619 2063 perstringit
1642 2021 1730 2052 euim
1755 2029 1847 2053 amor
1869 2022 1919 2053 sui

117 2067 239 2105 oculos,
263 2071 302 2100 ut
325 2068 402 2110 quid
428 2067 536 2100 album
563 2077 585 2100 a
607 2069 700 2109 nigro
726 2067 837 2104 distet,
863 2068 1004 2100 discerni
1021 2077 1087 2098 non
1103 2072 1262 2108 queat..
1281 2091 1288 2099 .
1339 2066 1458 2099 Cum
1482 2076 1571 2099 anno
1591 2065 1680 2100 1591
1709 2077 1728 2100 e
1751 2068 1922 2109 palaestra

117 2113 311 2147 academica
334 2114 561 2146 Rostochiana
586 2116 714 2146 avocati
740 2115 884 2147 essemus
910 2121 944 2157 et
976 2114 1232 2146 substitissemus
1257 2090 1403 2146 Hafriiae
1433 2114 1640 2156 aliquandiu,
1674 2115 1835 2148 indultum
1870 2119 1922 2147 est

115 2161 265 2202 utrique,
298 2165 336 2193 ut
361 2162 404 2192 ad
427 2161 567 2193 insulam
588 2161 766 2193 Huennam
791 2171 1042 2194 excurreremus.
1092 2160 1157 2192 Ubi
1180 2161 1257 2193 illuc
1287 2166 1422 2194 ventum
1455 2166 1521 2198 est,
1558 2185 1566 2192 .
1586 2185 1594 2193 .
1614 2185 1622 2192 .
1643 2185 1651 2192 .
1676 2162 1855 2194 familiares
1886 2166 1921 2194 et

118 2207 267 2240 eruditae
292 2207 482 2240 collationes
507 2208 548 2240 de
581 2204 680 2239 'rebus
703 2209 800 2239 variis
837 2209 981 2249 itemque
1006 2207 1047 2239 de
1073 2212 1143 2239 arte
1169 2209 1390 2240 astronomica
1417 2208 1622 2245 inciderunt,
1654 2213 1688 2240 et
1716 2210 1830 2241 nescio
1853 2218 1921 2251 qua

117 2255 291 2286 occasione
315 2255 357 2286 de
382 2254 544 2291 Brucaeo,
570 2255 612 2286 de
639 2255 787 2286 Liddelio
813 2259 847 2286 et
871 2254 943 2285 aliis
968 2255 1001 2285 in
1024 2254 1089 2285 hac
1113 2255 1254 2286 scientia
1277 2259 1357 2286 tunc
1380 2255 1536 2296 temporis
1559 2256 1595 2286 in
1619 2255 1796 2287 academia
1810 2255 1917 2287 Rosa-

115 2311 188 2333 rum
212 2301 320 2333 claris.
359 2301 456 2333 Sensi
481 2305 593 2333 autem
618 2302 730 2332 statim
754 2311 821 2332 non
844 2301 968 2332 levibus
994 2310 1034 2332 ex
1057 2301 1171 2342 signis,
1197 2301 1388 2341 Tychonem
1412 2302 1542 2333 sinisue
1559 2302 1681 2333 sentire
1699 2302 1740 2333 de
1756 2302 1918 2339 Liddelio,

118 2348 204 2390 quod
227 2349 256 2380 is
282 2358 343 2384 ea,
375 2358 460 2390 quae
491 2357 531 2379 ex
553 2349 680 2389 privato
706 2357 779 2379 cum
804 2347 960 2388 Tychone
985 2347 1162 2388 colloquio,
1197 2347 1328 2388 qnando
1353 2352 1432 2380 ante
1461 2348 1507 2379 ibi
1536 2347 1670 2384 fuisset,
1703 2349 1816 2380 furtim
1840 2349 1918 2380 sub-

117 2395 274 2432 duxisset,
301 2396 374 2427 aliis
398 2397 431 2426 in
458 2395 633 2427 academia
654 2395 797 2435 injussus
820 2394 1037 2435 propalasset.
1083 2393 1152 2435 Ego
1178 2395 1332 2426 excusavi
1354 2395 1470 2430 virum,
1495 2395 1582 2435 quod
1604 2395 1632 2425 is
1656 2405 1724 2426 non
1747 2395 1809 2426 sihi
1832 2403 1919 2436 nova

115 2441 174 2474 illa
195 2442 321 2484 placita
346 2447 550 2485 arrogasset,
583 2441 641 2473 sed
671 2442 863 2473 nominatim
888 2441 947 2471 sub
972 2440 1184 2481 Tyehoniano
1214 2441 1310 2472 titulo
1336 2445 1370 2472 et
1392 2440 1515 2472 honore
1539 2442 1771 2482 proposuisset.
1821 2441 1919 2481 Quod

115 2495 191 2521 cum
216 2489 391 2522 difficulter
414 2490 475 2521 sibi
499 2493 667 2530 pateretur
691 2488 878 2528 persuaderi
902 2487 946 2518 D.
965 2487 1088 2527 Tycho,
1115 2492 1295 2528 opportune
1319 2487 1498 2524 incidebat,
1521 2497 1576 2519 me
1600 2488 1706 2519 subito
1729 2489 1918 2521 interventu

114 2534 213 2568 fidem
237 2537 347 2569 facere
370 2546 465 2578 posse
489 2537 568 2568 libro
593 2544 675 2566 meo,
691 2533 741 2573 (in
765 2544 828 2575 quo
846 2533 986 2566 Liddelii
1015 2534 1143 2566 dictata
1168 2532 1448 2573 continebantur),
1476 2544 1573 2575 quem
1595 2543 1698 2566 manu
1721 2535 1853 2576 propria
1876 2545 1917 2567 ex

115 2591 171 2614 ore
195 2584 294 2624 ipsius
319 2585 530 2625 excepissem.
583 2582 656 2621 Quo
680 2582 748 2613 viso
773 2581 936 2622 acquievit
958 2580 1057 2621 plane
1082 2581 1131 2611 vir
1162 2581 1299 2617 nobilis,
1332 2585 1366 2612 et
1396 2581 1436 2612 de
1467 2581 1539 2612 istis
1563 2582 1806 2613 commentariis
1830 2581 1917 2615 inter

115 2638 175 2661 nos
198 2630 278 2662 nihil
302 2632 476 2673 quicquam
500 2630 637 2671 amplius
673 2632 784 2660 actum
818 2632 868 2659 est
900 2627 942 2658 ab
971 2627 1026 2658 illo
1060 2631 1226 2668 tempore,
1261 2637 1324 2668 quo
1348 2627 1546 2670 Uraniburgi
1580 2637 1642 2669 ego
1668 2631 1702 2659 ct
1725 2632 1762 2660 tu
1785 2628 1915 2661 fuimus.

115 2674 252 2708 Effrieta
275 2678 375 2719 igitur
398 2679 515 2709 fronte
528 2677 701 2713 mentitur,
739 2675 794 2716 qui
818 2674 914 2711 dicit,
941 2673 1095 2714 Tychone
1082 2684 1130 2705 ιιι
1154 2684 1298 2716 unquam
1322 2674 1466 2706 theorias
1491 2674 1705 2706 Liddelianas
1730 2684 1752 2706 a
1774 2685 1829 2707 me
1853 2684 1916 2708 ac-

115 2725 251 2765 cepisse.
288 2725 412 2765 injuria
435 2725 534 2767 igitur
559 2728 608 2755 est
627 2722 728 2758 Secti,
755 2731 858 2762 eaque
882 2722 917 2752 in
940 2730 994 2751 me
1017 2722 1276 2761 injuriosissima,
1302 2721 1388 2762 quod
1411 2731 1464 2752 me
1489 2729 1658 2763 nunquam
1682 2721 1830 2754 auditum·
1851 2721 1915 2755 hoe

114 2771 211 2802 modo
234 2772 269 2802 in
293 2773 514 2803 testimonium
539 2772 589 2802 sui
613 2769 787 2801 falsimonii
812 2769 944 2799 invocat
968 2766 1029 2799 dte.

208 2817 320 2850 Datae
344 2819 408 2850 hae
442 2822 519 2850 sunt
548 2817 665 2849 literae
692 2815 811 2847 stetini
843 2814 943 2845 d.11.
972 2813 1148 2855 CaLApr.
1177 2812 1287 2850 1598,
1323 2823 1443 2855 easque
1478 2814 1691 2846 desumsimus
1725 2824 1766 2846 ex
1797 2815 1915 2848 eadem

115 2873 214 2906 quam
237 2874 336 2906 supra
360 2866 495 2897 diximus
522 2865 714 2896 collectione
739 2862 875 2902 Kepleri
906 2859 1002 2900 (Mss.
1026 2861 1159 2901 Petrop.
1186 2861 1247 2891 vol.
1274 2859 1355 2900 V.;)
1379 2862 1527 2903 integras
1553 2865 1665 2893 autem
1688 2861 1762 2894 inas
1787 2862 1915 2895 addidit

114 2910 300 2943 Eanschius
324 2911 426 2944 literis
450 2911 614 2952 Tychonis
638 2912 672 2942 in
699 2908 873 2950 „Epistolis
900 2908 944 2939 ad
958 2907 1160 2948 Keplerum⁸‘
1186 2907 1241 2938 fol.
1270 2905 1338 2938 114
1356 2917 1402 2949 sq.
1437 2907 1614 2940 Praemisit
1630 2907 1804 2942 Cramerus
1826 2909 1914 2942 hanc

116 2959 364 2991 annotationem
387 2959 489 2991 literis
514 2959 601 2990 suis·
641 2955 810 2996 „Tychoni
834 2954 943 2986 Brahe
968 2963 1034 2986 non
1057 2955 1164 2986 minus
1190 2954 1386 2995 aperiendas
1409 2957 1445 2986 et
1467 2954 1627 2997 legendas
1651 2954 1712 2988 &c-

207 3004 392 3043 Liddelius,
428 3016 527 3048 quum
558 3005 676 3037 certior
699 3003 808 3035 factus
834 3005 921 3034 esset
946 3001 987 3033 de
1011 3000 1157 3033 Crameri
1187 3001 1307 3038 literis,
1338 3001 1485 3033 infensus
1514 3002 1692 3044 respondit.
1740 3003 1794 3037 Ad
1819 3013 1915 3045 quem

114 3053 358 3092 responsionem
382 3062 476 3084 suam
500 3051 734 3094 perscripserit,
759 3059 825 3081 non
851 3052 993 3086 constat,
1019 3057 1093 3080 cum
1116 3047 1175 3079 illa
1199 3024 1362 3089 descripta
1385 3049 1464 3080 insit
1480 3049 1575 3081 dictis
1598 3051 1840 3092 manuscriptis,
1866 3052 1913 3083 sic

1552 3106 1593 3138 15
1608 3107 1631 3126 ⁴*

1949 2500 1973 2735 ν·”··“κ.,Ν
1946 2450 1966 2488 ,A
