<?xml version="1.0" encoding="UTF-8"?>
<!DOCTYPE html PUBLIC "-//W3C//DTD XHTML 1.0 Transitional//EN"
    "http://www.w3.org/TR/xhtml1/DTD/xhtml1-transitional.dtd">
<html xmlns="http://www.w3.org/1999/xhtml" xml:lang="en" lang="en">
 <head>
  <title>
</title>
<meta http-equiv="Content-Type" content="text/html;charset=utf-8" />
  <meta name='ocr-system' content='tesseract 3.04.00' />
  <meta name='ocr-capabilities' content='ocr_page ocr_carea ocr_par ocr_line ocrx_word'/>
</head>
<body>
  <div class='ocr_page' id='page_1' title='image "./operaomniaedidit01kepluoft/operaomniaedidit01kepluoft_0317.png"; bbox 0 0 2028 3242; ppageno 0'>
   <div class='ocr_carea' id='block_1_1' title="bbox 467 8 1934 55">
    <p class='ocr_par' dir='ltr' id='par_1_1' title="bbox 467 8 1934 55">
     <span class='ocr_line' id='line_1_1' title="bbox 467 8 1934 55; baseline -0.001 -11"><span class='ocrx_word' id='word_1_1' title='bbox 467 11 601 44; x_wconf 85' lang='lat' dir='ltr'><strong>Literae</strong></span> <span class='ocrx_word' id='word_1_2' title='bbox 627 10 761 53; x_wconf 82' lang='lat' dir='ltr'><strong>Kepleri</strong></span> <span class='ocrx_word' id='word_1_3' title='bbox 795 11 1001 52; x_wconf 80' lang='lat' dir='ltr'><strong>aliorumque</strong></span> <span class='ocrx_word' id='word_1_4' title='bbox 1025 17 1164 45; x_wconf 80' lang='lat' dir='ltr'><strong>mutuae</strong></span> <span class='ocrx_word' id='word_1_5' title='bbox 1195 10 1237 45; x_wconf 83' lang='lat' dir='ltr'><strong>de</strong></span> <span class='ocrx_word' id='word_1_6' title='bbox 1260 13 1358 45; x_wconf 71' lang='lat' dir='ltr'><strong>rebus</strong></span> <span class='ocrx_word' id='word_1_7' title='bbox 1382 12 1596 55; x_wconf 68' lang='lat' dir='ltr'>astrologicis.</span> <span class='ocrx_word' id='word_1_8' title='bbox 1847 8 1934 54; x_wconf 75' lang='lat'><strong>295</strong></span> 
     </span>
    </p>
   </div>
   <div class='ocr_carea' id='block_1_2' title="bbox 76 115 1936 989">
    <p class='ocr_par' dir='ltr' id='par_1_2' title="bbox 130 115 1935 461">
     <span class='ocr_line' id='line_1_2' title="bbox 130 115 1933 169; baseline 0.001 -12"><span class='ocrx_word' id='word_1_9' title='bbox 130 117 254 168; x_wconf 82' lang='lat' dir='ltr'><strong>elegit</strong></span> <span class='ocrx_word' id='word_1_10' title='bbox 287 116 469 157; x_wconf 83' lang='lat' dir='ltr'><strong>modum:</strong></span> <span class='ocrx_word' id='word_1_11' title='bbox 513 116 548 156; x_wconf 90' lang='lat' dir='ltr'><strong>si</strong></span> <span class='ocrx_word' id='word_1_12' title='bbox 579 115 653 157; x_wconf 90' lang='lat' dir='ltr'><strong>Sol</strong></span> <span class='ocrx_word' id='word_1_13' title='bbox 690 116 755 157; x_wconf 91' lang='lat' dir='ltr'><strong>die</strong></span> <span class='ocrx_word' id='word_1_14' title='bbox 795 116 1022 156; x_wconf 87' lang='lat' dir='ltr'><strong>nativitatis</strong></span> <span class='ocrx_word' id='word_1_15' title='bbox 1066 117 1271 169; x_wconf 85' lang='lat' dir='ltr'><strong>cujusdam</strong></span> <span class='ocrx_word' id='word_1_16' title='bbox 1314 118 1486 158; x_wconf 88' lang='lat' dir='ltr'><strong>hominis</strong></span> <span class='ocrx_word' id='word_1_17' title='bbox 1523 123 1677 159; x_wconf 81' lang='lat' dir='ltr'><strong>certum</strong></span> <span class='ocrx_word' id='word_1_18' title='bbox 1721 118 1849 158; x_wconf 81' lang='lat' dir='ltr'><strong>locum</strong></span> <span class='ocrx_word' id='word_1_19' title='bbox 1892 118 1933 159; x_wconf 93' lang='lat' dir='ltr'><strong>iu</strong></span> 
     </span>
     <span class='ocr_line' id='line_1_3' title="bbox 130 174 1931 229; baseline 0 -13"><span class='ocrx_word' id='word_1_20' title='bbox 130 174 295 216; x_wconf 78' lang='lat' dir='ltr'><strong>zodiaco</strong></span> <span class='ocrx_word' id='word_1_21' title='bbox 327 175 499 215; x_wconf 80' lang='lat' dir='ltr'><strong>obtinuit</strong></span> <span class='ocrx_word' id='word_1_22' title='bbox 536 180 578 215; x_wconf 87' lang='lat' dir='ltr'><strong>et</strong></span> <span class='ocrx_word' id='word_1_23' title='bbox 607 175 772 227; x_wconf 81' lang='lat' dir='ltr'><strong>planeta</strong></span> <span class='ocrx_word' id='word_1_24' title='bbox 804 174 951 227; x_wconf 88' lang='lat' dir='ltr'><strong>aliquis</strong></span> <span class='ocrx_word' id='word_1_25' title='bbox 989 176 1244 227; x_wconf 85' lang='lat' dir='ltr'><strong>postmodum</strong></span> <span class='ocrx_word' id='word_1_26' title='bbox 1281 176 1364 216; x_wconf 85' lang='lat' dir='ltr'><strong>alio</strong></span> <span class='ocrx_word' id='word_1_27' title='bbox 1396 177 1568 229; x_wconf 88' lang='lat' dir='ltr'><strong>quodam</strong></span> <span class='ocrx_word' id='word_1_28' title='bbox 1598 176 1801 218; x_wconf 83' lang='lat' dir='ltr'><strong>invenitur</strong></span> <span class='ocrx_word' id='word_1_29' title='bbox 1829 175 1931 224; x_wconf 83' lang='lat' dir='ltr'><strong>loco,</strong></span> 
     </span>
     <span class='ocr_line' id='line_1_4' title="bbox 131 234 1932 287; baseline 0 -12"><span class='ocrx_word' id='word_1_30' title='bbox 131 234 346 275; x_wconf 84' lang='lat' dir='ltr'><strong>secundum</strong></span> <span class='ocrx_word' id='word_1_31' title='bbox 376 234 671 286; x_wconf 77' lang='lat' dir='ltr'><strong>astrologorum</strong></span> <span class='ocrx_word' id='word_1_32' title='bbox 703 234 945 273; x_wconf 86' lang='lat' dir='ltr'><strong>sententiam</strong></span> <span class='ocrx_word' id='word_1_33' title='bbox 977 234 1110 286; x_wconf 75' lang='lat' dir='ltr'><strong>gravi,</strong></span> <span class='ocrx_word' id='word_1_34' title='bbox 1143 240 1350 286; x_wconf 89' lang='lat' dir='ltr'><strong>computat</strong></span> <span class='ocrx_word' id='word_1_35' title='bbox 1382 240 1479 287; x_wconf 88' lang='lat' dir='ltr'><strong>quot</strong></span> <span class='ocrx_word' id='word_1_36' title='bbox 1509 236 1650 275; x_wconf 84' lang='lat' dir='ltr'><strong>diebus</strong></span> <span class='ocrx_word' id='word_1_37' title='bbox 1681 248 1707 274; x_wconf 88' lang='lat' dir='ltr'><strong>a</strong></span> <span class='ocrx_word' id='word_1_38' title='bbox 1735 235 1932 275; x_wconf 82' lang='lat' dir='ltr'><strong>nativita-</strong></span> 
     </span>
     <span class='ocr_line' id='line_1_5' title="bbox 130 290 1935 344; baseline 0.002 -13"><span class='ocrx_word' id='word_1_39' title='bbox 130 292 185 332; x_wconf 88' lang='lat' dir='ltr'><strong>tis</strong></span> <span class='ocrx_word' id='word_1_40' title='bbox 215 291 280 332; x_wconf 87' lang='lat' dir='ltr'><strong>die</strong></span> <span class='ocrx_word' id='word_1_41' title='bbox 312 290 385 332; x_wconf 92' lang='lat' dir='ltr'><strong>Sol</strong></span> <span class='ocrx_word' id='word_1_42' title='bbox 416 293 467 331; x_wconf 89' lang='lat' dir='ltr'><strong>ad</strong></span> <span class='ocrx_word' id='word_1_43' title='bbox 499 293 666 332; x_wconf 89' lang='lat' dir='ltr'><strong>eundem</strong></span> <span class='ocrx_word' id='word_1_44' title='bbox 697 292 924 344; x_wconf 82' lang='lat' dir='ltr'><strong>pervenerit</strong></span> <span class='ocrx_word' id='word_1_45' title='bbox 954 292 1104 340; x_wconf 80' lang='lat' dir='ltr'><strong>locum3</strong></span> <span class='ocrx_word' id='word_1_46' title='bbox 1140 305 1327 332; x_wconf 86' lang='lat' dir='ltr'><strong>numerus</strong></span> <span class='ocrx_word' id='word_1_47' title='bbox 1367 294 1504 333; x_wconf 90' lang='lat' dir='ltr'><strong>horum</strong></span> <span class='ocrx_word' id='word_1_48' title='bbox 1545 294 1696 334; x_wconf 86' lang='lat' dir='ltr'><strong>dierum</strong></span> <span class='ocrx_word' id='word_1_49' title='bbox 1735 293 1935 344; x_wconf 81' lang='lat' dir='ltr'><strong>siguificat</strong></span> 
     </span>
     <span class='ocr_line' id='line_1_6' title="bbox 131 350 1933 404; baseline 0.001 -14"><span class='ocrx_word' id='word_1_50' title='bbox 131 350 301 391; x_wconf 87' lang='lat' dir='ltr'><strong>totidem</strong></span> <span class='ocrx_word' id='word_1_51' title='bbox 332 363 478 399; x_wconf 87' lang='lat' dir='ltr'><strong>annos,</strong></span> <span class='ocrx_word' id='word_1_52' title='bbox 511 351 652 403; x_wconf 89' lang='lat' dir='ltr'><strong>quibus</strong></span> <span class='ocrx_word' id='word_1_53' title='bbox 685 350 835 402; x_wconf 89' lang='lat' dir='ltr'><strong>elapsis</strong></span> <span class='ocrx_word' id='word_1_54' title='bbox 866 350 958 390; x_wconf 89' lang='lat' dir='ltr'><strong>inde</strong></span> <span class='ocrx_word' id='word_1_55' title='bbox 990 364 1015 390; x_wconf 91' lang='lat' dir='ltr'><strong>a</strong></span> <span class='ocrx_word' id='word_1_56' title='bbox 1044 350 1274 391; x_wconf 85' lang='lat' dir='ltr'><strong>nativitatis</strong></span> <span class='ocrx_word' id='word_1_57' title='bbox 1307 351 1372 391; x_wconf 91' lang='lat' dir='ltr'><strong>die</strong></span> <span class='ocrx_word' id='word_1_58' title='bbox 1405 352 1468 391; x_wconf 88' lang='lat' dir='ltr'><strong>vis</strong></span> <span class='ocrx_word' id='word_1_59' title='bbox 1503 352 1618 404; x_wconf 88' lang='lat' dir='ltr'><strong>hujus</strong></span> <span class='ocrx_word' id='word_1_60' title='bbox 1651 352 1933 392; x_wconf 86' lang='lat' dir='ltr'><strong>constellatio-</strong></span> 
     </span>
     <span class='ocr_line' id='line_1_7' title="bbox 130 409 1284 461; baseline -0.001 -11"><span class='ocrx_word' id='word_1_61' title='bbox 130 409 194 450; x_wconf 86' lang='lat' dir='ltr'><strong>nis</strong></span> <span class='ocrx_word' id='word_1_62' title='bbox 222 409 412 461; x_wconf 85' lang='lat' dir='ltr'><strong>prodibit.</strong></span> <span class='ocrx_word' id='word_1_63' title='bbox 1281 417 1284 419; x_wconf 71' lang='grc'><strong>’</strong></span> 
     </span>
    </p>

    <p class='ocr_par' dir='ltr' id='par_1_3' title="bbox 76 466 1936 989">
     <span class='ocr_line' id='line_1_8' title="bbox 249 466 1933 520; baseline 0 -12"><span class='ocrx_word' id='word_1_64' title='bbox 249 467 509 520; x_wconf 84' lang='lat' dir='ltr'><strong>Praecipnam</strong></span> <span class='ocrx_word' id='word_1_65' title='bbox 538 467 619 507; x_wconf 85' lang='lat' dir='ltr'><strong>vim</strong></span> <span class='ocrx_word' id='word_1_66' title='bbox 657 466 806 506; x_wconf 85' lang='lat' dir='ltr'><strong>babent</strong></span> <span class='ocrx_word' id='word_1_67' title='bbox 845 466 1061 506; x_wconf 86' lang='lat' dir='ltr'><strong>secundum</strong></span> <span class='ocrx_word' id='word_1_68' title='bbox 1099 467 1327 518; x_wconf 76' lang='lat' dir='ltr'><strong>astrologos</strong></span> <span class='ocrx_word' id='word_1_69' title='bbox 1359 468 1571 508; x_wconf 80' lang='lat' dir='ltr'><strong>duodecim</strong></span> <span class='ocrx_word' id='word_1_70' title='bbox 1610 468 1764 508; x_wconf 80' lang='lat' dir='ltr'><strong>zodiaci</strong></span> <span class='ocrx_word' id='word_1_71' title='bbox 1801 467 1933 520; x_wconf 84' lang='lat' dir='ltr'><strong>signa,</strong></span> 
     </span>
     <span class='ocr_line' id='line_1_9' title="bbox 132 524 1936 579; baseline 0 -12"><span class='ocrx_word' id='word_1_72' title='bbox 132 525 331 579; x_wconf 85' lang='lat' dir='ltr'><strong>disposita</strong></span> <span class='ocrx_word' id='word_1_73' title='bbox 342 538 430 567; x_wconf 85' lang='lat' dir='ltr'><strong>cnm</strong></span> <span class='ocrx_word' id='word_1_74' title='bbox 449 526 555 574; x_wconf 87' lang='lat' dir='ltr'><strong>bina,</strong></span> <span class='ocrx_word' id='word_1_75' title='bbox 589 530 672 565; x_wconf 86' lang='lat' dir='ltr'><strong>tum</strong></span> <span class='ocrx_word' id='word_1_76' title='bbox 691 524 796 564; x_wconf 77' lang='lat' dir='ltr'><strong>trina</strong></span> <span class='ocrx_word' id='word_1_77' title='bbox 823 525 893 566; x_wconf 69' lang='lat' dir='ltr'><strong>ac.</strong></span> <span class='ocrx_word' id='word_1_78' title='bbox 957 524 1054 565; x_wconf 83' lang='lat' dir='ltr'><strong>Alia</strong></span> <span class='ocrx_word' id='word_1_79' title='bbox 1085 530 1179 565; x_wconf 87' lang='lat' dir='ltr'><strong>sunt</strong></span> <span class='ocrx_word' id='word_1_80' title='bbox 1209 525 1379 573; x_wconf 81' lang='lat' dir='ltr'><strong>aestiva,</strong></span> <span class='ocrx_word' id='word_1_81' title='bbox 1413 526 1496 566; x_wconf 84' lang='lat' dir='ltr'><strong>alia</strong></span> <span class='ocrx_word' id='word_1_82' title='bbox 1526 527 1716 574; x_wconf 53' lang='lat' dir='ltr'><strong>hiberum</strong></span> <span class='ocrx_word' id='word_1_83' title='bbox 1748 527 1830 567; x_wconf 89' lang='lat' dir='ltr'><strong>alia</strong></span> <span class='ocrx_word' id='word_1_84' title='bbox 1859 539 1936 567; x_wconf 46' lang='lat' dir='ltr'><strong>‹ta-⁷</strong></span> 
     </span>
     <span class='ocr_line' id='line_1_10' title="bbox 132 583 1933 637; baseline -0.001 -11"><span class='ocrx_word' id='word_1_85' title='bbox 132 585 227 634; x_wconf 85' lang='lat' dir='ltr'><strong>lida,</strong></span> <span class='ocrx_word' id='word_1_86' title='bbox 260 583 459 637; x_wconf 83' lang='lat' dir='ltr'><strong>aquatica,</strong></span> <span class='ocrx_word' id='word_1_87' title='bbox 491 589 628 624; x_wconf 88' lang='lat' dir='ltr'><strong>terrea</strong></span> <span class='ocrx_word' id='word_1_88' title='bbox 646 583 742 630; x_wconf 64' lang='grc' dir='ltr'><strong>δια,</strong></span> <span class='ocrx_word' id='word_1_89' title='bbox 777 584 998 623; x_wconf 76' lang='lat' dir='ltr'><strong>masculina</strong></span> <span class='ocrx_word' id='word_1_90' title='bbox 1020 588 1061 623; x_wconf 89' lang='lat' dir='ltr'><strong>et</strong></span> <span class='ocrx_word' id='word_1_91' title='bbox 1080 583 1279 632; x_wconf 78' lang='lat' dir='ltr'><strong>feminina,</strong></span> <span class='ocrx_word' id='word_1_92' title='bbox 1314 585 1484 624; x_wconf 82' lang='lat' dir='ltr'><strong>humana</strong></span> <span class='ocrx_word' id='word_1_93' title='bbox 1505 590 1547 625; x_wconf 87' lang='lat' dir='ltr'><strong>et</strong></span> <span class='ocrx_word' id='word_1_94' title='bbox 1565 585 1683 625; x_wconf 83' lang='lat' dir='ltr'><strong>bruta</strong></span> <span class='ocrx_word' id='word_1_95' title='bbox 1702 586 1774 625; x_wconf 66' lang='lat' dir='ltr'><strong>ac.</strong></span> <span class='ocrx_word' id='word_1_96' title='bbox 1836 584 1933 625; x_wconf 90' lang='lat' dir='ltr'><strong>Sin-</strong></span> 
     </span>
     <span class='ocr_line' id='line_1_11' title="bbox 131 642 1934 697; baseline -0.001 -13"><span class='ocrx_word' id='word_1_97' title='bbox 131 645 248 697; x_wconf 85' lang='lat' dir='ltr'><strong>gulae</strong></span> <span class='ocrx_word' id='word_1_98' title='bbox 290 643 437 684; x_wconf 83' lang='lat' dir='ltr'><strong>Terrae</strong></span> <span class='ocrx_word' id='word_1_99' title='bbox 479 643 662 695; x_wconf 84' lang='lat' dir='ltr'><strong>regiones</strong></span> <span class='ocrx_word' id='word_1_100' title='bbox 702 642 781 682; x_wconf 91' lang='lat' dir='ltr'><strong>illis</strong></span> <span class='ocrx_word' id='word_1_101' title='bbox 820 642 1002 693; x_wconf 87' lang='lat' dir='ltr'><strong>subjecta</strong></span> <span class='ocrx_word' id='word_1_102' title='bbox 1045 647 1160 690; x_wconf 84' lang='lat' dir='ltr'><strong>sunt,</strong></span> <span class='ocrx_word' id='word_1_103' title='bbox 1211 649 1260 682; x_wconf 67' lang='lat' dir='ltr'><strong>etx</strong></span> <span class='ocrx_word' id='word_1_104' title='bbox 1294 643 1353 684; x_wconf 90' lang='lat' dir='ltr'><strong>sic</strong></span> <span class='ocrx_word' id='word_1_105' title='bbox 1392 655 1522 695; x_wconf 87' lang='lat' dir='ltr'><strong>porro.</strong></span> <span class='ocrx_word' id='word_1_106' title='bbox 1553 665 1606 672; x_wconf 89' lang='lat'><strong>—</strong></span> <span class='ocrx_word' id='word_1_107' title='bbox 1634 643 1678 683; x_wconf 90' lang='lat' dir='ltr'><strong>Si</strong></span> <span class='ocrx_word' id='word_1_108' title='bbox 1723 642 1812 695; x_wconf 89' lang='lat' dir='ltr'><strong>quis</strong></span> <span class='ocrx_word' id='word_1_109' title='bbox 1847 655 1934 683; x_wconf 86' lang='lat' dir='ltr'><strong>rem</strong></span> 
     </span>
     <span class='ocr_line' id='line_1_12' title="bbox 129 700 1932 756; baseline -0.001 -14"><span class='ocrx_word' id='word_1_110' title='bbox 129 701 286 756; x_wconf 87' lang='lat' dir='ltr'><strong>plenius</strong></span> <span class='ocrx_word' id='word_1_111' title='bbox 311 713 552 754; x_wconf 80' lang='lat' dir='ltr'><strong>cognoscere</strong></span> <span class='ocrx_word' id='word_1_112' title='bbox 582 700 692 748; x_wconf 85' lang='lat' dir='ltr'><strong>velit,</strong></span> <span class='ocrx_word' id='word_1_113' title='bbox 725 713 814 740; x_wconf 92' lang='lat' dir='ltr'><strong>eum</strong></span> <span class='ocrx_word' id='word_1_114' title='bbox 846 701 1080 752; x_wconf 89' lang='lat' dir='ltr'><strong>ablegamus</strong></span> <span class='ocrx_word' id='word_1_115' title='bbox 1113 701 1163 740; x_wconf 86' lang='lat' dir='ltr'><strong>ad</strong></span> <span class='ocrx_word' id='word_1_116' title='bbox 1183 701 1460 742; x_wconf 88' lang='lat' dir='ltr'><strong>Ptolemaei</strong></span> <span class='ocrx_word' id='word_1_117' title='bbox 1496 702 1588 750; x_wconf 90' lang='lat' dir='ltr'><strong>„De</strong></span> <span class='ocrx_word' id='word_1_118' title='bbox 1612 701 1774 754; x_wconf 90' lang='lat' dir='ltr'><strong>judiciis</strong></span> <span class='ocrx_word' id='word_1_119' title='bbox 1795 706 1932 741; x_wconf 85' lang='lat' dir='ltr'><strong>astro-</strong></span> 
     </span>
     <span class='ocr_line' id='line_1_13' title="bbox 131 758 1933 812; baseline -0.001 -11"><span class='ocrx_word' id='word_1_120' title='bbox 131 759 422 802; x_wconf 70' lang='lat' dir='ltr'><strong>rum“‘Libros</strong></span> <span class='ocrx_word' id='word_1_121' title='bbox 453 760 528 809; x_wconf 92' lang='lat' dir='ltr'><strong>IV,</strong></span> <span class='ocrx_word' id='word_1_122' title='bbox 561 760 623 802; x_wconf 84' lang='lat' dir='ltr'><strong>vel</strong></span> <span class='ocrx_word' id='word_1_123' title='bbox 657 759 708 799; x_wconf 80' lang='lat' dir='ltr'><strong>ad</strong></span> <span class='ocrx_word' id='word_1_124' title='bbox 741 758 964 800; x_wconf 85' lang='lat' dir='ltr'><strong>Cardani</strong></span> <span class='ocrx_word' id='word_1_125' title='bbox 997 758 1337 800; x_wconf 67' lang='lat' dir='ltr'><strong>Commentariun]</strong></span> <span class='ocrx_word' id='word_1_126' title='bbox 1369 761 1421 800; x_wconf 87' lang='lat' dir='ltr'><strong>ad</strong></span> <span class='ocrx_word' id='word_1_127' title='bbox 1452 761 1528 801; x_wconf 88' lang='lat' dir='ltr'><strong>boc</strong></span> <span class='ocrx_word' id='word_1_128' title='bbox 1559 772 1670 812; x_wconf 90' lang='lat' dir='ltr'><strong>opus,</strong></span> <span class='ocrx_word' id='word_1_129' title='bbox 1703 760 1767 800; x_wconf 91' lang='lat' dir='ltr'><strong>vel</strong></span> <span class='ocrx_word' id='word_1_130' title='bbox 1797 760 1933 812; x_wconf 86' lang='lat' dir='ltr'><strong>potis-</strong></span> 
     </span>
     <span class='ocr_line' id='line_1_14' title="bbox 132 815 1929 871; baseline -0.001 -11"><span class='ocrx_word' id='word_1_131' title='bbox 132 820 275 860; x_wconf 81' lang='lat' dir='ltr'><strong>simum</strong></span> <span class='ocrx_word' id='word_1_132' title='bbox 306 818 358 858; x_wconf 86' lang='lat' dir='ltr'><strong>ad</strong></span> <span class='ocrx_word' id='word_1_133' title='bbox 390 817 599 871; x_wconf 80' lang='lat' dir='ltr'><strong>origani</strong></span> <span class='ocrx_word' id='word_1_134' title='bbox 627 817 917 870; x_wconf 86' lang='lat' dir='ltr'><strong>Ephemerides</strong></span> <span class='ocrx_word' id='word_1_135' title='bbox 950 818 1168 864; x_wconf 82' lang='lat' dir='ltr'><strong>(Francof.·</strong></span> <span class='ocrx_word' id='word_1_136' title='bbox 1194 815 1349 866; x_wconf 88' lang='grc'>1609),</span> <span class='ocrx_word' id='word_1_137' title='bbox 1388 819 1454 871; x_wconf 89' lang='lat' dir='ltr'><strong>qui</strong></span> <span class='ocrx_word' id='word_1_138' title='bbox 1485 818 1695 871; x_wconf 83' lang='lat' dir='ltr'><strong>praemisit</strong></span> <span class='ocrx_word' id='word_1_139' title='bbox 1725 818 1787 858; x_wconf 88' lang='lat' dir='ltr'><strong>his</strong></span> <span class='ocrx_word' id='word_1_140' title='bbox 1818 819 1929 858; x_wconf 64' lang='lat' dir='ltr'><strong>inte:-</strong></span> 
     </span>
     <span class='ocr_line' id='line_1_15' title="bbox 76 874 1930 932; baseline 0.001 -17"><span class='ocrx_word' id='word_1_141' title='bbox 76 920 78 922; x_wconf 77' lang='lat'>.</span> <span class='ocrx_word' id='word_1_142' title='bbox 132 889 246 932; x_wconf 83' lang='lat' dir='ltr'><strong>grum</strong></span> <span class='ocrx_word' id='word_1_143' title='bbox 282 878 485 926; x_wconf 84' lang='lat' dir='ltr'><strong>volumen,</strong></span> <span class='ocrx_word' id='word_1_144' title='bbox 529 878 568 916; x_wconf 91' lang='lat' dir='ltr'><strong>iu</strong></span> <span class='ocrx_word' id='word_1_145' title='bbox 610 889 686 928; x_wconf 83' lang='lat' dir='ltr'><strong>qno</strong></span> <span class='ocrx_word' id='word_1_146' title='bbox 730 877 779 916; x_wconf 91' lang='lat' dir='ltr'><strong>de</strong></span> <span class='ocrx_word' id='word_1_147' title='bbox 810 876 1031 927; x_wconf 77' lang='lat' dir='ltr'><strong>astrologia</strong></span> <span class='ocrx_word' id='word_1_148' title='bbox 1068 876 1266 928; x_wconf 82' lang='lat' dir='ltr'><strong>exquisite</strong></span> <span class='ocrx_word' id='word_1_149' title='bbox 1304 883 1346 917; x_wconf 89' lang='lat' dir='ltr'><strong>et</strong></span> <span class='ocrx_word' id='word_1_150' title='bbox 1384 883 1572 917; x_wconf 86' lang='lat' dir='ltr'><strong>accurate</strong></span> <span class='ocrx_word' id='word_1_151' title='bbox 1611 877 1789 929; x_wconf 81' lang='lat' dir='ltr'><strong>(paginis</strong></span> <span class='ocrx_word' id='word_1_152' title='bbox 1822 874 1930 924; x_wconf 79' lang='lat'>790)</span> 
     </span>
     <span class='ocr_line' id='line_1_16' title="bbox 132 937 326 989; baseline -0.01 -12"><span class='ocrx_word' id='word_1_153' title='bbox 132 937 326 989; x_wconf 85' lang='lat' dir='ltr'><strong>disputat.</strong></span> 
     </span>
    </p>
   </div>
   <div class='ocr_carea' id='block_1_3' title="bbox 98 1039 1939 2299">
    <p class='ocr_par' dir='ltr' id='par_1_4' title="bbox 102 1039 1932 1176">
     <span class='ocr_line' id='line_1_17' title="bbox 226 1039 1932 1084; baseline -0.001 -11"><span class='ocrx_word' id='word_1_154' title='bbox 226 1041 287 1074; x_wconf 70' lang='grc' dir='ltr'><strong>Η·-</strong></span> <span class='ocrx_word' id='word_1_155' title='bbox 309 1040 497 1082; x_wconf 80' lang='lat' dir='ltr'><strong>praemissis</strong></span> <span class='ocrx_word' id='word_1_156' title='bbox 519 1040 696 1072; x_wconf 62' lang='lat' dir='ltr'><strong>emimus</strong></span> <span class='ocrx_word' id='word_1_157' title='bbox 721 1039 766 1071; x_wconf 84' lang='lat' dir='ltr'><strong>ad</strong></span> <span class='ocrx_word' id='word_1_158' title='bbox 790 1049 849 1076; x_wconf 84' lang='lat' dir='ltr'><strong>ea,</strong></span> <span class='ocrx_word' id='word_1_159' title='bbox 884 1048 969 1080; x_wconf 84' lang='lat' dir='ltr'><strong>quae</strong></span> <span class='ocrx_word' id='word_1_160' title='bbox 994 1039 1158 1080; x_wconf 78' lang='lat' dir='ltr'><strong>Keplerus</strong></span> <span class='ocrx_word' id='word_1_161' title='bbox 1183 1040 1253 1082; x_wconf 91' lang='lat' dir='ltr'><strong>egit</strong></span> <span class='ocrx_word' id='word_1_162' title='bbox 1286 1050 1362 1072; x_wconf 82' lang='lat' dir='ltr'><strong>cnm</strong></span> <span class='ocrx_word' id='word_1_163' title='bbox 1387 1040 1503 1072; x_wconf 83' lang='lat' dir='ltr'><strong>amicis</strong></span> <span class='ocrx_word' id='word_1_164' title='bbox 1528 1040 1569 1072; x_wconf 89' lang='lat' dir='ltr'><strong>de</strong></span> <span class='ocrx_word' id='word_1_165' title='bbox 1593 1040 1690 1072; x_wconf 82' lang='lat' dir='ltr'><strong>rebus</strong></span> <span class='ocrx_word' id='word_1_166' title='bbox 1716 1040 1932 1084; x_wconf 77' lang='lat' dir='ltr'><strong>astrologicis,</strong></span> 
     </span>
     <span class='ocr_line' id='line_1_18' title="bbox 131 1086 1932 1131; baseline -0.001 -11"><span class='ocrx_word' id='word_1_167' title='bbox 131 1089 320 1131; x_wconf 77' lang='lat' dir='ltr'><strong>libellosque</strong></span> <span class='ocrx_word' id='word_1_168' title='bbox 344 1087 451 1128; x_wconf 77' lang='lat' dir='ltr'><strong>ipsos,</strong></span> <span class='ocrx_word' id='word_1_169' title='bbox 488 1096 567 1129; x_wconf 85' lang='lat' dir='ltr'><strong>quos</strong></span> <span class='ocrx_word' id='word_1_170' title='bbox 593 1086 634 1119; x_wconf 90' lang='lat' dir='ltr'><strong>de</strong></span> <span class='ocrx_word' id='word_1_171' title='bbox 659 1086 837 1130; x_wconf 73' lang='lat' dir='ltr'><strong>astrologia</strong></span> <span class='ocrx_word' id='word_1_172' title='bbox 861 1086 981 1128; x_wconf 84' lang='lat' dir='ltr'><strong>publici</strong></span> <span class='ocrx_word' id='word_1_173' title='bbox 1001 1087 1083 1127; x_wconf 83' lang='lat' dir='ltr'><strong>juris</strong></span> <span class='ocrx_word' id='word_1_174' title='bbox 1120 1086 1216 1124; x_wconf 74' lang='lat' dir='ltr'><strong>fecit,</strong></span> <span class='ocrx_word' id='word_1_175' title='bbox 1251 1088 1323 1129; x_wconf 81' lang='lat' dir='ltr'><strong>qui,</strong></span> <span class='ocrx_word' id='word_1_176' title='bbox 1357 1091 1394 1119; x_wconf 91' lang='lat' dir='ltr'><strong>ut</strong></span> <span class='ocrx_word' id='word_1_177' title='bbox 1426 1087 1583 1124; x_wconf 76' lang='lat' dir='ltr'><strong>diximus,</strong></span> <span class='ocrx_word' id='word_1_178' title='bbox 1625 1088 1723 1128; x_wconf 83' lang='lat' dir='ltr'><strong>pauci</strong></span> <span class='ocrx_word' id='word_1_179' title='bbox 1749 1092 1844 1125; x_wconf 87' lang='lat' dir='ltr'><strong>sunt,</strong></span> <span class='ocrx_word' id='word_1_180' title='bbox 1881 1097 1932 1120; x_wconf 85' lang='lat' dir='ltr'><strong>re-</strong></span> 
     </span>
     <span class='ocr_line' id='line_1_19' title="bbox 102 1133 790 1176; baseline -0.009 -6"><span class='ocrx_word' id='word_1_181' title='bbox 102 1154 109 1164; x_wconf 72' lang='lat'>«</span> <span class='ocrx_word' id='word_1_182' title='bbox 133 1144 299 1170; x_wconf 76' lang='lat' dir='ltr'><strong>servamus</strong></span> <span class='ocrx_word' id='word_1_183' title='bbox 324 1133 493 1166; x_wconf 78' lang='lat' dir='ltr'><strong>addendos</strong></span> <span class='ocrx_word' id='word_1_184' title='bbox 517 1133 620 1166; x_wconf 85' lang='lat' dir='ltr'><strong>literis</strong></span> <span class='ocrx_word' id='word_1_185' title='bbox 644 1134 790 1176; x_wconf 79' lang='lat' dir='ltr'><strong>privatis.</strong></span> 
     </span>
    </p>

    <p class='ocr_par' dir='ltr' id='par_1_5' title="bbox 98 1177 1937 1735">
     <span class='ocr_line' id='line_1_20' title="bbox 227 1177 1933 1222; baseline -0.002 -8"><span class='ocrx_word' id='word_1_186' title='bbox 227 1180 527 1215; x_wconf 78' lang='lat' dir='ltr'><strong>Calendarium</strong></span> <span class='ocrx_word' id='word_1_187' title='bbox 551 1181 631 1212; x_wconf 86' lang='lat' dir='ltr'><strong>anni</strong></span> <span class='ocrx_word' id='word_1_188' title='bbox 657 1177 747 1212; x_wconf 76' lang='lat'>¹595</span> <span class='ocrx_word' id='word_1_189' title='bbox 773 1180 959 1222; x_wconf 85' lang='lat' dir='ltr'><strong>Tubingam</strong></span> <span class='ocrx_word' id='word_1_190' title='bbox 982 1180 1071 1211; x_wconf 79' lang='lat' dir='ltr'><strong>misit</strong></span> <span class='ocrx_word' id='word_1_191' title='bbox 1097 1179 1272 1222; x_wconf 79' lang='lat' dir='ltr'><strong>Keplerus,</strong></span> <span class='ocrx_word' id='word_1_192' title='bbox 1300 1179 1548 1212; x_wconf 76' lang='lat' dir='ltr'><strong>Maestlino</strong></span> <span class='ocrx_word' id='word_1_193' title='bbox 1572 1179 1626 1212; x_wconf 90' lang='lat' dir='ltr'><strong>die</strong></span> <span class='ocrx_word' id='word_1_194' title='bbox 1651 1177 1707 1211; x_wconf 79' lang='lat'><strong>29.</strong></span> <span class='ocrx_word' id='word_1_195' title='bbox 1726 1179 1800 1212; x_wconf 84' lang='lat' dir='ltr'><strong>Oct.</strong></span> <span class='ocrx_word' id='word_1_196' title='bbox 1829 1178 1933 1217; x_wconf 73' lang='lat'><strong>¹594,</strong></span> 
     </span>
     <span class='ocr_line' id='line_1_21' title="bbox 133 1226 1935 1269; baseline 0 -9"><span class='ocrx_word' id='word_1_197' title='bbox 133 1230 174 1263; x_wconf 80' lang='lat' dir='ltr'><strong>de</strong></span> <span class='ocrx_word' id='word_1_198' title='bbox 200 1233 314 1268; x_wconf 64' lang='lat' dir='ltr'><strong>„mm</strong></span> <span class='ocrx_word' id='word_1_199' title='bbox 336 1237 443 1260; x_wconf 82' lang='lat' dir='ltr'><strong>rernm</strong></span> <span class='ocrx_word' id='word_1_200' title='bbox 467 1228 621 1260; x_wconf 73' lang='lat' dir='ltr'><strong>suarum‘*</strong></span> <span class='ocrx_word' id='word_1_201' title='bbox 648 1227 862 1269; x_wconf 78' lang='lat' dir='ltr'><strong>perscribens.</strong></span> <span class='ocrx_word' id='word_1_202' title='bbox 889 1227 932 1258; x_wconf 85' lang='lat' dir='ltr'><strong>ab</strong></span> <span class='ocrx_word' id='word_1_203' title='bbox 950 1235 1053 1268; x_wconf 84' lang='lat' dir='ltr'><strong>eoque</strong></span> <span class='ocrx_word' id='word_1_204' title='bbox 1069 1232 1196 1268; x_wconf 80' lang='lat' dir='ltr'><strong>petens,</strong></span> <span class='ocrx_word' id='word_1_205' title='bbox 1221 1230 1261 1258; x_wconf 87' lang='lat' dir='ltr'><strong>ut</strong></span> <span class='ocrx_word' id='word_1_206' title='bbox 1286 1227 1510 1268; x_wconf 81' lang='lat' dir='ltr'><strong>..exemplaria</strong></span> <span class='ocrx_word' id='word_1_207' title='bbox 1534 1226 1724 1259; x_wconf 69' lang='lat' dir='ltr'><strong>calendarii</strong></span> <span class='ocrx_word' id='word_1_208' title='bbox 1750 1236 1772 1259; x_wconf 85' lang='lat' dir='ltr'><strong>a</strong></span> <span class='ocrx_word' id='word_1_209' title='bbox 1794 1237 1831 1259; x_wconf 82' lang='lat' dir='ltr'><strong>se</strong></span> <span class='ocrx_word' id='word_1_210' title='bbox 1856 1227 1935 1260; x_wconf 77' lang='lat' dir='ltr'><strong>editi</strong></span> 
     </span>
     <span class='ocr_line' id='line_1_22' title="bbox 133 1273 1935 1318; baseline -0.001 -10"><span class='ocrx_word' id='word_1_211' title='bbox 133 1278 186 1314; x_wconf 74' lang='lat' dir='ltr'><strong>iis,</strong></span> <span class='ocrx_word' id='word_1_212' title='bbox 223 1276 342 1318; x_wconf 76' lang='lat' dir='ltr'><strong>quibus</strong></span> <span class='ocrx_word' id='word_1_213' title='bbox 365 1275 523 1315; x_wconf 77' lang='lat' dir='ltr'><strong>inscripta</strong></span> <span class='ocrx_word' id='word_1_214' title='bbox 547 1278 676 1311; x_wconf 81' lang='lat' dir='ltr'><strong>erant‚“</strong></span> <span class='ocrx_word' id='word_1_215' title='bbox 704 1274 923 1306; x_wconf 75' lang='lat' dir='ltr'><strong>distribueret.</strong></span> <span class='ocrx_word' id='word_1_216' title='bbox 973 1273 1109 1306; x_wconf 69' lang='lat' dir='ltr'><strong>noerae</strong></span> <span class='ocrx_word' id='word_1_217' title='bbox 1132 1274 1211 1313; x_wconf 82' lang='lat' dir='ltr'><strong>hae,</strong></span> <span class='ocrx_word' id='word_1_218' title='bbox 1237 1274 1354 1316; x_wconf 78' lang='lat' dir='ltr'><strong>quibus</strong></span> <span class='ocrx_word' id='word_1_219' title='bbox 1375 1274 1539 1315; x_wconf 87' lang='lat' dir='ltr'><strong>Keplerus</strong></span> <span class='ocrx_word' id='word_1_220' title='bbox 1564 1274 1695 1306; x_wconf 86' lang='lat' dir='ltr'><strong>initium</strong></span> <span class='ocrx_word' id='word_1_221' title='bbox 1720 1273 1801 1306; x_wconf 76' lang='lat' dir='ltr'><strong>fecit</strong></span> <span class='ocrx_word' id='word_1_222' title='bbox 1823 1273 1935 1310; x_wconf 76' lang='lat' dir='ltr'><strong>liten-</strong></span> 
     </span>
     <span class='ocr_line' id='line_1_23' title="bbox 132 1317 1934 1363; baseline -0.003 -7"><span class='ocrx_word' id='word_1_223' title='bbox 132 1333 204 1356; x_wconf 81' lang='lat' dir='ltr'><strong>rnm</strong></span> <span class='ocrx_word' id='word_1_224' title='bbox 235 1321 419 1355; x_wconf 73' lang='lat' dir='ltr'><strong>dandarum</strong></span> <span class='ocrx_word' id='word_1_225' title='bbox 452 1322 776 1363; x_wconf 67' lang='lat' dir='ltr'><strong>recipiendumque</strong></span> <span class='ocrx_word' id='word_1_226' title='bbox 802 1330 877 1353; x_wconf 90' lang='lat' dir='ltr'><strong>cum</strong></span> <span class='ocrx_word' id='word_1_227' title='bbox 905 1319 1095 1357; x_wconf 79' lang='lat' dir='ltr'><strong>Maestlino,</strong></span> <span class='ocrx_word' id='word_1_228' title='bbox 1140 1321 1174 1352; x_wconf 90' lang='lat' dir='ltr'><strong>in</strong></span> <span class='ocrx_word' id='word_1_229' title='bbox 1213 1321 1406 1354; x_wconf 81' lang='lat' dir='ltr'><strong>collectione</strong></span> <span class='ocrx_word' id='word_1_230' title='bbox 1443 1321 1738 1361; x_wconf 82' lang='lat' dir='ltr'><strong>manuscriptorum</strong></span> <span class='ocrx_word' id='word_1_231' title='bbox 1767 1317 1934 1363; x_wconf 86' lang='lat' dir='ltr'><strong>Stuttgar-</strong></span> 
     </span>
     <span class='ocr_line' id='line_1_24' title="bbox 131 1365 1933 1410; baseline -0.002 -8"><span class='ocrx_word' id='word_1_232' title='bbox 131 1370 229 1403; x_wconf 64' lang='lat' dir='ltr'><strong>riensi</strong></span> <span class='ocrx_word' id='word_1_233' title='bbox 253 1367 374 1410; x_wconf 80' lang='lat' dir='ltr'><strong>(comp.</strong></span> <span class='ocrx_word' id='word_1_234' title='bbox 398 1378 430 1409; x_wconf 87' lang='lat' dir='ltr'><strong>p.</strong></span> <span class='ocrx_word' id='word_1_235' title='bbox 457 1366 508 1406; x_wconf 79' lang='lat'><strong>7.)</strong></span> <span class='ocrx_word' id='word_1_236' title='bbox 534 1367 663 1400; x_wconf 79' lang='lat' dir='ltr'><strong>desunt.</strong></span> <span class='ocrx_word' id='word_1_237' title='bbox 712 1366 971 1408; x_wconf 85' lang='lat' dir='ltr'><strong>Responsionem</strong></span> <span class='ocrx_word' id='word_1_238' title='bbox 1002 1377 1077 1399; x_wconf 85' lang='lat' dir='ltr'><strong>vero</strong></span> <span class='ocrx_word' id='word_1_239' title='bbox 1112 1367 1335 1399; x_wconf 82' lang='lat' dir='ltr'><strong>Maestlini</strong></span> <span class='ocrx_word' id='word_1_240' title='bbox 1371 1367 1501 1399; x_wconf 86' lang='lat' dir='ltr'><strong>exhibet</strong></span> <span class='ocrx_word' id='word_1_241' title='bbox 1530 1366 1720 1399; x_wconf 84' lang='lat' dir='ltr'><strong>Hanschius</strong></span> <span class='ocrx_word' id='word_1_242' title='bbox 1751 1376 1782 1407; x_wconf 90' lang='lat' dir='ltr'><strong>p.</strong></span> <span class='ocrx_word' id='word_1_243' title='bbox 1810 1365 1843 1398; x_wconf 65' lang='lat' dir='ltr'><strong>i.</strong></span> <span class='ocrx_word' id='word_1_244' title='bbox 1877 1367 1933 1399; x_wconf 84' lang='lat' dir='ltr'><strong>de·</strong></span> 
     </span>
     <span class='ocr_line' id='line_1_25' title="bbox 133 1412 1936 1455; baseline -0.002 -6"><span class='ocrx_word' id='word_1_245' title='bbox 133 1420 276 1449; x_wconf 82' lang='lat' dir='ltr'><strong>sumtam</strong></span> <span class='ocrx_word' id='word_1_246' title='bbox 301 1425 320 1447; x_wconf 86' lang='lat' dir='ltr'><strong>e</strong></span> <span class='ocrx_word' id='word_1_247' title='bbox 343 1414 418 1446; x_wconf 83' lang='lat' dir='ltr'><strong>Vol.</strong></span> <span class='ocrx_word' id='word_1_248' title='bbox 438 1414 519 1446; x_wconf 79' lang='lat' dir='ltr'><strong>Mss-</strong></span> <span class='ocrx_word' id='word_1_249' title='bbox 546 1414 698 1446; x_wconf 84' lang='lat' dir='ltr'><strong>Vienuae</strong></span> <span class='ocrx_word' id='word_1_250' title='bbox 730 1418 920 1447; x_wconf 81' lang='lat' dir='ltr'><strong>conservato</strong></span> <span class='ocrx_word' id='word_1_251' title='bbox 954 1412 1043 1453; x_wconf 82' lang='lat' dir='ltr'><strong>(ride</strong></span> <span class='ocrx_word' id='word_1_252' title='bbox 1068 1423 1166 1455; x_wconf 82' lang='lat' dir='ltr'><strong>supra</strong></span> <span class='ocrx_word' id='word_1_253' title='bbox 1197 1424 1229 1455; x_wconf 86' lang='lat' dir='ltr'><strong>p.</strong></span> <span class='ocrx_word' id='word_1_254' title='bbox 1257 1413 1277 1445; x_wconf 87' lang='grc'><strong>7</strong></span> <span class='ocrx_word' id='word_1_255' title='bbox 1303 1418 1338 1446; x_wconf 87' lang='lat' dir='ltr'><strong>et</strong></span> <span class='ocrx_word' id='word_1_256' title='bbox 1362 1413 1448 1453; x_wconf 58' lang='lat'><strong>59).</strong></span> <span class='ocrx_word' id='word_1_257' title='bbox 1498 1413 1709 1455; x_wconf 78' lang='lat' dir='ltr'><strong>Exemplaria</strong></span> <span class='ocrx_word' id='word_1_258' title='bbox 1736 1413 1936 1450; x_wconf 77' lang='lat' dir='ltr'><strong>calendarii,</strong></span> 
     </span>
     <span class='ocr_line' id='line_1_26' title="bbox 131 1460 1937 1503; baseline -0.003 -6"><span class='ocrx_word' id='word_1_259' title='bbox 131 1460 245 1497; x_wconf 75' lang='lat' dir='ltr'><strong>scribit</strong></span> <span class='ocrx_word' id='word_1_260' title='bbox 279 1461 488 1498; x_wconf 74' lang='lat' dir='ltr'><strong>Maestlinns,</strong></span> <span class='ocrx_word' id='word_1_261' title='bbox 526 1471 548 1493; x_wconf 85' lang='lat' dir='ltr'><strong>a</strong></span> <span class='ocrx_word' id='word_1_262' title='bbox 570 1466 605 1493; x_wconf 87' lang='lat' dir='ltr'><strong>te</strong></span> <span class='ocrx_word' id='word_1_263' title='bbox 630 1461 711 1493; x_wconf 90' lang='lat' dir='ltr'><strong>editi</strong></span> <span class='ocrx_word' id='word_1_264' title='bbox 747 1461 895 1492; x_wconf 84' lang='lat' dir='ltr'><strong>distribui</strong></span> <span class='ocrx_word' id='word_1_265' title='bbox 930 1461 988 1495; x_wconf 71' lang='lat' dir='ltr'><strong>iis.</strong></span> <span class='ocrx_word' id='word_1_266' title='bbox 1025 1461 1139 1502; x_wconf 85' lang='lat' dir='ltr'><strong>quibus</strong></span> <span class='ocrx_word' id='word_1_267' title='bbox 1175 1461 1335 1503; x_wconf 80' lang='lat' dir='ltr'><strong>inscripta</strong></span> <span class='ocrx_word' id='word_1_268' title='bbox 1369 1464 1474 1493; x_wconf 78' lang='lat' dir='ltr'><strong>erant-</strong></span> <span class='ocrx_word' id='word_1_269' title='bbox 1526 1460 1579 1493; x_wconf 81' lang='lat' dir='ltr'><strong>Ea</strong></span> <span class='ocrx_word' id='word_1_270' title='bbox 1615 1460 1715 1502; x_wconf 84' lang='lat' dir='ltr'><strong>longe</strong></span> <span class='ocrx_word' id='word_1_271' title='bbox 1747 1461 1937 1502; x_wconf 86' lang='lat' dir='ltr'><strong>gratissima</strong></span> 
     </span>
     <span class='ocr_line' id='line_1_27' title="bbox 130 1507 1936 1550; baseline -0.002 -7"><span class='ocrx_word' id='word_1_272' title='bbox 130 1511 283 1546; x_wconf 68' lang='lat' dir='ltr'><strong>tuorum,</strong></span> <span class='ocrx_word' id='word_1_273' title='bbox 310 1509 375 1541; x_wconf 70' lang='lat' dir='ltr'><strong>nini</strong></span> <span class='ocrx_word' id='word_1_274' title='bbox 399 1508 486 1550; x_wconf 84' lang='lat' dir='ltr'><strong>quod</strong></span> <span class='ocrx_word' id='word_1_275' title='bbox 509 1518 628 1540; x_wconf 79' lang='lat' dir='ltr'><strong>novum</strong></span> <span class='ocrx_word' id='word_1_276' title='bbox 659 1508 781 1546; x_wconf 79' lang='lat' dir='ltr'><strong>stilum,</strong></span> <span class='ocrx_word' id='word_1_277' title='bbox 816 1507 905 1548; x_wconf 87' lang='lat' dir='ltr'><strong>apud</strong></span> <span class='ocrx_word' id='word_1_278' title='bbox 929 1518 988 1539; x_wconf 84' lang='lat' dir='ltr'><strong>nos</strong></span> <span class='ocrx_word' id='word_1_279' title='bbox 1017 1509 1230 1545; x_wconf 86' lang='lat' dir='ltr'><strong>inusitatum,</strong></span> <span class='ocrx_word' id='word_1_280' title='bbox 1262 1518 1336 1540; x_wconf 86' lang='lat' dir='ltr'><strong>cum</strong></span> <span class='ocrx_word' id='word_1_281' title='bbox 1367 1508 1469 1540; x_wconf 83' lang='lat' dir='ltr'><strong>veteri</strong></span> <span class='ocrx_word' id='word_1_282' title='bbox 1493 1512 1602 1539; x_wconf 87' lang='lat' dir='ltr'><strong>nostro</strong></span> <span class='ocrx_word' id='word_1_283' title='bbox 1634 1509 1846 1547; x_wconf 88' lang='lat' dir='ltr'><strong>conjunctum</strong></span> <span class='ocrx_word' id='word_1_284' title='bbox 1869 1517 1936 1539; x_wconf 90' lang='lat' dir='ltr'><strong>nou</strong></span> 
     </span>
     <span class='ocr_line' id='line_1_28' title="bbox 130 1553 1936 1597; baseline -0.003 -7"><span class='ocrx_word' id='word_1_285' title='bbox 130 1557 266 1591; x_wconf 75' lang='lat' dir='ltr'><strong>habent.</strong></span> <span class='ocrx_word' id='word_1_286' title='bbox 315 1555 448 1588; x_wconf 75' lang='lat' dir='ltr'><strong>Gratias</strong></span> <span class='ocrx_word' id='word_1_287' title='bbox 472 1564 540 1587; x_wconf 85' lang='lat' dir='ltr'><strong>una</strong></span> <span class='ocrx_word' id='word_1_288' title='bbox 563 1564 693 1587; x_wconf 86' lang='lat' dir='ltr'><strong>mecum</strong></span> <span class='ocrx_word' id='word_1_289' title='bbox 718 1558 823 1597; x_wconf 88' lang='lat' dir='ltr'><strong>agunt</strong></span> <span class='ocrx_word' id='word_1_290' title='bbox 847 1555 1008 1586; x_wconf 85' lang='lat' dir='ltr'><strong>maximas</strong></span> <span class='ocrx_word' id='word_1_291' title='bbox 1032 1558 1129 1596; x_wconf 88' lang='lat' dir='ltr'><strong>teque</strong></span> <span class='ocrx_word' id='word_1_292' title='bbox 1155 1556 1187 1586; x_wconf 90' lang='lat' dir='ltr'><strong>in</strong></span> <span class='ocrx_word' id='word_1_293' title='bbox 1214 1556 1356 1587; x_wconf 87' lang='lat' dir='ltr'><strong>statione</strong></span> <span class='ocrx_word' id='word_1_294' title='bbox 1381 1555 1439 1587; x_wconf 92' lang='lat' dir='ltr'><strong>illa</strong></span> <span class='ocrx_word' id='word_1_295' title='bbox 1463 1558 1523 1586; x_wconf 88' lang='lat' dir='ltr'><strong>tua</strong></span> <span class='ocrx_word' id='word_1_296' title='bbox 1547 1563 1682 1596; x_wconf 86' lang='lat' dir='ltr'><strong>pergere</strong></span> <span class='ocrx_word' id='word_1_297' title='bbox 1704 1553 1838 1594; x_wconf 86' lang='lat' dir='ltr'><strong>jubent,</strong></span> <span class='ocrx_word' id='word_1_298' title='bbox 1874 1562 1936 1585; x_wconf 89' lang='lat' dir='ltr'><strong>nec</strong></span> 
     </span>
     <span class='ocr_line' id='line_1_29' title="bbox 132 1600 1935 1644; baseline -0.003 -7"><span class='ocrx_word' id='word_1_299' title='bbox 132 1604 266 1637; x_wconf 82' lang='lat' dir='ltr'><strong>dubium</strong></span> <span class='ocrx_word' id='word_1_300' title='bbox 289 1606 360 1640; x_wconf 72' lang='lat' dir='ltr'><strong>est,</strong></span> <span class='ocrx_word' id='word_1_301' title='bbox 385 1603 463 1644; x_wconf 82' lang='lat' dir='ltr'><strong>quin</strong></span> <span class='ocrx_word' id='word_1_302' title='bbox 488 1612 549 1644; x_wconf 92' lang='lat' dir='ltr'><strong>ope</strong></span> <span class='ocrx_word' id='word_1_303' title='bbox 574 1601 684 1634; x_wconf 75' lang='lat' dir='ltr'><strong>divina</strong></span> <span class='ocrx_word' id='word_1_304' title='bbox 709 1600 864 1643; x_wconf 80' lang='lat' dir='ltr'><strong>Spartam</strong></span> <span class='ocrx_word' id='word_1_305' title='bbox 887 1604 981 1633; x_wconf 78' lang='lat' dir='ltr'><strong>tuam</strong></span> <span class='ocrx_word' id='word_1_306' title='bbox 1006 1602 1138 1644; x_wconf 88' lang='lat' dir='ltr'><strong>egregie</strong></span> <span class='ocrx_word' id='word_1_307' title='bbox 1162 1602 1206 1633; x_wconf 87' lang='lat' dir='ltr'><strong>sis</strong></span> <span class='ocrx_word' id='word_1_308' title='bbox 1232 1606 1455 1634; x_wconf 85' lang='lat' dir='ltr'><strong>exomaturus.</strong></span> <span class='ocrx_word' id='word_1_309' title='bbox 1483 1625 1491 1632; x_wconf 87' lang='lat'>.</span> <span class='ocrx_word' id='word_1_310' title='bbox 1512 1623 1520 1632; x_wconf 84' lang='lat'><strong>.</strong></span> <span class='ocrx_word' id='word_1_311' title='bbox 1542 1622 1551 1631; x_wconf 94' lang='lat'><strong><em>.</em></strong></span> <span class='ocrx_word' id='word_1_312' title='bbox 1584 1600 1711 1632; x_wconf 80' lang='lat' dir='ltr'><strong>Thema</strong></span> <span class='ocrx_word' id='word_1_313' title='bbox 1737 1600 1845 1633; x_wconf 78' lang='lat' dir='ltr'><strong>affinis</strong></span> <span class='ocrx_word' id='word_1_314' title='bbox 1870 1601 1935 1632; x_wconf 89' lang='lat' dir='ltr'><strong>mei</strong></span> 
     </span>
     <span class='ocr_line' id='line_1_30' title="bbox 131 1647 1937 1690; baseline -0.003 -6"><span class='ocrx_word' id='word_1_315' title='bbox 131 1650 163 1684; x_wconf 84' lang='lat' dir='ltr'><strong>J.</strong></span> <span class='ocrx_word' id='word_1_316' title='bbox 181 1650 218 1683; x_wconf 84' lang='lat' dir='ltr'><strong>C.</strong></span> <span class='ocrx_word' id='word_1_317' title='bbox 236 1647 441 1682; x_wconf 77' lang='lat' dir='ltr'><strong>Burckhardi</strong></span> <span class='ocrx_word' id='word_1_318' title='bbox 463 1649 608 1682; x_wconf 85' lang='lat' dir='ltr'><strong>nondum</strong></span> <span class='ocrx_word' id='word_1_319' title='bbox 633 1649 763 1680; x_wconf 88' lang='lat' dir='ltr'><strong>omnino</strong></span> <span class='ocrx_word' id='word_1_320' title='bbox 780 1648 914 1690; x_wconf 81' lang='lat' dir='ltr'><strong>perlegi,</strong></span> <span class='ocrx_word' id='word_1_321' title='bbox 941 1657 1003 1680; x_wconf 88' lang='lat' dir='ltr'><strong>nec</strong></span> <span class='ocrx_word' id='word_1_322' title='bbox 1017 1648 1123 1680; x_wconf 86' lang='lat' dir='ltr'><strong>adhuc</strong></span> <span class='ocrx_word' id='word_1_323' title='bbox 1143 1657 1255 1680; x_wconf 86' lang='lat' dir='ltr'><strong>socero</strong></span> <span class='ocrx_word' id='word_1_324' title='bbox 1272 1658 1346 1680; x_wconf 87' lang='lat' dir='ltr'><strong>meo</strong></span> <span class='ocrx_word' id='word_1_325' title='bbox 1364 1648 1503 1680; x_wconf 81' lang='lat' dir='ltr'><strong>exhibui.</strong></span> <span class='ocrx_word' id='word_1_326' title='bbox 1552 1647 1585 1678; x_wconf 85' lang='lat' dir='ltr'><strong>Is</strong></span> <span class='ocrx_word' id='word_1_327' title='bbox 1601 1647 1656 1679; x_wconf 90' lang='lat' dir='ltr'><strong>ubi</strong></span> <span class='ocrx_word' id='word_1_328' title='bbox 1674 1656 1763 1678; x_wconf 85' lang='lat' dir='ltr'><strong>nuno</strong></span> <span class='ocrx_word' id='word_1_329' title='bbox 1790 1651 1937 1679; x_wconf 75' lang='lat' dir='ltr'><strong>versetur</strong></span> 
     </span>
     <span class='ocr_line' id='line_1_31' title="bbox 98 1695 329 1735; baseline -0.013 -5"><span class='ocrx_word' id='word_1_330' title='bbox 98 1730 106 1735; x_wconf 79' lang='grc'>,</span> <span class='ocrx_word' id='word_1_331' title='bbox 133 1698 245 1730; x_wconf 75' lang='lat' dir='ltr'><strong>nescio</strong></span> <span class='ocrx_word' id='word_1_332' title='bbox 269 1695 329 1729; x_wconf 62' lang='lat' dir='ltr'><strong>lc.</strong></span> 
     </span>
    </p>

    <p class='ocr_par' dir='ltr' id='par_1_6' title="bbox 131 1739 1936 1926">
     <span class='ocr_line' id='line_1_32' title="bbox 226 1739 1936 1784; baseline -0.002 -9"><span class='ocrx_word' id='word_1_333' title='bbox 226 1743 324 1783; x_wconf 76' lang='lat' dir='ltr'><strong>Quae</strong></span> <span class='ocrx_word' id='word_1_334' title='bbox 357 1743 401 1775; x_wconf 78' lang='lat' dir='ltr'><strong>ad</strong></span> <span class='ocrx_word' id='word_1_335' title='bbox 433 1743 494 1775; x_wconf 82' lang='lat' dir='ltr'><strong>has</strong></span> <span class='ocrx_word' id='word_1_336' title='bbox 517 1741 685 1775; x_wconf 74' lang='lat' dir='ltr'><strong>Maestlini</strong></span> <span class='ocrx_word' id='word_1_337' title='bbox 721 1741 834 1773; x_wconf 76' lang='lat' dir='ltr'><strong>literas</strong></span> <span class='ocrx_word' id='word_1_338' title='bbox 865 1741 1033 1782; x_wconf 77' lang='lat' dir='ltr'><strong>respondit</strong></span> <span class='ocrx_word' id='word_1_339' title='bbox 1054 1741 1237 1782; x_wconf 75' lang='lat' dir='ltr'><strong>Keplerus,</strong></span> <span class='ocrx_word' id='word_1_340' title='bbox 1277 1742 1432 1784; x_wconf 75' lang='lat' dir='ltr'><strong>leguntur</strong></span> <span class='ocrx_word' id='word_1_341' title='bbox 1465 1750 1564 1782; x_wconf 86' lang='lat' dir='ltr'><strong>supra</strong></span> <span class='ocrx_word' id='word_1_342' title='bbox 1595 1750 1627 1781; x_wconf 92' lang='lat' dir='ltr'><strong>p.</strong></span> <span class='ocrx_word' id='word_1_343' title='bbox 1654 1739 1694 1777; x_wconf 83' lang='grc'><strong>7,</strong></span> <span class='ocrx_word' id='word_1_344' title='bbox 1724 1741 1760 1771; x_wconf 87' lang='lat' dir='ltr'><strong>in</strong></span> <span class='ocrx_word' id='word_1_345' title='bbox 1789 1747 1856 1782; x_wconf 80' lang='lat' dir='ltr'><strong>qua</strong></span> <span class='ocrx_word' id='word_1_346' title='bbox 1879 1749 1936 1772; x_wconf 86' lang='lat' dir='ltr'><strong>re-</strong></span> 
     </span>
     <span class='ocr_line' id='line_1_33' title="bbox 131 1785 1935 1834; baseline -0.003 -11"><span class='ocrx_word' id='word_1_347' title='bbox 131 1791 305 1834; x_wconf 60' lang='lat' dir='ltr'><strong>spond-ne</strong></span> <span class='ocrx_word' id='word_1_348' title='bbox 339 1789 520 1831; x_wconf 81' lang='lat' dir='ltr'><strong>Keplerum</strong></span> <span class='ocrx_word' id='word_1_349' title='bbox 550 1788 821 1830; x_wconf 79' lang='lat' dir='ltr'><strong>deprehendimus</strong></span> <span class='ocrx_word' id='word_1_350' title='bbox 854 1788 1106 1821; x_wconf 79' lang='lat' dir='ltr'><strong>divinationibus</strong></span> <span class='ocrx_word' id='word_1_351' title='bbox 1142 1789 1209 1820; x_wconf 82' lang='lat' dir='ltr'><strong>suis</strong></span> <span class='ocrx_word' id='word_1_352' title='bbox 1245 1788 1285 1821; x_wconf 89' lang='lat' dir='ltr'><strong>de</strong></span> <span class='ocrx_word' id='word_1_353' title='bbox 1325 1792 1525 1828; x_wconf 72' lang='lat' dir='ltr'><strong>tempestate</strong></span> <span class='ocrx_word' id='word_1_354' title='bbox 1560 1787 1639 1819; x_wconf 88' lang='lat' dir='ltr'><strong>anni</strong></span> <span class='ocrx_word' id='word_1_355' title='bbox 1675 1785 1766 1818; x_wconf 75' lang='lat'>¹595</span> <span class='ocrx_word' id='word_1_356' title='bbox 1799 1790 1935 1818; x_wconf 84' lang='lat' dir='ltr'><strong>conten-</strong></span> 
     </span>
     <span class='ocr_line' id='line_1_34' title="bbox 132 1833 1935 1878; baseline -0.003 -7"><span class='ocrx_word' id='word_1_357' title='bbox 132 1842 224 1876; x_wconf 79' lang='lat' dir='ltr'><strong>tum,</strong></span> <span class='ocrx_word' id='word_1_358' title='bbox 256 1836 468 1870; x_wconf 68' lang='lat' dir='ltr'><strong>scribentum</strong></span> <span class='ocrx_word' id='word_1_359' title='bbox 502 1837 609 1878; x_wconf 82' lang='lat' dir='ltr'><strong>ipsum</strong></span> <span class='ocrx_word' id='word_1_360' title='bbox 633 1835 764 1877; x_wconf 82' lang='lat' dir='ltr'><strong>quidem</strong></span> <span class='ocrx_word' id='word_1_361' title='bbox 789 1834 1023 1867; x_wconf 79' lang='lat' dir='ltr'><strong>Calendarinm</strong></span> <span class='ocrx_word' id='word_1_362' title='bbox 1048 1835 1155 1867; x_wconf 83' lang='lat' dir='ltr'><strong>adhuc</strong></span> <span class='ocrx_word' id='word_1_363' title='bbox 1180 1833 1253 1874; x_wconf 77' lang='lat'>(18.</span> <span class='ocrx_word' id='word_1_364' title='bbox 1278 1833 1375 1874; x_wconf 82' lang='lat' dir='ltr'><strong>Jan.)</strong></span> <span class='ocrx_word' id='word_1_365' title='bbox 1402 1840 1529 1867; x_wconf 87' lang='lat' dir='ltr'><strong>certum</strong></span> <span class='ocrx_word' id='word_1_366' title='bbox 1555 1838 1617 1866; x_wconf 85' lang='lat' dir='ltr'><strong>est.</strong></span> <span class='ocrx_word' id='word_1_367' title='bbox 1666 1833 1782 1876; x_wconf 81' lang='lat' dir='ltr'><strong>Frigus</strong></span> <span class='ocrx_word' id='word_1_368' title='bbox 1804 1833 1935 1865; x_wconf 81' lang='lat' dir='ltr'><strong>inaudi-</strong></span> 
     </span>
     <span class='ocr_line' id='line_1_35' title="bbox 135 1881 632 1926; baseline -0.01 -8"><span class='ocrx_word' id='word_1_369' title='bbox 135 1890 206 1918; x_wconf 73' lang='lat' dir='ltr'><strong>tnm</strong></span> <span class='ocrx_word' id='word_1_370' title='bbox 227 1885 264 1917; x_wconf 83' lang='lat' dir='ltr'><strong>in</strong></span> <span class='ocrx_word' id='word_1_371' title='bbox 286 1883 339 1916; x_wconf 72' lang='lat' dir='ltr'><strong>his</strong></span> <span class='ocrx_word' id='word_1_372' title='bbox 362 1883 549 1926; x_wconf 80' lang='lat' dir='ltr'><strong>regionibus</strong></span> <span class='ocrx_word' id='word_1_373' title='bbox 574 1881 632 1914; x_wconf 70' lang='lat' dir='ltr'><strong>dte.</strong></span> 
     </span>
    </p>

    <p class='ocr_par' dir='ltr' id='par_1_7' title="bbox 135 1926 1939 2299">
     <span class='ocr_line' id='line_1_36' title="bbox 228 1926 1936 1969; baseline -0.004 -5"><span class='ocrx_word' id='word_1_374' title='bbox 228 1931 350 1964; x_wconf 72' lang='lat' dir='ltr'><strong>Iisdem</strong></span> <span class='ocrx_word' id='word_1_375' title='bbox 387 1930 434 1962; x_wconf 77' lang='lat' dir='ltr'><strong>ad</strong></span> <span class='ocrx_word' id='word_1_376' title='bbox 464 1929 678 1961; x_wconf 75' lang='lat' dir='ltr'><strong>Maestlinum</strong></span> <span class='ocrx_word' id='word_1_377' title='bbox 713 1928 800 1960; x_wconf 82' lang='lat' dir='ltr'><strong>datis</strong></span> <span class='ocrx_word' id='word_1_378' title='bbox 836 1928 939 1960; x_wconf 74' lang='lat' dir='ltr'><strong>literis</strong></span> <span class='ocrx_word' id='word_1_379' title='bbox 976 1928 1127 1968; x_wconf 75' lang='lat' dir='ltr'><strong>adiunxit</strong></span> <span class='ocrx_word' id='word_1_380' title='bbox 1161 1927 1323 1969; x_wconf 71' lang='lat' dir='ltr'><strong>Keplerm</strong></span> <span class='ocrx_word' id='word_1_381' title='bbox 1362 1927 1475 1959; x_wconf 75' lang='lat' dir='ltr'><strong>literas</strong></span> <span class='ocrx_word' id='word_1_382' title='bbox 1510 1927 1554 1959; x_wconf 90' lang='lat' dir='ltr'><strong>ad</strong></span> <span class='ocrx_word' id='word_1_383' title='bbox 1585 1927 1668 1958; x_wconf 80' lang='lat' dir='ltr'><strong>alios</strong></span> <span class='ocrx_word' id='word_1_384' title='bbox 1704 1926 1780 1959; x_wconf 89' lang='lat' dir='ltr'><strong>olim</strong></span> <span class='ocrx_word' id='word_1_385' title='bbox 1820 1935 1936 1968; x_wconf 79' lang='lat' dir='ltr'><strong>„prae-</strong></span> 
     </span>
     <span class='ocr_line' id='line_1_37' title="bbox 135 1973 1935 2020; baseline -0.003 -9"><span class='ocrx_word' id='word_1_386' title='bbox 135 1977 305 2020; x_wconf 69' lang='lat' dir='ltr'><strong>ceptor-ee*</strong></span> <span class='ocrx_word' id='word_1_387' title='bbox 355 1986 452 2013; x_wconf 73' lang='lat' dir='ltr'><strong>snos,</strong></span> <span class='ocrx_word' id='word_1_388' title='bbox 498 1976 767 2008; x_wconf 77' lang='lat' dir='ltr'><strong>Matthaeum</strong></span> <span class='ocrx_word' id='word_1_389' title='bbox 815 1974 1168 2007; x_wconf 79' lang='lat' dir='ltr'><strong>Hafenrefferum</strong></span> <span class='ocrx_word' id='word_1_390' title='bbox 1233 1973 1315 2014; x_wconf 87' lang='lat' dir='ltr'>(,.D.</span> <span class='ocrx_word' id='word_1_391' title='bbox 1357 1974 1400 2006; x_wconf 85' lang='lat' dir='ltr'><strong>D.</strong></span> <span class='ocrx_word' id='word_1_392' title='bbox 1449 1973 1654 2006; x_wconf 77' lang='lat' dir='ltr'><strong>Hafeoeffero</strong></span> <span class='ocrx_word' id='word_1_393' title='bbox 1699 1973 1804 2006; x_wconf 86' lang='lat' dir='ltr'><strong>scribo</strong></span> <span class='ocrx_word' id='word_1_394' title='bbox 1854 1973 1935 2006; x_wconf 78' lang='lat' dir='ltr'><strong>hac-</strong></span> 
     </span>
     <span class='ocr_line' id='line_1_38' title="bbox 139 2019 1935 2064; baseline -0.004 -6"><span class='ocrx_word' id='word_1_395' title='bbox 139 2021 258 2061; x_wconf 49' lang='lat' dir='ltr'><strong>tunm</strong></span> <span class='ocrx_word' id='word_1_396' title='bbox 289 2027 325 2056; x_wconf 83' lang='lat' dir='ltr'><strong>et</strong></span> <span class='ocrx_word' id='word_1_397' title='bbox 354 2026 425 2064; x_wconf 79' lang='lat' dir='ltr'><strong>jam</strong></span> <span class='ocrx_word' id='word_1_398' title='bbox 458 2024 632 2064; x_wconf 77' lang='lat' dir='ltr'><strong>septimam</strong></span> <span class='ocrx_word' id='word_1_399' title='bbox 666 2023 824 2063; x_wconf 85' lang='lat' dir='ltr'><strong>paginam</strong></span> <span class='ocrx_word' id='word_1_400' title='bbox 857 2022 1002 2054; x_wconf 83' lang='lat' dir='ltr'><strong>absolvi“</strong></span> <span class='ocrx_word' id='word_1_401' title='bbox 1039 2022 1178 2053; x_wconf 86' lang='lat' dir='ltr'><strong>nunciat</strong></span> <span class='ocrx_word' id='word_1_402' title='bbox 1201 2019 1396 2059; x_wconf 84' lang='lat' dir='ltr'><strong>Maestlino)</strong></span> <span class='ocrx_word' id='word_1_403' title='bbox 1429 2025 1464 2053; x_wconf 89' lang='lat' dir='ltr'><strong>et</strong></span> <span class='ocrx_word' id='word_1_404' title='bbox 1490 2020 1752 2061; x_wconf 80' lang='lat' dir='ltr'><strong>Stephanum</strong></span> <span class='ocrx_word' id='word_1_405' title='bbox 1786 2019 1935 2057; x_wconf 70' lang='lat' dir='ltr'><strong>vGrerla-</strong></span> 
     </span>
     <span class='ocr_line' id='line_1_39' title="bbox 137 2065 1939 2111; baseline -0.003 -8"><span class='ocrx_word' id='word_1_406' title='bbox 137 2071 271 2103; x_wconf 83' lang='lat' dir='ltr'><strong>chium</strong></span> <span class='ocrx_word' id='word_1_407' title='bbox 295 2068 497 2111; x_wconf 80' lang='lat' dir='ltr'><strong>(theologiae</strong></span> <span class='ocrx_word' id='word_1_408' title='bbox 513 2069 728 2110; x_wconf 78' lang='lat' dir='ltr'><strong>professorem</strong></span> <span class='ocrx_word' id='word_1_409' title='bbox 745 2068 885 2110; x_wconf 87' lang='lat' dir='ltr'><strong>Tubing.</strong></span> <span class='ocrx_word' id='word_1_410' title='bbox 911 2067 934 2108; x_wconf 85' lang='lat'>†</span> <span class='ocrx_word' id='word_1_411' title='bbox 948 2065 1067 2107; x_wconf 83' lang='lat'>1612).</span> <span class='ocrx_word' id='word_1_412' title='bbox 1116 2067 1251 2100; x_wconf 88' lang='lat' dir='ltr'><strong>Literae</strong></span> <span class='ocrx_word' id='word_1_413' title='bbox 1277 2068 1319 2099; x_wconf 90' lang='lat' dir='ltr'><strong>ad</strong></span> <span class='ocrx_word' id='word_1_414' title='bbox 1335 2067 1599 2099; x_wconf 82' lang='lat' dir='ltr'><strong>Hafenrefferum</strong></span> <span class='ocrx_word' id='word_1_415' title='bbox 1614 2067 1715 2098; x_wconf 88' lang='lat' dir='ltr'><strong>datae</strong></span> <span class='ocrx_word' id='word_1_416' title='bbox 1732 2067 1870 2102; x_wconf 74' lang='lat' dir='ltr'><strong>desunt:</strong></span> <span class='ocrx_word' id='word_1_417' title='bbox 1897 2076 1939 2097; x_wconf 85' lang='lat' dir='ltr'><strong>ex</strong></span> 
     </span>
     <span class='ocr_line' id='line_1_40' title="bbox 135 2113 1936 2160; baseline -0.003 -11"><span class='ocrx_word' id='word_1_418' title='bbox 135 2119 188 2160; x_wconf 67' lang='lat' dir='ltr'><strong>iis,⁴</strong></span> <span class='ocrx_word' id='word_1_419' title='bbox 211 2125 297 2158; x_wconf 76' lang='lat' dir='ltr'><strong>quae</strong></span> <span class='ocrx_word' id='word_1_420' title='bbox 320 2117 488 2157; x_wconf 85' lang='lat' dir='ltr'><strong>respondit</strong></span> <span class='ocrx_word' id='word_1_421' title='bbox 511 2116 584 2151; x_wconf 78' lang='lat' dir='ltr'><strong>ille,</strong></span> <span class='ocrx_word' id='word_1_422' title='bbox 610 2116 693 2147; x_wconf 78' lang='lat' dir='ltr'><strong>haee</strong></span> <span class='ocrx_word' id='word_1_423' title='bbox 719 2116 926 2156; x_wconf 82' lang='lat' dir='ltr'><strong>apponimus:</strong></span> <span class='ocrx_word' id='word_1_424' title='bbox 951 2115 1074 2155; x_wconf 78' lang='lat' dir='ltr'><strong>Accepi</strong></span> <span class='ocrx_word' id='word_1_425' title='bbox 1100 2125 1216 2146; x_wconf 82' lang='lat' dir='ltr'><strong>munus</strong></span> <span class='ocrx_word' id='word_1_426' title='bbox 1249 2119 1341 2146; x_wconf 86' lang='lat' dir='ltr'><strong>tuum</strong></span> <span class='ocrx_word' id='word_1_427' title='bbox 1360 2114 1623 2155; x_wconf 88' lang='lat' dir='ltr'><strong>chronologicum</strong></span> <span class='ocrx_word' id='word_1_428' title='bbox 1648 2118 1682 2145; x_wconf 88' lang='lat' dir='ltr'><strong>et</strong></span> <span class='ocrx_word' id='word_1_429' title='bbox 1701 2113 1785 2155; x_wconf 85' lang='lat' dir='ltr'><strong>legi,</strong></span> <span class='ocrx_word' id='word_1_430' title='bbox 1811 2113 1936 2144; x_wconf 87' lang='lat' dir='ltr'><strong>dnobus</strong></span> 
     </span>
     <span class='ocr_line' id='line_1_41' title="bbox 135 2159 1937 2204; baseline -0.003 -8"><span class='ocrx_word' id='word_1_431' title='bbox 135 2163 214 2196; x_wconf 79' lang='lat' dir='ltr'><strong>mihi</strong></span> <span class='ocrx_word' id='word_1_432' title='bbox 239 2163 422 2195; x_wconf 78' lang='lat' dir='ltr'><strong>nominibus</strong></span> <span class='ocrx_word' id='word_1_433' title='bbox 447 2163 684 2204; x_wconf 81' lang='lat' dir='ltr'><strong>gratissimum,</strong></span> <span class='ocrx_word' id='word_1_434' title='bbox 719 2165 752 2192; x_wconf 81' lang='lat' dir='ltr'><strong>et</strong></span> <span class='ocrx_word' id='word_1_435' title='bbox 776 2161 862 2202; x_wconf 89' lang='lat' dir='ltr'><strong>quod</strong></span> <span class='ocrx_word' id='word_1_436' title='bbox 887 2162 990 2196; x_wconf 83' lang='lat' dir='ltr'><strong>dono,</strong></span> <span class='ocrx_word' id='word_1_437' title='bbox 1028 2166 1062 2193; x_wconf 89' lang='lat' dir='ltr'><strong>et</strong></span> <span class='ocrx_word' id='word_1_438' title='bbox 1084 2162 1246 2194; x_wconf 80' lang='lat' dir='ltr'><strong>maxime.</strong></span> <span class='ocrx_word' id='word_1_439' title='bbox 1286 2161 1373 2202; x_wconf 80' lang='lat' dir='ltr'><strong>quod</strong></span> <span class='ocrx_word' id='word_1_440' title='bbox 1397 2170 1419 2192; x_wconf 85' lang='lat' dir='ltr'><strong>a</strong></span> <span class='ocrx_word' id='word_1_441' title='bbox 1442 2165 1483 2192; x_wconf 88' lang='lat' dir='ltr'><strong>te</strong></span> <span class='ocrx_word' id='word_1_442' title='bbox 1507 2162 1607 2192; x_wconf 81' lang='lat' dir='ltr'><strong>venit.</strong></span> <span class='ocrx_word' id='word_1_443' title='bbox 1659 2159 1755 2199; x_wconf 87' lang='lat' dir='ltr'><strong>Quod</strong></span> <span class='ocrx_word' id='word_1_444' title='bbox 1775 2160 1937 2200; x_wconf 77' lang='lat' dir='ltr'><strong>judicium</strong></span> 
     </span>
     <span class='ocr_line' id='line_1_42' title="bbox 135 2207 1935 2250; baseline -0.002 -8"><span class='ocrx_word' id='word_1_445' title='bbox 135 2219 247 2243; x_wconf 81' lang='lat' dir='ltr'><strong>meum</strong></span> <span class='ocrx_word' id='word_1_446' title='bbox 270 2210 412 2250; x_wconf 76' lang='lat' dir='ltr'><strong>expetis,</strong></span> <span class='ocrx_word' id='word_1_447' title='bbox 447 2209 528 2240; x_wconf 87' lang='lat' dir='ltr'><strong>illud</strong></span> <span class='ocrx_word' id='word_1_448' title='bbox 550 2218 633 2240; x_wconf 82' lang='lat' dir='ltr'><strong>sane</strong></span> <span class='ocrx_word' id='word_1_449' title='bbox 663 2208 887 2239; x_wconf 80' lang='lat' dir='ltr'><strong>lubentissime</strong></span> <span class='ocrx_word' id='word_1_450' title='bbox 924 2208 983 2239; x_wconf 90' lang='lat' dir='ltr'><strong>tibi</strong></span> <span class='ocrx_word' id='word_1_451' title='bbox 1007 2217 1218 2248; x_wconf 87' lang='lat' dir='ltr'><strong>exponerem:</strong></span> <span class='ocrx_word' id='word_1_452' title='bbox 1255 2208 1315 2239; x_wconf 89' lang='lat' dir='ltr'><strong>sed</strong></span> <span class='ocrx_word' id='word_1_453' title='bbox 1337 2207 1523 2239; x_wconf 85' lang='lat' dir='ltr'><strong>huiusmodi</strong></span> <span class='ocrx_word' id='word_1_454' title='bbox 1547 2207 1664 2238; x_wconf 84' lang='lat' dir='ltr'><strong>studiis</strong></span> <span class='ocrx_word' id='word_1_455' title='bbox 1689 2207 1847 2238; x_wconf 85' lang='lat' dir='ltr'><strong>delectari</strong></span> <span class='ocrx_word' id='word_1_456' title='bbox 1873 2215 1935 2248; x_wconf 81' lang='lat' dir='ltr'><strong>ego</strong></span> 
     </span>
     <span class='ocr_line' id='line_1_43' title="bbox 137 2253 1933 2299; baseline -0.003 -10"><span class='ocrx_word' id='word_1_457' title='bbox 137 2257 243 2299; x_wconf 84' lang='lat' dir='ltr'><strong>magis</strong></span> <span class='ocrx_word' id='word_1_458' title='bbox 267 2265 366 2297; x_wconf 84' lang='lat' dir='ltr'><strong>quam</strong></span> <span class='ocrx_word' id='word_1_459' title='bbox 390 2256 533 2288; x_wconf 89' lang='lat' dir='ltr'><strong>exerceri</strong></span> <span class='ocrx_word' id='word_1_460' title='bbox 557 2255 656 2291; x_wconf 85' lang='lat' dir='ltr'><strong>soleo,</strong></span> <span class='ocrx_word' id='word_1_461' title='bbox 682 2253 925 2285; x_wconf 86' lang='lat' dir='ltr'><strong>mathematicis</strong></span> <span class='ocrx_word' id='word_1_462' title='bbox 952 2264 1026 2286; x_wconf 89' lang='lat' dir='ltr'><strong>cum</strong></span> <span class='ocrx_word' id='word_1_463' title='bbox 1051 2254 1177 2294; x_wconf 85' lang='lat' dir='ltr'><strong>primis;</strong></span> <span class='ocrx_word' id='word_1_464' title='bbox 1204 2253 1402 2296; x_wconf 69' lang='lat' dir='ltr'><strong>astrologica</strong></span> <span class='ocrx_word' id='word_1_465' title='bbox 1425 2263 1500 2286; x_wconf 79' lang='lat' dir='ltr'><strong>vero</strong></span> <span class='ocrx_word' id='word_1_466' title='bbox 1527 2263 1548 2285; x_wconf 88' lang='lat' dir='ltr'><strong>a</strong></span> <span class='ocrx_word' id='word_1_467' title='bbox 1565 2253 1675 2284; x_wconf 85' lang='lat' dir='ltr'><strong>multis</strong></span> <span class='ocrx_word' id='word_1_468' title='bbox 1694 2254 1790 2284; x_wconf 88' lang='lat' dir='ltr'><strong>aunis</strong></span> <span class='ocrx_word' id='word_1_469' title='bbox 1817 2256 1851 2284; x_wconf 91' lang='lat' dir='ltr'><strong>et</strong></span> <span class='ocrx_word' id='word_1_470' title='bbox 1877 2253 1933 2283; x_wconf 89' lang='lat' dir='ltr'><strong>de-</strong></span> 
     </span>
    </p>
   </div>
   <div class='ocr_carea' id='block_1_4' title="bbox 132 2299 1992 2347">
    <p class='ocr_par' dir='ltr' id='par_1_8' title="bbox 132 2299 1992 2347">
     <span class='ocr_line' id='line_1_44' title="bbox 132 2299 1992 2347; baseline -0.003 -12"><span class='ocrx_word' id='word_1_471' title='bbox 132 2304 264 2347; x_wconf 82' lang='lat' dir='ltr'><strong>gustavi</strong></span> <span class='ocrx_word' id='word_1_472' title='bbox 288 2306 322 2334; x_wconf 89' lang='lat' dir='ltr'><strong>et</strong></span> <span class='ocrx_word' id='word_1_473' title='bbox 346 2302 486 2334; x_wconf 87' lang='lat' dir='ltr'><strong>deserui.</strong></span> <span class='ocrx_word' id='word_1_474' title='bbox 535 2301 663 2343; x_wconf 88' lang='lat' dir='ltr'><strong>Legam</strong></span> <span class='ocrx_word' id='word_1_475' title='bbox 686 2303 799 2331; x_wconf 86' lang='lat' dir='ltr'><strong>tamen</strong></span> <span class='ocrx_word' id='word_1_476' title='bbox 825 2303 858 2331; x_wconf 88' lang='lat' dir='ltr'><strong>et</strong></span> <span class='ocrx_word' id='word_1_477' title='bbox 895 2300 922 2330; x_wconf 91' lang='lat' dir='ltr'><strong>si</strong></span> <span class='ocrx_word' id='word_1_478' title='bbox 945 2301 995 2331; x_wconf 87' lang='lat' dir='ltr'><strong>ita</strong></span> <span class='ocrx_word' id='word_1_479' title='bbox 1019 2300 1169 2335; x_wconf 86' lang='lat' dir='ltr'><strong>volueris,</strong></span> <span class='ocrx_word' id='word_1_480' title='bbox 1203 2299 1364 2340; x_wconf 82' lang='lat' dir='ltr'><strong>judicium</strong></span> <span class='ocrx_word' id='word_1_481' title='bbox 1388 2308 1498 2331; x_wconf 91' lang='lat' dir='ltr'><strong>meum</strong></span> <span class='ocrx_word' id='word_1_482' title='bbox 1523 2300 1582 2330; x_wconf 87' lang='lat' dir='ltr'><strong>tibi</strong></span> <span class='ocrx_word' id='word_1_483' title='bbox 1608 2299 1772 2340; x_wconf 89' lang='lat' dir='ltr'><strong>aperiam,</strong></span> <span class='ocrx_word' id='word_1_484' title='bbox 1798 2299 1826 2329; x_wconf 84' lang='lat' dir='ltr'><strong>si</strong></span> <span class='ocrx_word' id='word_1_485' title='bbox 1843 2299 1933 2340; x_wconf 89' lang='lat' dir='ltr'><strong>cogi·</strong></span> <span class='ocrx_word' id='word_1_486' title='bbox 1981 2310 1992 2315; x_wconf 72' lang='lat'><em>-</em></span> 
     </span>
    </p>
   </div>
   <div class='ocr_carea' id='block_1_5' title="bbox 134 2343 1936 2673">
    <p class='ocr_par' dir='ltr' id='par_1_9' title="bbox 134 2343 1936 2673">
     <span class='ocr_line' id='line_1_45' title="bbox 135 2343 1936 2387; baseline -0.003 -5"><span class='ocrx_word' id='word_1_487' title='bbox 135 2350 280 2382; x_wconf 78' lang='lat' dir='ltr'><strong>tationes</strong></span> <span class='ocrx_word' id='word_1_488' title='bbox 314 2352 390 2380; x_wconf 84' lang='lat' dir='ltr'><strong>tuas</strong></span> <span class='ocrx_word' id='word_1_489' title='bbox 414 2349 523 2379; x_wconf 80' lang='lat' dir='ltr'><strong>videro</strong></span> <span class='ocrx_word' id='word_1_490' title='bbox 557 2347 597 2378; x_wconf 88' lang='lat' dir='ltr'><strong>de</strong></span> <span class='ocrx_word' id='word_1_491' title='bbox 622 2346 737 2378; x_wconf 77' lang='lat' dir='ltr'><strong>studiis</strong></span> <span class='ocrx_word' id='word_1_492' title='bbox 769 2345 972 2387; x_wconf 79' lang='lat' dir='ltr'><strong>astrologicis</strong></span> <span class='ocrx_word' id='word_1_493' title='bbox 996 2346 1097 2377; x_wconf 86' lang='lat' dir='ltr'><strong>literis</strong></span> <span class='ocrx_word' id='word_1_494' title='bbox 1122 2346 1393 2387; x_wconf 77' lang='lat' dir='ltr'><strong>comprehensas.</strong></span> <span class='ocrx_word' id='word_1_495' title='bbox 1432 2347 1479 2376; x_wconf 89' lang='lat' dir='ltr'><strong>nti</strong></span> <span class='ocrx_word' id='word_1_496' title='bbox 1508 2348 1579 2386; x_wconf 76' lang='lat' dir='ltr'><strong>Jam</strong></span> <span class='ocrx_word' id='word_1_497' title='bbox 1612 2345 1774 2386; x_wconf 85' lang='lat' dir='ltr'><strong>pollicitus</strong></span> <span class='ocrx_word' id='word_1_498' title='bbox 1801 2354 1846 2375; x_wconf 90' lang='lat' dir='ltr'><strong>es.</strong></span> <span class='ocrx_word' id='word_1_499' title='bbox 1895 2343 1936 2376; x_wconf 84' lang='lat' dir='ltr'><strong>In</strong></span> 
     </span>
     <span class='ocr_line' id='line_1_46' title="bbox 134 2390 1933 2438; baseline -0.004 -9"><span class='ocrx_word' id='word_1_500' title='bbox 134 2397 266 2438; x_wconf 77' lang='lat' dir='ltr'><strong>reliquis</strong></span> <span class='ocrx_word' id='word_1_501' title='bbox 289 2395 485 2428; x_wconf 79' lang='lat' dir='ltr'><strong>Maestlinus</strong></span> <span class='ocrx_word' id='word_1_502' title='bbox 508 2398 621 2425; x_wconf 85' lang='lat' dir='ltr'><strong>noster</strong></span> <span class='ocrx_word' id='word_1_503' title='bbox 643 2392 755 2434; x_wconf 86' lang='lat' dir='ltr'><strong>procul</strong></span> <span class='ocrx_word' id='word_1_504' title='bbox 781 2392 877 2423; x_wconf 83' lang='lat' dir='ltr'><strong>dubio</strong></span> <span class='ocrx_word' id='word_1_505' title='bbox 902 2401 1069 2433; x_wconf 84' lang='lat' dir='ltr'><strong>nunquam</strong></span> <span class='ocrx_word' id='word_1_506' title='bbox 1091 2393 1151 2423; x_wconf 89' lang='lat' dir='ltr'><strong>tibi</strong></span> <span class='ocrx_word' id='word_1_507' title='bbox 1176 2392 1289 2424; x_wconf 90' lang='lat' dir='ltr'><strong>deerit.</strong></span> <span class='ocrx_word' id='word_1_508' title='bbox 1340 2390 1375 2423; x_wconf 92' lang='lat' dir='ltr'><strong>Si</strong></span> <span class='ocrx_word' id='word_1_509' title='bbox 1397 2401 1501 2437; x_wconf 83' lang='lat' dir='ltr'><strong>unum</strong></span> <span class='ocrx_word' id='word_1_510' title='bbox 1524 2392 1626 2422; x_wconf 87' lang='lat' dir='ltr'><strong>liceat</strong></span> <span class='ocrx_word' id='word_1_511' title='bbox 1649 2392 1835 2432; x_wconf 83' lang='lat' dir='ltr'><strong>attingere.</strong></span> <span class='ocrx_word' id='word_1_512' title='bbox 1876 2399 1933 2431; x_wconf 87' lang='lat' dir='ltr'><strong>op·</strong></span> 
     </span>
     <span class='ocr_line' id='line_1_47' title="bbox 135 2437 1933 2485; baseline -0.004 -10"><span class='ocrx_word' id='word_1_513' title='bbox 135 2447 261 2476; x_wconf 61' lang='lat' dir='ltr'><strong>tamem</strong></span> <span class='ocrx_word' id='word_1_514' title='bbox 285 2452 359 2485; x_wconf 88' lang='lat' dir='ltr'><strong>ego,</strong></span> <span class='ocrx_word' id='word_1_515' title='bbox 392 2443 457 2474; x_wconf 83' lang='lat' dir='ltr'><strong>tuis</strong></span> <span class='ocrx_word' id='word_1_516' title='bbox 492 2439 750 2482; x_wconf 84' lang='lat' dir='ltr'><strong>ephemeridibus</strong></span> <span class='ocrx_word' id='word_1_517' title='bbox 784 2442 819 2470; x_wconf 89' lang='lat' dir='ltr'><strong>et</strong></span> <span class='ocrx_word' id='word_1_518' title='bbox 843 2439 1006 2471; x_wconf 86' lang='lat' dir='ltr'><strong>calculum</strong></span> <span class='ocrx_word' id='word_1_519' title='bbox 1031 2442 1064 2470; x_wconf 89' lang='lat' dir='ltr'><strong>et</strong></span> <span class='ocrx_word' id='word_1_520' title='bbox 1100 2447 1224 2470; x_wconf 87' lang='lat' dir='ltr'><strong>annum</strong></span> <span class='ocrx_word' id='word_1_521' title='bbox 1246 2438 1415 2470; x_wconf 84' lang='lat' dir='ltr'><strong>Julianum</strong></span> <span class='ocrx_word' id='word_1_522' title='bbox 1441 2438 1643 2479; x_wconf 88' lang='lat' dir='ltr'><strong>Gregoriano</strong></span> <span class='ocrx_word' id='word_1_523' title='bbox 1677 2437 1825 2469; x_wconf 89' lang='lat' dir='ltr'><strong>additum</strong></span> <span class='ocrx_word' id='word_1_524' title='bbox 1850 2445 1933 2469; x_wconf 82' lang='lat' dir='ltr'><strong>esse.</strong></span> 
     </span>
     <span class='ocr_line' id='line_1_48' title="bbox 137 2481 1932 2530; baseline -0.005 -7"><span class='ocrx_word' id='word_1_525' title='bbox 137 2489 192 2523; x_wconf 75' lang='lat' dir='ltr'><strong>Sic</strong></span> <span class='ocrx_word' id='word_1_526' title='bbox 216 2491 303 2523; x_wconf 82' lang='lat' dir='ltr'><strong>enim</strong></span> <span class='ocrx_word' id='word_1_527' title='bbox 332 2491 490 2530; x_wconf 83' lang='lat' dir='ltr'><strong>majorem</strong></span> <span class='ocrx_word' id='word_1_528' title='bbox 519 2497 614 2519; x_wconf 87' lang='lat' dir='ltr'><strong>usum</strong></span> <span class='ocrx_word' id='word_1_529' title='bbox 639 2490 672 2517; x_wconf 88' lang='lat' dir='ltr'><strong>et</strong></span> <span class='ocrx_word' id='word_1_530' title='bbox 695 2485 820 2517; x_wconf 84' lang='lat' dir='ltr'><strong>lucrum</strong></span> <span class='ocrx_word' id='word_1_531' title='bbox 845 2485 932 2526; x_wconf 88' lang='lat' dir='ltr'><strong>apud</strong></span> <span class='ocrx_word' id='word_1_532' title='bbox 961 2495 1020 2517; x_wconf 89' lang='lat' dir='ltr'><strong>nos</strong></span> <span class='ocrx_word' id='word_1_533' title='bbox 1044 2485 1255 2522; x_wconf 84' lang='lat' dir='ltr'><strong>habuissent;</strong></span> <span class='ocrx_word' id='word_1_534' title='bbox 1288 2484 1346 2516; x_wconf 90' lang='lat' dir='ltr'><strong>sed</strong></span> <span class='ocrx_word' id='word_1_535' title='bbox 1376 2487 1414 2515; x_wconf 86' lang='lat' dir='ltr'><strong>tu</strong></span> <span class='ocrx_word' id='word_1_536' title='bbox 1437 2484 1571 2515; x_wconf 81' lang='lat' dir='ltr'><strong>inservis</strong></span> <span class='ocrx_word' id='word_1_537' title='bbox 1598 2483 1665 2514; x_wconf 83' lang='lat' dir='ltr'><strong>foro</strong></span> <span class='ocrx_word' id='word_1_538' title='bbox 1690 2481 1750 2515; x_wconf 68' lang='grc' dir='ltr'><strong>ἀς.</strong></span> <span class='ocrx_word' id='word_1_539' title='bbox 1799 2481 1932 2514; x_wconf 72' lang='lat' dir='ltr'><strong>Calvae</strong></span> 
     </span>
     <span class='ocr_line' id='line_1_49' title="bbox 138 2525 1933 2577; baseline -0.004 -9"><span class='ocrx_word' id='word_1_540' title='bbox 138 2534 192 2568; x_wconf 72' lang='lat'><strong>¹4.</strong></span> <span class='ocrx_word' id='word_1_541' title='bbox 219 2533 310 2577; x_wconf 79' lang='lat'><strong>(24.)</strong></span> <span class='ocrx_word' id='word_1_542' title='bbox 335 2536 417 2569; x_wconf 72' lang='lat' dir='ltr'><strong>Nor.</strong></span> <span class='ocrx_word' id='word_1_543' title='bbox 446 2533 547 2566; x_wconf 67' lang='lat'><strong>1594.</strong></span> <span class='ocrx_word' id='word_1_544' title='bbox 597 2531 710 2572; x_wconf 81' lang='lat' dir='ltr'><strong>(Quod</strong></span> <span class='ocrx_word' id='word_1_545' title='bbox 746 2541 825 2573; x_wconf 87' lang='lat' dir='ltr'><strong>opus</strong></span> <span class='ocrx_word' id='word_1_546' title='bbox 852 2531 1156 2574; x_wconf 86' lang='lat' dir='ltr'><strong>„chronologicum“</strong></span> <span class='ocrx_word' id='word_1_547' title='bbox 1196 2532 1258 2563; x_wconf 90' lang='lat' dir='ltr'><strong>nisi</strong></span> <span class='ocrx_word' id='word_1_548' title='bbox 1288 2532 1395 2572; x_wconf 86' lang='lat' dir='ltr'><strong>ipsum</strong></span> <span class='ocrx_word' id='word_1_549' title='bbox 1429 2530 1511 2562; x_wconf 86' lang='lat' dir='ltr'><strong>illud</strong></span> <span class='ocrx_word' id='word_1_550' title='bbox 1537 2530 1767 2562; x_wconf 86' lang='lat' dir='ltr'><strong>Calendarium</strong></span> <span class='ocrx_word' id='word_1_551' title='bbox 1802 2525 1933 2570; x_wconf 82' lang='lat' dir='ltr'><strong>specta-</strong></span> 
     </span>
     <span class='ocr_line' id='line_1_50' title="bbox 137 2575 1934 2619; baseline -0.004 -4"><span class='ocrx_word' id='word_1_552' title='bbox 137 2583 220 2616; x_wconf 75' lang='lat' dir='ltr'><strong>verit</strong></span> <span class='ocrx_word' id='word_1_553' title='bbox 235 2581 495 2618; x_wconf 73' lang='lat' dir='ltr'><strong>Hafenrefferus,</strong></span> <span class='ocrx_word' id='word_1_554' title='bbox 521 2581 695 2612; x_wconf 88' lang='lat' dir='ltr'><strong>nescimus.</strong></span> <span class='ocrx_word' id='word_1_555' title='bbox 746 2577 842 2611; x_wconf 88' lang='lat' dir='ltr'><strong>Certe</strong></span> <span class='ocrx_word' id='word_1_556' title='bbox 860 2578 1024 2619; x_wconf 86' lang='lat' dir='ltr'><strong>Keplerus</strong></span> <span class='ocrx_word' id='word_1_557' title='bbox 1047 2578 1101 2609; x_wconf 89' lang='lat' dir='ltr'><strong>illo</strong></span> <span class='ocrx_word' id='word_1_558' title='bbox 1126 2582 1272 2619; x_wconf 87' lang='lat' dir='ltr'><strong>tempore</strong></span> <span class='ocrx_word' id='word_1_559' title='bbox 1289 2587 1403 2619; x_wconf 84' lang='lat' dir='ltr'><strong>parum</strong></span> <span class='ocrx_word' id='word_1_560' title='bbox 1421 2577 1572 2609; x_wconf 86' lang='lat' dir='ltr'><strong>addictus</strong></span> <span class='ocrx_word' id='word_1_561' title='bbox 1587 2577 1650 2608; x_wconf 81' lang='lat' dir='ltr'><strong>fuit</strong></span> <span class='ocrx_word' id='word_1_562' title='bbox 1665 2576 1781 2608; x_wconf 85' lang='lat' dir='ltr'><strong>studiis</strong></span> <span class='ocrx_word' id='word_1_563' title='bbox 1798 2575 1934 2608; x_wconf 88' lang='lat' dir='ltr'><strong>chrono-</strong></span> 
     </span>
     <span class='ocr_line' id='line_1_51' title="bbox 137 2622 1110 2673; baseline -0.009 -10"><span class='ocrx_word' id='word_1_564' title='bbox 137 2630 261 2672; x_wconf 76' lang='lat' dir='ltr'><strong>logicis,</strong></span> <span class='ocrx_word' id='word_1_565' title='bbox 287 2639 371 2673; x_wconf 81' lang='lat' dir='ltr'><strong>quae</strong></span> <span class='ocrx_word' id='word_1_566' title='bbox 397 2629 438 2660; x_wconf 83' lang='lat' dir='ltr'><strong>ab</strong></span> <span class='ocrx_word' id='word_1_567' title='bbox 463 2638 550 2661; x_wconf 88' lang='lat' dir='ltr'><strong>anno</strong></span> <span class='ocrx_word' id='word_1_568' title='bbox 575 2627 706 2658; x_wconf 88' lang='lat' dir='ltr'><strong>demum</strong></span> <span class='ocrx_word' id='word_1_569' title='bbox 735 2623 821 2655; x_wconf 78' lang='lat'>¹597</span> <span class='ocrx_word' id='word_1_570' title='bbox 845 2628 976 2666; x_wconf 82' lang='lat' dir='ltr'><strong>propius</strong></span> <span class='ocrx_word' id='word_1_571' title='bbox 1000 2622 1110 2663; x_wconf 82' lang='lat' dir='ltr'><strong>adiit.)</strong></span> 
     </span>
    </p>
   </div>
   <div class='ocr_carea' id='block_1_6' title="bbox 138 2725 1938 2815">
    <p class='ocr_par' dir='ltr' id='par_1_10' title="bbox 138 2725 1938 2815">
     <span class='ocr_line' id='line_1_52' title="bbox 233 2725 1934 2776; baseline -0.005 -9"><span class='ocrx_word' id='word_1_572' title='bbox 233 2734 366 2767; x_wconf 61' lang='lat' dir='ltr'><strong>literae</strong></span> <span class='ocrx_word' id='word_1_573' title='bbox 389 2743 471 2776; x_wconf 81' lang='lat' dir='ltr'><strong>quas</strong></span> <span class='ocrx_word' id='word_1_574' title='bbox 496 2732 586 2764; x_wconf 84' lang='lat' dir='ltr'><strong>dedit</strong></span> <span class='ocrx_word' id='word_1_575' title='bbox 609 2731 771 2772; x_wconf 80' lang='lat' dir='ltr'><strong>Keplerns</strong></span> <span class='ocrx_word' id='word_1_576' title='bbox 797 2730 840 2762; x_wconf 83' lang='lat' dir='ltr'><strong>ad</strong></span> <span class='ocrx_word' id='word_1_577' title='bbox 865 2729 919 2762; x_wconf 89' lang='lat' dir='ltr'><strong>Ge</strong></span> <span class='ocrx_word' id='word_1_578' title='bbox 929 2729 1156 2763; x_wconf 86' lang='lat' dir='ltr'><strong>rlachium.</strong></span> <span class='ocrx_word' id='word_1_579' title='bbox 1198 2738 1216 2761; x_wconf 93' lang='lat' dir='ltr'><strong>e</strong></span> <span class='ocrx_word' id='word_1_580' title='bbox 1241 2727 1440 2760; x_wconf 88' lang='lat' dir='ltr'><strong>bibliotheca</strong></span> <span class='ocrx_word' id='word_1_581' title='bbox 1465 2726 1620 2759; x_wconf 86' lang='lat' dir='ltr'><strong>Gothana</strong></span> <span class='ocrx_word' id='word_1_582' title='bbox 1646 2725 1837 2763; x_wconf 83' lang='lat' dir='ltr'><strong>desumtae,</strong></span> <span class='ocrx_word' id='word_1_583' title='bbox 1868 2725 1934 2759; x_wconf 83' lang='lat' dir='ltr'><strong>hae</strong></span> 
     </span>
     <span class='ocr_line' id='line_1_53' title="bbox 138 2786 1938 2815; baseline -0.007 0"><span class='ocrx_word' id='word_1_584' title='bbox 138 2786 231 2815; x_wconf 76' lang='lat' dir='ltr'><strong>nint:</strong></span> <span class='ocrx_word' id='word_1_585' title='bbox 288 2795 291 2797; x_wconf 91' lang='grc'><em>·</em></span> <span class='ocrx_word' id='word_1_586' title='bbox 990 2791 995 2793; x_wconf 51' lang='lat'><em>&gt;</em></span> <span class='ocrx_word' id='word_1_587' title='bbox 1933 2804 1938 2807; x_wconf 81' lang='grc'>,</span> 
     </span>
    </p>
   </div>
   <div class='ocr_carea' id='block_1_7' title="bbox 142 2831 1932 3030">
    <p class='ocr_par' dir='ltr' id='par_1_11' title="bbox 142 2831 1932 3030">
     <span class='ocr_line' id='line_1_54' title="bbox 257 2831 1931 2908; baseline -0.007 -6"><span class='ocrx_word' id='word_1_588' title='bbox 257 2862 348 2902; x_wconf 85' lang='lat' dir='ltr'><strong>Etsi</strong></span> <span class='ocrx_word' id='word_1_589' title='bbox 380 2861 480 2908; x_wconf 87' lang='lat' dir='ltr'><strong>scio,</strong></span> <span class='ocrx_word' id='word_1_590' title='bbox 524 2858 741 2899; x_wconf 89' lang='lat' dir='ltr'><strong>reverende</strong></span> <span class='ocrx_word' id='word_1_591' title='bbox 774 2862 816 2897; x_wconf 85' lang='lat' dir='ltr'><strong>et</strong></span> <span class='ocrx_word' id='word_1_592' title='bbox 846 2856 1066 2896; x_wconf 88' lang='lat' dir='ltr'><strong>clarissime</strong></span> <span class='ocrx_word' id='word_1_593' title='bbox 1098 2855 1150 2895; x_wconf 88' lang='lat' dir='ltr'><strong>D.</strong></span> <span class='ocrx_word' id='word_1_594' title='bbox 1183 2854 1360 2900; x_wconf 88' lang='lat' dir='ltr'><strong>Doctor,</strong></span> <span class='ocrx_word' id='word_1_595' title='bbox 1406 2831 1653 2903; x_wconf 79' lang='lat' dir='ltr'><strong>Praeceptor</strong></span> <span class='ocrx_word' id='word_1_596' title='bbox 1689 2841 1931 2900; x_wconf 78' lang='lat' dir='ltr'><strong>honorande,</strong></span> 
     </span>
     <span class='ocr_line' id='line_1_55' title="bbox 142 2908 1932 2968; baseline -0.007 -7"><span class='ocrx_word' id='word_1_597' title='bbox 142 2919 427 2962; x_wconf 86' lang='lat' dir='ltr'><strong>Reverentiam</strong></span> <span class='ocrx_word' id='word_1_598' title='bbox 458 2919 582 2958; x_wconf 89' lang='lat' dir='ltr'><strong>Tuam</strong></span> <span class='ocrx_word' id='word_1_599' title='bbox 623 2918 738 2968; x_wconf 87' lang='lat' dir='ltr'><strong>longe</strong></span> <span class='ocrx_word' id='word_1_600' title='bbox 777 2914 1027 2967; x_wconf 86' lang='lat' dir='ltr'><strong>gravioribus</strong></span> <span class='ocrx_word' id='word_1_601' title='bbox 1059 2913 1204 2953; x_wconf 90' lang='lat' dir='ltr'><strong>studiis</strong></span> <span class='ocrx_word' id='word_1_602' title='bbox 1236 2910 1440 2962; x_wconf 88' lang='lat' dir='ltr'><strong>occupari,</strong></span> <span class='ocrx_word' id='word_1_603' title='bbox 1486 2923 1604 2962; x_wconf 90' lang='lat' dir='ltr'><strong>quam</strong></span> <span class='ocrx_word' id='word_1_604' title='bbox 1624 2944 1627 2945; x_wconf 15' lang='grc' dir='ltr'><em>γ</em></span> <span class='ocrx_word' id='word_1_605' title='bbox 1648 2914 1695 2950; x_wconf 87' lang='lat' dir='ltr'><strong>ut</strong></span> <span class='ocrx_word' id='word_1_606' title='bbox 1722 2909 1793 2964; x_wconf 51' lang='lat' dir='ltr'><strong>illi⁶</strong></span> <span class='ocrx_word' id='word_1_607' title='bbox 1823 2908 1932 2949; x_wconf 85' lang='lat' dir='ltr'><strong>adsit</strong></span> 
     </span>
     <span class='ocr_line' id='line_1_56' title="bbox 143 2968 1931 3030; baseline -0.007 -11"><span class='ocrx_word' id='word_1_608' title='bbox 143 2980 267 3019; x_wconf 88' lang='lat' dir='ltr'><strong>otium</strong></span> <span class='ocrx_word' id='word_1_609' title='bbox 308 2977 579 3030; x_wconf 85' lang='lat' dir='ltr'><strong>inspiciendae</strong></span> <span class='ocrx_word' id='word_1_610' title='bbox 610 2973 888 3027; x_wconf 89' lang='lat' dir='ltr'><strong>Ephemeridis</strong></span> <span class='ocrx_word' id='word_1_611' title='bbox 928 2977 971 3012; x_wconf 90' lang='lat' dir='ltr'><strong>et</strong></span> <span class='ocrx_word' id='word_1_612' title='bbox 1013 2970 1280 3024; x_wconf 88' lang='lat' dir='ltr'><strong>cognoscendi</strong></span> <span class='ocrx_word' id='word_1_613' title='bbox 1311 2969 1476 3009; x_wconf 86' lang='lat' dir='ltr'><strong>frivolas</strong></span> <span class='ocrx_word' id='word_1_614' title='bbox 1509 2968 1805 3020; x_wconf 87' lang='lat' dir='ltr'><strong>astrologorum</strong></span> <span class='ocrx_word' id='word_1_615' title='bbox 1820 2979 1931 3015; x_wconf 60' lang='lat' dir='ltr'><strong>‚con-</strong></span> 
     </span>
    </p>
   </div>
  </div>
 </body>
</html>
