2028 3242
793 58 835 90 aa
860 58 957 90 rebu-
981 58 1195 100 mugiet.
1808 55 1903 98 325

93 164 221 246 me
252 168 290 198 et
320 163 612 198 electionibus
636 162 782 196 statuis?
829 162 927 196 Multi
959 172 1117 206 magnam
1150 162 1213 195 illis
1248 162 1435 196 efficaciam
1472 162 1630 196 tibuunt.
1679 163 1750 205 Ego
1781 167 1900 195 contra

210 268 491 324 Keplerus:
545 268 607 310 De
652 267 989 310 inclinationibus.
1052 266 1388 315 Consideremus,
1431 267 1523 321 quid
1567 268 1621 308 sit
1663 267 1894 309 inclinatio:

96 328 305 374 laeliano
342 333 406 369 est
429 327 673 380 promtitudo
712 328 763 367 ad
794 333 947 368 certum
983 326 1145 380 aliquod
1184 326 1388 379 negotium
1424 327 1488 367 vel
1520 327 1731 374 affectum,
1769 333 1814 368 ut
1844 328 1895 367 ad

96 389 218 438 iram,
260 388 452 434 caedem,
498 387 647 428 furtum
678 387 750 428 bc.
810 386 941 427 Vides
973 387 1024 427 ad
1058 386 1149 427 illas
1186 385 1438 433 occasionem
1483 386 1647 437 requiri3
1692 398 1787 438 ergo
1818 399 1896 426 non

95 452 211 490 totae
238 446 290 487 ab
319 446 498 488 humore.
562 445 619 486 At
649 446 688 486 in
719 457 879 498 genere,
911 445 945 485 si
979 444 1146 486 definias
1178 444 1463 497 promtitudine
1490 444 1540 483 ad
1573 457 1637 484 res
1663 445 1894 485 melancho-

94 507 195 549 licas
225 506 319 554 διο..
356 504 462 546 idem
493 517 566 558 per
593 504 699 545 idem
730 503 979 557 explicatum
1029 503 1124 544 nihil
1170 516 1310 556 nempe
1354 503 1451 543 fiunt
1482 502 1611 548 aliud,
1659 516 1778 556 quam
1808 504 1895 556 ipse

96 566 250 611 hun-or.
307 562 518 607 Austriaci
547 562 708 604 dicunt:
752 563 840 604 Das
870 563 927 603 ist
956 562 1041 603 sein
1072 562 1238 603 Humor.
1291 562 1447 602 Humor
1479 562 1625 602 transit
1657 576 1682 601 a
1711 562 1894 614 parenti-

97 627 183 674 bus,
214 622 474 676 implantatur
502 621 868 690 imaginationibus,
899 621 1084 674 provenit
1102 621 1223 662 certis
1242 620 1355 668 locis,
1387 626 1557 673 augetur
1575 620 1694 669 victu,
1729 627 1774 661 at
1799 627 1894 661 tan-

96 682 298 724 tantando
326 678 590 723 materialiter
618 686 660 722 et
691 682 819 734 magis
847 680 1158 733 particulariter.
1220 680 1348 721 Astra
1371 692 1464 719 vero
1491 691 1633 720 revera
1657 687 1895 721 concurrunt

96 729 171 785 snb'
196 735 471 801 generationis
503 740 656 782 formali
689 741 858 781 ratione.
919 740 1027 781 Nam
1065 739 1100 780 si
1134 738 1217 780 vita
1259 738 1429 780 hominis
1462 738 1552 779 fusa
1593 738 1649 778 sit
1678 739 1811 779 Marte
1856 738 1896 778 in

95 806 188 843 ortu
211 801 418 849 versante,
450 798 622 840 facultas
655 798 804 848 vitalis,
836 805 997 851 recepto
1017 799 1092 839 hoc
1117 798 1365 845 charactere,
1398 797 1543 838 format
1564 797 1769 838 consimile
1800 810 1895 838 cor-

95 873 171 912 pus
201 866 243 900 et
270 858 497 906 humorem
541 871 619 898 non
651 865 786 898 tamen
817 864 861 898 ut
896 858 1055 910 penitus
1085 858 1197 898 eluat
1228 862 1434 909 acceptum
1467 870 1493 896 a
1522 856 1775 908 parentibus,
1808 857 1895 904 sed,

96 918 406 972 qualemcunque
442 916 498 956 sit
535 922 675 964 nacta,
718 916 888 957 inflectit
927 922 970 956 et
1001 922 1117 968 aptat
1157 915 1207 955 ad
1240 915 1454 955 coelestem
1486 915 1771 955 characterem.
1835 915 1894 955 Tu

96 981 210 1020 aava
238 975 386 1029 insigni
415 982 530 1028 parte
556 975 671 1029 ponis
697 989 747 1016 ex
772 975 1020 1016 ordinatione
1046 974 1200 1022 divium
1232 987 1306 1027 ego
1338 973 1485 1026 insigni
1514 980 1630 1026 parte
1663 988 1712 1014 ex
1747 974 1894 1026 imagi-

97 1034 283 1083 natione,
313 1034 593 1088 impressione,
625 1034 873 1087 receptione,
911 1033 1147 1075 formatione
1179 1033 1417 1076 facultatum
1442 1031 1687 1081 animalium,
1720 1033 1894 1072 indidem

97 1093 346 1140 ordinatam
376 1093 526 1135 divina.
586 1092 779 1141 Quaeris,
817 1105 888 1134 cnr
918 1105 995 1132 non
1027 1093 1064 1132 in
1103 1104 1247 1144 corpus
1280 1091 1552 1144 imprimatur?
1615 1090 1722 1138 Quia
1751 1104 1894 1144 corpus

97 1152 308 1196 murialo
346 1157 391 1195 et
426 1152 601 1193 crassius
644 1157 720 1192 est.
782 1152 932 1204 Figura
969 1151 1071 1191 coeli
1114 1156 1275 1191 constat
1313 1150 1533 1192 rationibus
1571 1150 1809 1190 harmonicis
1855 1156 1896 1190 et

97 1210 426 1264 intelligibilibus,
489 1209 603 1264 Opus
635 1210 756 1263 igitur
785 1210 843 1251 illi
875 1210 1071 1252 consimili
1103 1209 1298 1261 subjecto,
1331 1210 1394 1250 cui
1438 1209 1705 1261 imprimatur;
1751 1209 1791 1249 id
1832 1215 1896 1249 est

97 1270 270 1314 (aalma
298 1269 484 1311 animalis
512 1269 591 1311 luci
620 1275 665 1310 et
694 1269 911 1310 harmoniis
943 1276 1128 1321 cognata.

217 1328 651 1381 lutei-rogationes
681 1329 850 1368 damnas
880 1334 925 1368 ut
956 1340 1056 1380 opus
1075 1327 1224 1368 liberae
1245 1327 1474 1367 voluntatis.
1539 1327 1650 1367 Nota
1669 1327 1770 1367 hauc
1790 1340 1891 1366 cau-

96 1400 205 1437 san,
247 1396 324 1429 nec
351 1399 524 1440 unquam
555 1392 697 1428 contra
726 1387 830 1428 hanc
862 1387 1008 1434 sacias;
1053 1387 1111 1427 sic
1142 1398 1296 1426 mecum
1326 1386 1444 1437 plane
1477 1385 1612 1425 facies.
1668 1385 1895 1426 Electio-

98 1459 183 1491 nes
213 1457 307 1487 vero
349 1458 398 1486 ne
440 1446 480 1487 in
511 1446 679 1487 eundem
709 1459 871 1509 censum
908 1445 1112 1500 conjicias.
1176 1443 1329 1496 Scripsi
1365 1445 1414 1484 de
1446 1444 1495 1484 iis
1539 1451 1672 1484 antea.
1735 1445 1796 1484 De
1828 1445 1893 1483 in-

97 1504 303 1558 gressibus
334 1510 376 1545 et
408 1505 676 1546 lunationibus
707 1505 797 1545 wide
829 1498 957 1545 meam
989 1503 1397 1545 dissertatiunculam.

190 1562 468 1597 rabrieiu:
506 1563 703 1604 Quaeritur.
734 1573 777 1596 an
801 1564 1008 1605 planetarum
1034 1564 1119 1595 vires
1144 1562 1185 1594 ab
1210 1561 1277 1594 alia
1300 1561 1398 1594 stella
1423 1562 1537 1603 augeri
1561 1561 1610 1594 vel
1635 1561 1797 1593 debilitari
1821 1572 1893 1602 pos-

100 1608 209 1651 68⁹
234 1603 349 1644 Μ
371 1620 485 1643 onnes
508 1611 622 1644 stellas
647 1615 681 1643 et
704 1611 857 1652 planetas
883 1621 955 1644 me
980 1610 1121 1648 calidas,
1156 1613 1192 1640 et
1215 1608 1339 1640 nullum
1363 1608 1516 1650 frigidum
1539 1608 1590 1640 vel
1615 1608 1783 1640 humidum
1808 1618 1893 1645 esse,

99 1655 165 1692 aad
173 1656 277 1691 aab
296 1657 427 1690 refluae
448 1658 612 1699 respicere
636 1657 780 1700 aliquam
803 1657 997 1700 qualitatem
1029 1658 1064 1689 in
1090 1656 1343 1689 elementaribus
1367 1655 1480 1693 rebus,
1519 1664 1617 1697 quam
1642 1655 1757 1687 astrali
1781 1656 1812 1686 vi
1838 1665 1894 1687 ex-

84 1704 183 1738 .ffl
204 1708 241 1738 et
262 1704 399 1741 nnn*
422 1708 462 1737 ut
483 1705 648 1747 quaedam
673 1705 805 1744 herbae,
830 1714 916 1747 quae
941 1704 1051 1737 Solem
1074 1704 1263 1757 respiciunt,
1287 1702 1451 1745 quaedam
1472 1702 1589 1734 Lunae
1613 1707 1739 1734 motum
1761 1703 1895 1735 imitan-

97 1751 682 1794 umanum-pommus.
721 1756 818 1785 utet
842 1753 927 1794 lapis
950 1751 1125 1784 selenites:
1156 1751 1289 1782 minime
1314 1750 1490 1782 absurdum
1514 1751 1596 1788 erit,
1632 1749 1896 1782 calidasstellas

99 1798 247 1835 adnm
270 1802 331 1832 aut
351 1803 508 1841 vegetare
530 1798 741 1841 qualitatem,
778 1809 853 1831 cum
876 1800 911 1831 in
933 1799 1100 1830 medicina
1123 1798 1290 1830 videamus
1315 1797 1425 1829 calida
1464 1806 1563 1838 saepe
1589 1797 1735 1828 animare
1761 1796 1895 1838 frigidos

99 1845 260 1886 hwuoroe.
308 1843 344 1878 Si
374 1855 457 1888 quas
480 1855 619 1889 geneses
644 1855 718 1878 eum
742 1846 967 1879 accidentibus
991 1845 1155 1878 nonnullis
1180 1844 1359 1887 collegeris,
1386 1853 1509 1886 quaeso
1533 1844 1612 1875 mihi
1638 1844 1711 1875 illas
1736 1843 1779 1875 ad
1805 1853 1893 1875 com·

98 1892 200 1925 mune
226 1892 349 1925 δοιιιιιιι
379 1893 632 1934 promovendum
662 1894 892 1926 eommunices.
940 1892 1082 1934 Tempus
1114 1893 1225 1924 mortis
1251 1891 1394 1923 Cardani
1431 1892 1514 1923 scire
1546 1891 1706 1923 desidero.
1765 1890 1895 1923 Pratres

100 1939 144 1972 de
164 1938 237 1980 Dry
256 1938 430 1972 odinum
451 1940 550 1972 libros
575 1940 700 1982 aliquot
722 1941 852 1973 iconum
876 1941 1045 1972 doctorum
1079 1940 1238 1973 virorum,
1278 1940 1312 1970 in
1335 1938 1399 1970 illis
1437 1938 1519 1969 forte
1542 1943 1672 1979 tempus
1696 1938 1893 1970 invenietur.

217 1985 490 2038 Keplerus:
536 1987 614 2027 Vis
643 1987 753 2028 Solis
784 1989 836 2028 ad
867 2000 941 2027 nos
973 1987 1160 2027 debiliter
1189 1986 1390 2037 pervenit,
1423 1998 1511 2024 cum
1544 1986 1577 2025 is
1610 1985 1775 2025 declivis
1807 1991 1892 2032 est;

99 2043 164 2085 vis
191 2044 350 2098 quidem
390 2045 501 2097 prior
538 2045 611 2086 illa
648 2046 688 2086 in
720 2059 811 2087 mea
850 2045 1214 2099 dissertatiuncula.
1280 2045 1355 2084 Vis
1387 2043 1552 2084 Saturni
1583 2045 1714 2084 altera
1755 2044 1826 2083 illa
1856 2044 1895 2083 in

100 2114 193 2144 moa
219 2103 574 2144 (Besertatiuncula
604 2105 792 2145 debiliter
822 2106 875 2144 ad
905 2118 977 2144 nos
1007 2105 1204 2156 pervenit,
1236 2116 1325 2143 eum
1343 2116 1433 2150 non,
1468 2103 1532 2142 vel
1563 2116 1652 2143 cum
1684 2103 1775 2142 laxe
1797 2116 1895 2142 con-

102 2161 294 2213 figuratur
323 2162 421 2202 locis
450 2163 684 2214 insignibus.
747 2164 805 2204 Ut
835 2164 1005 2203 alterum
1037 2163 1141 2203 alter
1172 2169 1388 2214 oppugnat,
1422 2162 1527 2201 alter
1545 2162 1630 2202 fieri
1650 2175 1727 2201 non
1746 2167 1897 2212 potest,

103 2218 180 2260 nisi
208 2225 255 2260 ut
284 2219 426 2260 fortius
457 2221 584 2261 altero
614 2221 654 2261 in
687 2223 791 2262 idem
822 2222 1046 2272 subjectum
1077 2228 1263 2272 operetur
1294 2233 1524 2272 quocunque
1549 2220 1741 2272 operandi
1766 2221 1896 2259 modo.

218 2277 383 2319 Nullam
414 2277 598 2330 frigidam
627 2280 789 2320 stellam
807 2280 992 2320 absolute
1013 2279 1260 2320 crediderim.
1322 2279 1434 2330 Lege
1460 2291 1590 2318 meam
1610 2279 1896 2318 dissertatiun-

103 2336 246 2376 culam.
308 2337 347 2376 A
379 2337 498 2376 simili
527 2350 624 2378 vero
655 2351 735 2378 non
764 2339 865 2378 bene
898 2338 1045 2378 videris
1076 2339 1359 2389 argumentari,
1392 2338 1586 2389 quomodo
1618 2337 1752 2376 calida
1773 2336 1897 2387 frigus

102 2393 293 2436 efficiant.
353 2395 460 2435 Nam
490 2395 531 2435 in
562 2396 760 2436 medicina
789 2409 878 2436 cum
909 2397 983 2436 hoc
1014 2397 1071 2442 fit,
1109 2409 1234 2436 causa
1264 2395 1467 2448 quaeritur
1498 2402 1539 2435 et
1570 2396 1801 2446 plerumque
1833 2395 1896 2434 in-

85 2452 275 2507 ·Yenitur.
336 2451 565 2494 Consimilis
598 2455 676 2495 erit
707 2455 755 2494 de
788 2455 908 2494 astris
929 2454 1134 2494 reddenda
1164 2460 1235 2494 aut
1252 2455 1496 2495 claudicabit
1524 2454 1754 2493 similitudo.
1804 2453 1897 2492 Fri-

103 2517 343 2564 gast-amen
374 2519 553 2553 nostrum
593 2526 706 2554 omne
738 2527 764 2553 a
793 2514 964 2553 materia
994 2526 1084 2553 esse
1114 2519 1232 2564 puto,
1277 2520 1386 2552 certe
1433 2513 1624 2559 hiemale,
1669 2524 1759 2550 cum
1789 2512 1902 2550 calor

91 2569 213 2612 Solis
242 2584 316 2612 nos
347 2571 509 2612 deserit.
570 2572 701 2612 Nocte
741 2572 911 2612 bmmali
949 2572 1058 2611 altae
1091 2572 1215 2611 aedes
1248 2585 1272 2610 a
1305 2571 1451 2622 frigore
1490 2576 1650 2609 tuentur
1682 2570 1898 2609 avertendo

106 2629 309 2677 ventulos,
352 2630 558 2670 retinendo
592 2644 725 2671 aerem
754 2630 995 2670 halituosum
1038 2643 1086 2669 ne
1118 2630 1363 2682 coaguletur.
1429 2629 1536 2668 Idem
1576 2629 1700 2668 nubes
1733 2628 1896 2668 faciunt.

104 2686 246 2730 Hieme
282 2688 409 2741 frigus
445 2689 560 2729 nobis
597 2689 840 2742 proximum,
872 2695 1029 2728 aestate
1067 2689 1259 2728 remotius
1302 2694 1344 2728 et
1376 2688 1495 2727 altius
1540 2687 1590 2726 ob
1621 2686 1898 2738 profundiores

104 2745 279 2795 halitus,
321 2747 466 2788 caloris
496 2747 605 2789 Solis
638 2748 818 2788 comites.
881 2747 1031 2798 Frigidi
1073 2747 1219 2786 aestivi
1263 2747 1350 2786 dies
1394 2760 1419 2785 a
1450 2745 1599 2796 pluviis
1636 2753 1678 2784 et
1715 2742 1899 2784 diuturna

107 2802 215 2846 Solis
245 2805 524 2855 occultatione,
558 2819 583 2846 a
614 2807 755 2851 ventis,
788 2805 854 2857 qui
886 2818 937 2844 ex
969 2805 1113 2856 frigida
1142 2805 1315 2856 regione,
1349 2819 1374 2844 a
1394 2803 1526 2843 tenaci
1557 2809 1599 2843 et
1621 2803 1787 2855 limpida
1809 2816 1897 2843 ma-

108 2863 222 2908 teria,
254 2876 354 2916 quae
385 2865 690 2915 pulcherrimam
723 2865 845 2904 efficit
874 2864 1149 2907 serenitatem,
1184 2864 1255 2902 sed
1280 2870 1417 2902 tamen
1449 2862 1675 2902 claritatem
1700 2862 1898 2914 perstrin-

107 2922 183 2973 git,
212 2922 386 2962 calorem
415 2924 570 2971 minuit,
603 2924 734 2976 qualis
765 2923 837 2962 sub
869 2922 1019 2962 amicas
1040 2919 1067 2971 B
1100 2928 1143 2960 et
1163 2921 1195 2967 Q
1228 2920 1562 2973 configurationes
1594 2935 1618 2960 a
1643 2934 1705 2960 me
1738 2922 1899 2973 saepius

100 2979 390 3026 animadversa
421 2988 497 3022 est.
530 3024 535 3028 ,
