2028 3242
792 77 903 120 ειμι
921 77 1011 111 xlx.
1035 77 1105 111 xx.
1772 74 1853 119 173

791 217 952 282 Caput
985 215 1104 275 XX.
1295 276 1304 279 ί

468 300 592 376 Quae
606 323 675 364 wit
696 294 918 378 proportio
941 325 1129 364 motum
1152 320 1213 361 ad
1241 322 1372 362 orbes.
1392 323 1428 370 ⁸)

0 457 7 469 .
143 419 303 472 Atque
332 418 529 459 hactenns
560 411 718 471 quidem
748 415 978 467 expeditum
1009 421 1075 456 est
1105 420 1380 467 argumentum
1413 414 1523 464 illud,
1557 427 1634 467 quo
1655 427 1729 468 ego
1761 417 1851 469 pln-

0 476 2 481 ’
49 459 189 521 timum
230 477 386 519 roboris
429 475 563 517 afferri
597 481 695 528 puto
734 474 894 514 novatis
930 473 1244 527 hypothesibus,
1290 474 1703 542 demonstratumque,
1748 476 1852 527 quod

46 536 303 592 proportione
333 534 504 588 quinque
534 532 775 588 regularium
806 545 1013 584 corporum
1046 537 1211 573 utantur
1229 531 1464 583 ἀποςηματα
1483 532 1665 573 orbium
1654 546 1694 573 ιιι
1721 533 1852 587 hypo-

7 636 11 638 .
47 594 231 642 thesibus
257 593 482 649 Copernici.
526 594 749 634 Videamus
781 592 913 637 modo,
945 596 1077 632 utrum
1107 591 1236 632 altero
1268 591 1391 632 etiam
1416 596 1650 643 argumento
1683 605 1733 631 ex
1764 606 1852 634 mo-

15 669 17 671 ·
46 644 154 708 tibus·
183 653 355 694 deducto
383 652 542 707 possint
571 657 614 692 et
643 663 772 691 novae
802 650 1053 704 hypotheses·
1078 656 1120 691 et
1150 649 1226 691 hae
1256 650 1371 703 ipsae
1398 650 1553 691 orbium
1586 649 1853 692 dimensiones

47 701 345 781 copernicanae
375 711 611 759 confirmari,
642 716 762 763 atque
794 709 834 749 in
864 708 1120 762 proportione
1152 714 1327 750 motuum
1359 710 1410 750 ad
1438 707 1673 760 dnos-mmm
1704 711 1853 751 certior

16 777 18 779 ’
45 768 151 815 ratio
180 784 233 813 ex
262 770 498 827 Gopernico,
532 782 651 824 quam
682 780 733 808 ex
765 768 927 809 usitatis
959 767 1262 822 hypothesibus,
1294 767 1444 809 haberi.
1507 766 1636 814 Qua
1625 782 1664 809 ιιι
1685 782 1727 810 re
1760 770 1852 810 dum

8 851 14 871 :
46 819 327 886 amplitudines
358 829 509 870 orbium
546 827 749 881 proximas
781 825 1070 880 Copernicanis
1107 839 1157 866 ex
1187 833 1364 868 motuum
1395 830 1629 878 περιοδικοις
1660 829 1852 881 tempori-

15 907 17 909 *
44 887 121 932 bus
149 889 252 933 bene
283 888 458 942 cognitis
490 895 667 936 exstruo,
700 886 791 926 fave
825 886 954 927 facilis
974 885 1123 927 Uranie
1153 885 1417 938 pulcherrimo
1444 887 1616 936 conatui,
1649 893 1742 928 tuus
1768 889 1853 940 jam

6 955 8 958 ’
44 948 171 1019 honos
200 948 347 1001 agitur.

161 1007 341 1053 Primum
376 1018 514 1047 omnes
551 1008 715 1056 optant,
760 1008 804 1043 ut
841 1015 917 1056 quo
950 1003 1103 1071 longius
1141 1003 1310 1055 quilibet
1352 1003 1460 1044 orbis
1498 1003 1615 1044 abest
1655 1018 1680 1044 a
1709 1005 1853 1054 medio,

18 1089 24 1093 =
43 1071 160 1109 tanto
195 1065 365 1107 tardiori
400 1070 512 1106 motu
549 1062 722 1104 incedat.
776 1061 888 1103 Nihil
926 1062 1031 1102 enim
1070 1062 1215 1102 rationi
1258 1062 1388 1115 magis
1426 1067 1490 1102 est
1527 1068 1853 1112 consentaneum,

45 1131 154 1169 teste
183 1125 316 1167 Arist.
353 1123 508 1165 lib.11.
542 1122 591 1162 de
624 1119 748 1162 Coelo
779 1132 867 1173 cap.
904 1119 971 1162 10.
1010 1133 1127 1173 quam
1172 1136 1271 1161 nata
1307 1124 1421 1172 λογον
1449 1125 1643 1174 γιγνεσθαι
1672 1137 1744 1169 τας
1773 1120 1855 1164 ἕκα-

46 1198 121 1232 ςον
153 1198 335 1236 moue
348 1197 431 1229 mac
466 1181 708 1243 «inaquam.
770 1178 860 1226 Quo
900 1180 985 1220 loco
1024 1179 1104 1220 etsi
1139 1180 1401 1232 philosophus
1439 1181 1611 1222 alienam
1649 1182 1767 1222 affert
1803 1183 1854 1222 ab

22 1243 234 1284 instituto
270 1247 408 1282 nostro
450 1230 646 1281 ra'tionem
685 1238 874 1285 alteram,
919 1239 1075 1278 scilicet
1112 1239 1436 1291 impedimentum
1481 1240 1533 1279 ab
1577 1241 1854 1281 occursatione

22 1297 27 1350 Ἀ
46 1300 312 1356 pernicissimi
341 1299 458 1353 primi
490 1298 666 1345 mobilis,
711 1303 845 1337 tamen
878 1303 922 1336 et
957 1298 1087 1338 altera
1123 1298 1278 1338 ratione
1309 1310 1381 1350 pro
1418 1311 1480 1338 me
1518 1299 1647 1339 adhuc
1683 1306 1727 1339 et
1767 1306 1855 1340 tota

22 1360 254 1404 sententia
283 1365 426 1400 contra
453 1357 729 1399 Ptolemaeum
761 1361 979 1408 contraque
1011 1369 1055 1396 se
1086 1356 1216 1408 ipsum
1246 1357 1407 1397 militat.
1468 1357 1612 1398 Placet
1647 1357 1706 1398 illi
1738 1371 1854 1399 nam-

24 1411 136 1474 mue,
167 1424 303 1460 motus
334 1416 621 1470 aequalitatem
651 1430 676 1455 a
711 1415 929 1455 motoribus
961 1414 1001 1454 in
1032 1427 1170 1455 omnes
1200 1415 1318 1456 orbes
1345 1415 1491 1465 venire,
1524 1417 1853 1468 inaequalitatem

79 1478 199 1519 'tus
228 1477 281 1518 ab
310 1476 473 1518 orbibus
504 1474 604 1527 ipsis
635 1474 812 1514 causari:
845 1478 891 1514 ut
921 1472 1086 1515 Saturni
1118 1474 1275 1526 quidem
1307 1474 1510 1527 quaelibet
1534 1474 1735 1527 particula
1766 1481 1851 1517 tam

111 1537 277 1585 ‘velox‚
323 1547 442 1589 qnam
479 1541 544 1575 est
580 1533 714 1574 infima
750 1533 889 1572 Lunae
931 1533 1107 1584 sphaera
1148 1532 1188 1572 vi
1226 1533 1411 1574 motionis
1448 1535 1648 1586 aequalis:
1692 1535 1764 1576 sed
1795 1535 1854 1576 illi

89 1616 118 1630 Ἰιι
156 1595 333 1644 accidat,
363 1600 411 1635 ut
439 1593 610 1644 amplius
642 1597 764 1641 nacta
794 1591 980 1644 spatium,
1012 1604 1100 1631 cum
1131 1603 1208 1631 non
1240 1591 1402 1632 citatior
1432 1593 1488 1632 sit
1505 1593 1664 1642 ceteris,
1699 1594 1853 1635 tardius

131 1659 206 1695 at.
271 1653 400 1707 Atqui
442 1652 571 1692 viliori
614 1651 689 1691 hac
733 1650 977 1704 aequalitate
1020 1651 1282 1703 philosophus
1326 1650 1364 1690 in
1410 1657 1590 1692 veterum
1636 1653 1853 1693 traditione

123 1713 168 1723 '
194 1725 273 1754 non
303 1711 455 1766 potuit,
488 1711 582 1764 quia
611 1723 777 1750 necesse
810 1715 916 1758 erat,
949 1715 994 1749 ut
1023 1709 1153 1749 tribus
1181 1709 1356 1762 planetis
1388 1710 1654 1763 inaequalium
1686 1712 1852 1760 orbium,

48 1767 152 1821 '²21i‚
184 1771 363 1820 Veneri,
387 1769 586 1811 Mercurio
618 1770 806 1822 aequales
838 1768 991 1808 reditus
1022 1769 1265 1818 tribuerent,
1300 1774 1419 1821 atque
1451 1770 1509 1810 sic
1541 1783 1699 1822 semper
1729 1783 1852 1823 snpe-

95 1851 111 1862 ¹-
153 1843 196 1871 m
225 1831 264 1871 in
294 1829 391 1870 orbe
422 1841 493 1869 sno
524 1828 749 1868 citatiorem
782 1827 988 1868 efficerent
1006 1827 1194 1868 inferiori.
1255 1801 1300 1869 ’In
1322 1827 1543 1881 Copernico
1568 1830 1698 1881 prima
1722 1830 1853 1871 fronte

28 1887 123 1934 ,ἷ’
123 1911 138 1922 ·-
179 1889 299 1930 offert
326 1901 418 1929 sese
447 1887 664 1940 proportio.
726 1887 832 1928 Nam
860 1899 932 1926 sex
964 1885 1115 1926 orbium
1134 1886 1338 1927 mobilium
1362 1899 1519 1939 semper
1550 1889 1616 1941 qui
1647 1889 1854 1941 angustior

26 1990 32 2008 ς
58 1943 70 1951 ”
90 1951 92 1953 ’
114 1967 121 1971 >·
158 1948 278 2041 citius
307 1947 427 1988 redit.
486 1946 678 1986 Mercurii
708 1958 877 1998 namque
909 1946 1283 1986 cursustrimestris
1309 1952 1384 1994 est,
1418 1947 1592 1987 Veneris
1624 1949 1852 2001 sesquiocto

27 2020 32 2027 ·
248 2006 451 2054 ,Terrae
483 2018 656 2053 annum,
701 2005 848 2045 Martis
879 2004 1027 2053 bimus,
1070 2003 1186 2045 Jovis
1218 2005 1444 2054 duodecim,
1488 2005 1654 2047 Saturni
1685 2008 1854 2060 triginta

140 2077 255 2107 ·.rum
320 2065 469 2105 Verum
500 2065 535 2104 si
566 2064 618 2104 ad
648 2064 823 2104 calculos
853 2076 1032 2113 revoces,
1064 2064 1124 2104 ita
1155 2069 1199 2104 ut
1230 2070 1381 2115 quanta
1411 2069 1474 2104 est
1497 2066 1701 2118 proportio
1720 2073 1852 2107 motus

61 2124 216 2164 turni
245 2123 298 2163 ad
340 2123 533 2164 ambitum
575 2123 683 2163 orbis
726 2123 812 2162 sive
843 2123 894 2162 ad
936 2123 1170 2163 distantiam
1213 2123 1374 2169 (eadem
1415 2123 1518 2164 enim
1550 2130 1614 2164 est
1648 2126 1852 2178 proportio

51 2182 84 2217 ‘⁴‘
106 2183 295 2231 culorum,
328 2194 428 2234 quae
448 2181 865 2230 semidiametrorum),
895 2186 1053 2221 tantam
1073 2182 1195 2221 etiam
1221 2181 1347 2222 facias
1376 2183 1672 2235 proportionem
1691 2191 1852 2224 cetero-

63 2285 65 2290 χ
83 2254 137 2283 ιιι
154 2247 334 2282 motuum
364 2240 554 2291 cujusque
586 2241 636 2279 ad
668 2253 781 2279 suum
811 2241 968 2280 orbem:
1002 2240 1277 2292 deprehendes
1298 2241 1492 2292 ejusmodi
1515 2242 1736 2294 simplicem
1754 2256 1852 2296 pro-

61 2301 272 2349 sortionem
301 2311 379 2339 non
411 2299 558 2338 habere
590 2299 732 2338 locum.
797 2297 922 2350 Cujus
953 2299 1010 2338 rei
1041 2312 1139 2351 cape
1172 2299 1274 2338 hanc
1305 2299 1496 2340 tabellam
1528 2300 1713 2342 indicem.

313 2497 427 2539 Dies.
460 2511 537 2538 scr.
702 2485 743 2533 'll
868 2467 872 2538 l
1318 2533 1322 2570 Ι
1542 2454 1548 2510 l
1607 2550 1610 2552 v

191 2567 219 2621 15
313 2567 571 2611 1075912
607 2557 719 2597 Dies·
753 2570 830 2596 scr
867 2555 872 2579 ¹
966 2551 999 2591 ὅ
1091 2563 1096 2602 2
1318 2571 1322 2601 ι
1542 2514 1547 2608 f

179 2629 219 2678 ‘ll
339 2626 455 2669 6159
567 2626 723 2679 4332
775 2626 831 2668 37
875 2615 987 2655 Dies.
1009 2626 1089 2656 s·.cr
1192 2606 1224 2652 ὅ
1542 2609 1547 2630 ¹

185 2693 220 2733 «ς
345 2685 455 2728 1785
567 2742 568 2745 Ἴ
613 2685 722 2727 1262
892 2682 978 2726 686
1013 2684 1094 2730 59
1100 2674 1211 2715 Dies
1234 2688 1310 2715 scr
1418 2664 1451 2711 Q
1542 2636 1547 2724 ἰ

184 2747 217 2796 ὅ
344 2743 455 2786 1174
566 2782 568 2786 ,
634 2743 720 2786 843
890 2742 978 2784 452
1091 2731 1204 2788 {365
1242 2746 1293 2787 15
1327 2734 1439 2773 Dies,
1458 2747 1536 2775 scr.
1644 2726 1675 2775 ἕ

185 2804 218 2852 ῼ
367 2802 454 2845 844
634 2802 719 2844 606
862 2824 864 2826 -
892 2800 977 2843 325
1092 2803 1206 2845 262
1238 2803 1295 2846 30
1344 2802 1432 2845 224
1461 2802 1520 2845 42
1408 2788 1665 2852 -ῙΒίεε
1682 2807 1772 2847 scr..

191 2864 221 2913 ιι
367 2860 454 2904 434
564 2856 568 2918 3
634 2860 720 2903 312
899 2859 980 2901 167
1091 2852 1204 2916 1135
1350 2861 1430 2903 115
1542 2853 1546 2918 ξ
1581 2862 1636 2904 87
1675 2863 1733 2906 58
1767 2832 1846 2910 i*

70 2983 110 3058 ᾗ.
159 3003 237 3044 Hic
279 3005 415 3058 capita
456 3006 751 3046 columellamm
800 3006 1005 3045 continent
1054 3005 1139 3045 dies
1188 3010 1232 3045 et
1268 3005 1418 3045 dierum
1455 3005 1660 3057 scrupula,
1703 3004 1845 3058 quibus

81 3063 350 3119 ·2·-1='scripti
378 3064 566 3118 planetae
598 3065 671 3105 sub
701 3065 796 3105 orbe
828 3065 991 3105 stellato
1023 3077 1118 3105 suas
1142 3064 1327 3119 periodos
1358 3065 1585 3118 complent:
1630 3071 1845 3118 sequentes
