<?xml version="1.0" encoding="UTF-8"?>
<!DOCTYPE html PUBLIC "-//W3C//DTD XHTML 1.0 Transitional//EN"
    "http://www.w3.org/TR/xhtml1/DTD/xhtml1-transitional.dtd">
<html xmlns="http://www.w3.org/1999/xhtml" xml:lang="en" lang="en">
 <head>
  <title>
</title>
<meta http-equiv="Content-Type" content="text/html;charset=utf-8" />
  <meta name='ocr-system' content='tesseract 3.04.00' />
  <meta name='ocr-capabilities' content='ocr_page ocr_carea ocr_par ocr_line ocrx_word'/>
</head>
<body>
  <div class='ocr_page' id='page_1' title='image "./operaomniaedidit01kepluoft_0359.png"; bbox 0 0 2028 3242; ppageno 0'>
   <div class='ocr_carea' id='block_1_1' title="bbox 760 61 1866 106">
    <p class='ocr_par' dir='ltr' id='par_1_1' title="bbox 760 61 1866 106">
     <span class='ocr_line' id='line_1_1' title="bbox 760 61 1866 106; baseline 0.009 -11"><span class='ocrx_word' id='word_1_1' title='bbox 760 63 802 96; x_wconf 68' lang='lat' dir='ltr'><strong>ae</strong></span> <span class='ocrx_word' id='word_1_2' title='bbox 826 63 923 96; x_wconf 68' lang='lat' dir='ltr'><strong>retus</strong></span> <span class='ocrx_word' id='word_1_3' title='bbox 947 63 1163 106; x_wconf 57' lang='lat' dir='ltr'><strong>nonagies.</strong></span> <span class='ocrx_word' id='word_1_4' title='bbox 1780 61 1866 105; x_wconf 84' lang='lat'><strong>337</strong></span> 
     </span>
    </p>
   </div>
   <div class='ocr_carea' id='block_1_2' title="bbox 0 167 1868 2896">
    <p class='ocr_par' dir='ltr' id='par_1_2' title="bbox 58 167 1867 445">
     <span class='ocr_line' id='line_1_2' title="bbox 60 167 1866 225; baseline 0.001 -17"><span class='ocrx_word' id='word_1_5' title='bbox 60 167 317 209; x_wconf 62' lang='lat' dir='ltr'><strong>semibus:</strong></span> <span class='ocrx_word' id='word_1_6' title='bbox 364 169 484 222; x_wconf 85' lang='lat' dir='ltr'><strong>idque</strong></span> <span class='ocrx_word' id='word_1_7' title='bbox 517 169 708 218; x_wconf 79' lang='lat' dir='ltr'><strong>fortasse,</strong></span> <span class='ocrx_word' id='word_1_8' title='bbox 750 182 828 210; x_wconf 88' lang='lat' dir='ltr'><strong>non</strong></span> <span class='ocrx_word' id='word_1_9' title='bbox 861 169 1097 222; x_wconf 85' lang='lat' dir='ltr'><strong>simpliciter</strong></span> <span class='ocrx_word' id='word_1_10' title='bbox 1127 168 1433 225; x_wconf 82' lang='lat' dir='ltr'><strong>affirmaverim3</strong></span> <span class='ocrx_word' id='word_1_11' title='bbox 1477 181 1601 210; x_wconf 86' lang='lat' dir='ltr'><strong>causa</strong></span> <span class='ocrx_word' id='word_1_12' title='bbox 1630 180 1740 218; x_wconf 88' lang='lat' dir='ltr'><strong>vero,</strong></span> <span class='ocrx_word' id='word_1_13' title='bbox 1774 168 1866 222; x_wconf 79' lang='lat' dir='ltr'><strong>quia</strong></span> 
     </span>
     <span class='ocr_line' id='line_1_3' title="bbox 60 226 1866 281; baseline 0 -13"><span class='ocrx_word' id='word_1_14' title='bbox 60 226 231 274; x_wconf 59' lang='lat' dir='ltr'><strong>atheia</strong></span> <span class='ocrx_word' id='word_1_15' title='bbox 278 227 458 268; x_wconf 88' lang='lat' dir='ltr'><strong>oriuntur</strong></span> <span class='ocrx_word' id='word_1_16' title='bbox 500 227 644 268; x_wconf 88' lang='lat' dir='ltr'><strong>iisdem</strong></span> <span class='ocrx_word' id='word_1_17' title='bbox 690 228 927 270; x_wconf 88' lang='lat' dir='ltr'><strong>circulorum</strong></span> <span class='ocrx_word' id='word_1_18' title='bbox 967 227 1151 281; x_wconf 85' lang='lat' dir='ltr'><strong>punctis,</strong></span> <span class='ocrx_word' id='word_1_19' title='bbox 1205 227 1374 269; x_wconf 89' lang='lat' dir='ltr'><strong>directio</strong></span> <span class='ocrx_word' id='word_1_20' title='bbox 1417 240 1512 269; x_wconf 83' lang='lat' dir='ltr'><strong>vero</strong></span> <span class='ocrx_word' id='word_1_21' title='bbox 1555 227 1723 281; x_wconf 80' lang='lat' dir='ltr'>requirit</span> <span class='ocrx_word' id='word_1_22' title='bbox 1762 228 1866 268; x_wconf 90' lang='lat' dir='ltr'><strong>hunc</strong></span> 
     </span>
     <span class='ocr_line' id='line_1_4' title="bbox 60 285 1867 340; baseline 0.001 -15"><span class='ocrx_word' id='word_1_23' title='bbox 60 290 204 326; x_wconf 85' lang='lat' dir='ltr'><strong>ortum.</strong></span> <span class='ocrx_word' id='word_1_24' title='bbox 266 285 339 327; x_wconf 92' lang='lat' dir='ltr'><strong>Sol</strong></span> <span class='ocrx_word' id='word_1_25' title='bbox 369 293 412 327; x_wconf 87' lang='lat' dir='ltr'><strong>et</strong></span> <span class='ocrx_word' id='word_1_26' title='bbox 442 287 558 327; x_wconf 86' lang='lat' dir='ltr'><strong>Luna</strong></span> <span class='ocrx_word' id='word_1_27' title='bbox 587 288 758 340; x_wconf 87' lang='lat' dir='ltr'><strong>propriis</strong></span> <span class='ocrx_word' id='word_1_28' title='bbox 788 287 962 328; x_wconf 88' lang='lat' dir='ltr'><strong>motibus</strong></span> <span class='ocrx_word' id='word_1_29' title='bbox 1001 286 1087 340; x_wconf 90' lang='lat' dir='ltr'><strong>(qui</strong></span> <span class='ocrx_word' id='word_1_30' title='bbox 1117 292 1394 339; x_wconf 88' lang='lat' dir='ltr'><strong>supponuntur</strong></span> <span class='ocrx_word' id='word_1_31' title='bbox 1423 286 1461 326; x_wconf 92' lang='lat' dir='ltr'><strong>in</strong></span> <span class='ocrx_word' id='word_1_32' title='bbox 1494 286 1736 334; x_wconf 79' lang='lat' dir='ltr'>directione)</span> <span class='ocrx_word' id='word_1_33' title='bbox 1769 286 1867 327; x_wconf 90' lang='lat' dir='ltr'><strong>nihil</strong></span> 
     </span>
     <span class='ocr_line' id='line_1_5' title="bbox 58 343 1866 406; baseline 0.002 -23"><span class='ocrx_word' id='word_1_34' title='bbox 58 343 142 384; x_wconf 74' lang='lat' dir='ltr'><strong>tale</strong></span> <span class='ocrx_word' id='word_1_35' title='bbox 178 345 435 397; x_wconf 71' lang='lat' dir='ltr'><strong>experiuntur</strong></span> <span class='ocrx_word' id='word_1_36' title='bbox 470 351 657 406; x_wconf 81' lang='lat' dir='ltr'><strong>respectu</strong></span> <span class='ocrx_word' id='word_1_37' title='bbox 694 345 755 386; x_wconf 89' lang='lat' dir='ltr'><strong>sui</strong></span> <span class='ocrx_word' id='word_1_38' title='bbox 793 345 917 399; x_wconf 89' lang='lat' dir='ltr'><strong>ipsius</strong></span> <span class='ocrx_word' id='word_1_39' title='bbox 956 352 1102 386; x_wconf 89' lang='lat' dir='ltr'><strong>motus.</strong></span> <span class='ocrx_word' id='word_1_40' title='bbox 1165 345 1353 386; x_wconf 84' lang='lat' dir='ltr'><strong>Antiscia</strong></span> <span class='ocrx_word' id='word_1_41' title='bbox 1391 346 1495 385; x_wconf 92' lang='lat' dir='ltr'><strong>enim</strong></span> <span class='ocrx_word' id='word_1_42' title='bbox 1534 359 1559 385; x_wconf 87' lang='lat' dir='ltr'><strong>a</strong></span> <span class='ocrx_word' id='word_1_43' title='bbox 1595 346 1726 398; x_wconf 87' lang='lat' dir='ltr'><strong>primo</strong></span> <span class='ocrx_word' id='word_1_44' title='bbox 1757 351 1866 386; x_wconf 90' lang='lat' dir='ltr'><strong>motu</strong></span> 
     </span>
     <span class='ocr_line' id='line_1_6' title="bbox 59 401 767 445; baseline 0.001 -2"><span class='ocrx_word' id='word_1_45' title='bbox 59 406 203 444; x_wconf 69' lang='lat' dir='ltr'><strong>numen</strong></span> <span class='ocrx_word' id='word_1_46' title='bbox 232 403 383 444; x_wconf 76' lang='lat' dir='ltr'><strong>habent</strong></span> <span class='ocrx_word' id='word_1_47' title='bbox 413 410 455 444; x_wconf 92' lang='lat' dir='ltr'><strong>et</strong></span> <span class='ocrx_word' id='word_1_48' title='bbox 486 401 767 445; x_wconf 81' lang='lat' dir='ltr'><strong>definitionem.</strong></span> 
     </span>
    </p>

    <p class='ocr_par' dir='ltr' id='par_1_3' title="bbox 57 478 1868 714">
     <span class='ocr_line' id='line_1_7' title="bbox 152 478 1866 521; baseline -0.001 -9"><span class='ocrx_word' id='word_1_49' title='bbox 152 478 400 512; x_wconf 65' lang='lat' dir='ltr'><strong>Fabricius:</strong></span> <span class='ocrx_word' id='word_1_50' title='bbox 422 480 703 515; x_wconf 65' lang='grc' dir='ltr'><strong>Διιηιιιιιιιιι</strong></span> <span class='ocrx_word' id='word_1_51' title='bbox 740 479 959 512; x_wconf 73' lang='lat' dir='ltr'><strong>Scultetus</strong></span> <span class='ocrx_word' id='word_1_52' title='bbox 995 480 1030 511; x_wconf 89' lang='lat' dir='ltr'><strong>in</strong></span> <span class='ocrx_word' id='word_1_53' title='bbox 1067 479 1156 512; x_wconf 85' lang='lat' dir='ltr'><strong>edito</strong></span> <span class='ocrx_word' id='word_1_54' title='bbox 1194 489 1252 511; x_wconf 82' lang='lat' dir='ltr'><strong>suo</strong></span> <span class='ocrx_word' id='word_1_55' title='bbox 1289 479 1462 521; x_wconf 73' lang='lat' dir='ltr'><strong>sphaerico</strong></span> <span class='ocrx_word' id='word_1_56' title='bbox 1499 479 1608 511; x_wconf 82' lang='lat' dir='ltr'><strong>libello</strong></span> <span class='ocrx_word' id='word_1_57' title='bbox 1634 489 1675 511; x_wconf 80' lang='lat' dir='ltr'><strong>ex</strong></span> <span class='ocrx_word' id='word_1_58' title='bbox 1698 481 1866 512; x_wconf 76' lang='lat' dir='ltr'><strong>sententia</strong></span> 
     </span>
     <span class='ocr_line' id='line_1_8' title="bbox 58 525 1868 570; baseline -0.001 -10"><span class='ocrx_word' id='word_1_59' title='bbox 58 525 242 570; x_wconf 67' lang='lat' dir='ltr'><strong>Alpmgti</strong></span> <span class='ocrx_word' id='word_1_60' title='bbox 265 532 301 560; x_wconf 78' lang='lat' dir='ltr'><strong>et</strong></span> <span class='ocrx_word' id='word_1_61' title='bbox 327 527 470 561; x_wconf 70' lang='lat' dir='ltr'><strong>Tauroni</strong></span> <span class='ocrx_word' id='word_1_62' title='bbox 492 527 595 559; x_wconf 70' lang='lat' dir='ltr'><strong>tradit</strong></span> <span class='ocrx_word' id='word_1_63' title='bbox 614 532 739 560; x_wconf 80' lang='lat' dir='ltr'><strong>motum</strong></span> <span class='ocrx_word' id='word_1_64' title='bbox 762 528 970 569; x_wconf 77' lang='lat' dir='ltr'><strong>planetarum</strong></span> <span class='ocrx_word' id='word_1_65' title='bbox 996 527 1039 559; x_wconf 74' lang='lat' dir='ltr'><strong>ab</strong></span> <span class='ocrx_word' id='word_1_66' title='bbox 1063 535 1186 559; x_wconf 74' lang='lat' dir='ltr'><strong>occasu</strong></span> <span class='ocrx_word' id='word_1_67' title='bbox 1213 527 1248 558; x_wconf 86' lang='lat' dir='ltr'><strong>in</strong></span> <span class='ocrx_word' id='word_1_68' title='bbox 1264 531 1372 559; x_wconf 65' lang='lat' dir='ltr'><strong>ortum</strong></span> <span class='ocrx_word' id='word_1_69' title='bbox 1388 526 1516 559; x_wconf 80' lang='lat' dir='ltr'><strong>nullum</strong></span> <span class='ocrx_word' id='word_1_70' title='bbox 1533 536 1618 564; x_wconf 77' lang='lat' dir='ltr'><strong>osso,</strong></span> <span class='ocrx_word' id='word_1_71' title='bbox 1643 526 1729 568; x_wconf 79' lang='lat' dir='ltr'><strong>quod</strong></span> <span class='ocrx_word' id='word_1_72' title='bbox 1746 531 1868 559; x_wconf 71' lang='lat' dir='ltr'><strong>nsum</strong></span> 
     </span>
     <span class='ocr_line' id='line_1_9' title="bbox 57 573 1867 617; baseline -0.001 -10"><span class='ocrx_word' id='word_1_73' title='bbox 57 583 124 613; x_wconf 71' lang='lat' dir='ltr'><strong>m</strong></span> <span class='ocrx_word' id='word_1_74' title='bbox 145 575 296 616; x_wconf 67' lang='lat' dir='ltr'><strong>paflnnr</strong></span> <span class='ocrx_word' id='word_1_75' title='bbox 314 583 387 608; x_wconf 66' lang='lat' dir='ltr'><strong>rm</strong></span> <span class='ocrx_word' id='word_1_76' title='bbox 406 583 509 607; x_wconf 70' lang='lat' dir='ltr'><strong>unam</strong></span> <span class='ocrx_word' id='word_1_77' title='bbox 534 579 569 607; x_wconf 83' lang='lat' dir='ltr'><strong>et</strong></span> <span class='ocrx_word' id='word_1_78' title='bbox 590 575 732 607; x_wconf 72' lang='lat' dir='ltr'><strong>eandem</strong></span> <span class='ocrx_word' id='word_1_79' title='bbox 762 584 897 607; x_wconf 82' lang='lat' dir='ltr'><strong>numero</strong></span> <span class='ocrx_word' id='word_1_80' title='bbox 934 583 1000 606; x_wconf 90' lang='grc' dir='ltr'><strong>ιιιιο</strong></span> <span class='ocrx_word' id='word_1_81' title='bbox 1026 573 1207 617; x_wconf 78' lang='lat' dir='ltr'><strong>eodemque</strong></span> <span class='ocrx_word' id='word_1_82' title='bbox 1232 578 1380 616; x_wconf 73' lang='lat' dir='ltr'><strong>tempore</strong></span> <span class='ocrx_word' id='word_1_83' title='bbox 1405 574 1440 606; x_wconf 91' lang='grc' dir='ltr'><strong>ιιι</strong></span> <span class='ocrx_word' id='word_1_84' title='bbox 1464 573 1614 606; x_wconf 75' lang='lat' dir='ltr'><strong>dextram</strong></span> <span class='ocrx_word' id='word_1_85' title='bbox 1642 577 1677 605; x_wconf 77' lang='lat' dir='ltr'><strong>et</strong></span> <span class='ocrx_word' id='word_1_86' title='bbox 1699 574 1867 606; x_wconf 71' lang='lat' dir='ltr'><strong>sinistram</strong></span> 
     </span>
     <span class='ocr_line' id='line_1_10' title="bbox 57 619 1866 668; baseline -0.001 -13"><span class='ocrx_word' id='word_1_87' title='bbox 57 624 186 665; x_wconf 61' lang='lat' dir='ltr'><strong>pam</strong></span> <span class='ocrx_word' id='word_1_88' title='bbox 206 621 303 663; x_wconf 53' lang='lat' dir='ltr'><strong>hui,</strong></span> <span class='ocrx_word' id='word_1_89' title='bbox 337 627 374 655; x_wconf 77' lang='lat' dir='ltr'><strong>et</strong></span> <span class='ocrx_word' id='word_1_90' title='bbox 395 621 492 660; x_wconf 77' lang='lat' dir='ltr'><strong>dicit.</strong></span> <span class='ocrx_word' id='word_1_91' title='bbox 529 620 640 654; x_wconf 82' lang='lat' dir='ltr'><strong>Solem</strong></span> <span class='ocrx_word' id='word_1_92' title='bbox 663 626 756 655; x_wconf 80' lang='lat' dir='ltr'><strong>motu</strong></span> <span class='ocrx_word' id='word_1_93' title='bbox 788 622 916 664; x_wconf 84' lang='lat' dir='ltr'><strong>proprio</strong></span> <span class='ocrx_word' id='word_1_94' title='bbox 948 630 971 654; x_wconf 75' lang='lat' dir='ltr'><strong>a</strong></span> <span class='ocrx_word' id='word_1_95' title='bbox 994 621 1129 668; x_wconf 76' lang='lat' dir='ltr'><strong>meridie</strong></span> <span class='ocrx_word' id='word_1_96' title='bbox 1158 622 1194 654; x_wconf 87' lang='lat' dir='ltr'><strong>in</strong></span> <span class='ocrx_word' id='word_1_97' title='bbox 1228 621 1488 664; x_wconf 58' lang='lat' dir='ltr'><strong>„punctionem</strong></span> <span class='ocrx_word' id='word_1_98' title='bbox 1512 620 1600 654; x_wconf 73' lang='lat' dir='ltr'><strong>ferri.</strong></span> <span class='ocrx_word' id='word_1_99' title='bbox 1653 619 1745 658; x_wconf 65' lang='lat' dir='ltr'><strong>Scire</strong></span> <span class='ocrx_word' id='word_1_100' title='bbox 1770 622 1866 663; x_wconf 83' lang='lat' dir='ltr'><strong>cupio</strong></span> 
     </span>
     <span class='ocr_line' id='line_1_11' title="bbox 57 666 763 714; baseline -0.001 -11"><span class='ocrx_word' id='word_1_101' title='bbox 57 669 153 714; x_wconf 58' lang='lat' dir='ltr'><strong>hoq</strong></span> <span class='ocrx_word' id='word_1_102' title='bbox 174 667 218 706; x_wconf 66' lang='lat' dir='ltr'><strong>do</strong></span> <span class='ocrx_word' id='word_1_103' title='bbox 237 667 304 703; x_wconf 70' lang='lat' dir='ltr'><strong>hae</strong></span> <span class='ocrx_word' id='word_1_104' title='bbox 327 669 479 712; x_wconf 70' lang='lat' dir='ltr'><strong>opinione</strong></span> <span class='ocrx_word' id='word_1_105' title='bbox 501 670 715 702; x_wconf 74' lang='lat' dir='ltr'><strong>sententiam.</strong></span> <span class='ocrx_word' id='word_1_106' title='bbox 734 666 763 709; x_wconf 78' lang='lat'><strong>¹)</strong></span> 
     </span>
    </p>

    <p class='ocr_par' dir='ltr' id='par_1_4' title="bbox 0 725 1864 2198">
     <span class='ocr_line' id='line_1_12' title="bbox 173 725 1861 781; baseline -0.002 -12"><span class='ocrx_word' id='word_1_107' title='bbox 173 726 446 781; x_wconf 80' lang='lat' dir='ltr'><strong>Keplerus·</strong></span> <span class='ocrx_word' id='word_1_108' title='bbox 495 727 590 769; x_wconf 82' lang='lat' dir='ltr'><strong>Jam</strong></span> <span class='ocrx_word' id='word_1_109' title='bbox 626 734 670 768; x_wconf 87' lang='lat' dir='ltr'><strong>et</strong></span> <span class='ocrx_word' id='word_1_110' title='bbox 705 743 853 779; x_wconf 73' lang='grc' dir='ltr'><strong><em>τερατα</em></strong></span> <span class='ocrx_word' id='word_1_111' title='bbox 890 727 1180 768; x_wconf 76' lang='lat' dir='ltr'><strong>sententiarum</strong></span> <span class='ocrx_word' id='word_1_112' title='bbox 1218 732 1261 766; x_wconf 90' lang='lat' dir='ltr'><strong>et</strong></span> <span class='ocrx_word' id='word_1_113' title='bbox 1297 725 1466 779; x_wconf 84' lang='lat' dir='ltr'><strong>hydram</strong></span> <span class='ocrx_word' id='word_1_114' title='bbox 1502 726 1599 767; x_wconf 92' lang='lat' dir='ltr'><strong>mihi</strong></span> <span class='ocrx_word' id='word_1_115' title='bbox 1636 726 1861 767; x_wconf 77' lang='lat' dir='ltr'>Lernaeam</span> 
     </span>
     <span class='ocr_line' id='line_1_13' title="bbox 59 785 1860 840; baseline -0.001 -13"><span class='ocrx_word' id='word_1_116' title='bbox 59 785 199 840; x_wconf 58' lang='lat' dir='ltr'><strong>clama</strong></span> <span class='ocrx_word' id='word_1_117' title='bbox 225 785 399 829; x_wconf 78' lang='lat' dir='ltr'><strong>Sculteti</strong></span> <span class='ocrx_word' id='word_1_118' title='bbox 429 792 471 827; x_wconf 88' lang='lat' dir='ltr'><strong>et</strong></span> <span class='ocrx_word' id='word_1_119' title='bbox 488 787 663 828; x_wconf 84' lang='lat' dir='ltr'><strong>Taurelli</strong></span> <span class='ocrx_word' id='word_1_120' title='bbox 696 787 767 828; x_wconf 74' lang='grc' dir='ltr'><strong>διο.</strong></span> <span class='ocrx_word' id='word_1_121' title='bbox 832 786 976 827; x_wconf 80' lang='lat' dir='ltr'><strong>Dicam</strong></span> <span class='ocrx_word' id='word_1_122' title='bbox 1006 786 1130 838; x_wconf 86' lang='lat' dir='ltr'><strong>igitur</strong></span> <span class='ocrx_word' id='word_1_123' title='bbox 1160 786 1406 826; x_wconf 87' lang='lat' dir='ltr'><strong>sententiam</strong></span> <span class='ocrx_word' id='word_1_124' title='bbox 1435 791 1654 838; x_wconf 81' lang='lat' dir='ltr'><strong>tantopere</strong></span> <span class='ocrx_word' id='word_1_125' title='bbox 1679 791 1860 838; x_wconf 84' lang='lat' dir='ltr'><strong>rogatus.</strong></span> 
     </span>
     <span class='ocr_line' id='line_1_14' title="bbox 58 843 1864 899; baseline -0.002 -12"><span class='ocrx_word' id='word_1_126' title='bbox 58 845 154 898; x_wconf 69' lang='lat' dir='ltr'><strong>lpse</strong></span> <span class='ocrx_word' id='word_1_127' title='bbox 183 858 260 887; x_wconf 82' lang='lat' dir='ltr'><strong>non</strong></span> <span class='ocrx_word' id='word_1_128' title='bbox 286 846 381 899; x_wconf 85' lang='lat' dir='ltr'><strong>legi.</strong></span> <span class='ocrx_word' id='word_1_129' title='bbox 430 847 491 887; x_wconf 89' lang='lat' dir='ltr'><strong>At</strong></span> <span class='ocrx_word' id='word_1_130' title='bbox 522 847 555 887; x_wconf 90' lang='lat' dir='ltr'><strong>si</strong></span> <span class='ocrx_word' id='word_1_131' title='bbox 588 853 713 893; x_wconf 86' lang='lat' dir='ltr'><strong>esset,</strong></span> <span class='ocrx_word' id='word_1_132' title='bbox 745 851 789 886; x_wconf 89' lang='lat' dir='ltr'><strong>ut</strong></span> <span class='ocrx_word' id='word_1_133' title='bbox 819 852 863 886; x_wconf 90' lang='lat' dir='ltr'><strong>tu</strong></span> <span class='ocrx_word' id='word_1_134' title='bbox 894 844 1055 893; x_wconf 76' lang='lat' dir='ltr'><strong>statuis,</strong></span> <span class='ocrx_word' id='word_1_135' title='bbox 1088 851 1132 885; x_wconf 91' lang='lat' dir='ltr'><strong>ut</strong></span> <span class='ocrx_word' id='word_1_136' title='bbox 1150 843 1221 885; x_wconf 91' lang='lat' dir='ltr'><strong>Sol</strong></span> <span class='ocrx_word' id='word_1_137' title='bbox 1242 844 1406 884; x_wconf 82' lang='lat' dir='ltr'><strong>Terram</strong></span> <span class='ocrx_word' id='word_1_138' title='bbox 1442 844 1495 884; x_wconf 86' lang='lat' dir='ltr'><strong>ab</strong></span> <span class='ocrx_word' id='word_1_139' title='bbox 1526 850 1665 884; x_wconf 89' lang='lat' dir='ltr'><strong>austro</strong></span> <span class='ocrx_word' id='word_1_140' title='bbox 1695 844 1735 884; x_wconf 92' lang='lat' dir='ltr'><strong>in</strong></span> <span class='ocrx_word' id='word_1_141' title='bbox 1768 856 1864 896; x_wconf 88' lang='lat' dir='ltr'><strong>sep-</strong></span> 
     </span>
     <span class='ocr_line' id='line_1_15' title="bbox 58 903 1331 957; baseline -0.001 -12"><span class='ocrx_word' id='word_1_142' title='bbox 58 905 302 946; x_wconf 74' lang='lat' dir='ltr'><strong>tentrionem</strong></span> <span class='ocrx_word' id='word_1_143' title='bbox 331 905 571 953; x_wconf 86' lang='lat' dir='ltr'><strong>circumiret,</strong></span> <span class='ocrx_word' id='word_1_144' title='bbox 602 906 772 957; x_wconf 88' lang='lat' dir='ltr'><strong>primum</strong></span> <span class='ocrx_word' id='word_1_145' title='bbox 803 903 1110 957; x_wconf 83' lang='lat' dir='ltr'><strong>aequinoctialis</strong></span> <span class='ocrx_word' id='word_1_146' title='bbox 1134 903 1221 943; x_wconf 90' lang='lat' dir='ltr'><strong>dies</strong></span> <span class='ocrx_word' id='word_1_147' title='bbox 1239 916 1331 944; x_wconf 91' lang='lat' dir='ltr'><strong>ma-</strong></span> 
     </span>
     <span class='ocr_line' id='line_1_16' title="bbox 15 962 1330 1017; baseline -0.002 -12"><span class='ocrx_word' id='word_1_148' title='bbox 15 989 22 994; x_wconf 36' lang='lat'><em>*</em></span> <span class='ocrx_word' id='word_1_149' title='bbox 58 968 175 1005; x_wconf 74' lang='lat' dir='ltr'><strong>neret</strong></span> <span class='ocrx_word' id='word_1_150' title='bbox 203 976 276 1005; x_wconf 86' lang='lat' dir='ltr'><strong>suo</strong></span> <span class='ocrx_word' id='word_1_151' title='bbox 306 969 437 1013; x_wconf 79' lang='lat' dir='ltr'><strong>statu,</strong></span> <span class='ocrx_word' id='word_1_152' title='bbox 471 965 637 1017; x_wconf 85' lang='lat' dir='ltr'><strong>tropicis</strong></span> <span class='ocrx_word' id='word_1_153' title='bbox 667 977 762 1004; x_wconf 88' lang='lat' dir='ltr'><strong>vero</strong></span> <span class='ocrx_word' id='word_1_154' title='bbox 794 963 953 1015; x_wconf 86' lang='lat' dir='ltr'><strong>punctis</strong></span> <span class='ocrx_word' id='word_1_155' title='bbox 985 962 1080 1010; x_wconf 92' lang='lat' dir='ltr'><strong>Sol,</strong></span> <span class='ocrx_word' id='word_1_156' title='bbox 1119 975 1198 1003; x_wconf 90' lang='lat' dir='ltr'><strong>non</strong></span> <span class='ocrx_word' id='word_1_157' title='bbox 1230 975 1330 1003; x_wconf 91' lang='lat' dir='ltr'><strong>con-</strong></span> 
     </span>
     <span class='ocr_line' id='line_1_17' title="bbox 58 1021 1330 1076; baseline -0.002 -12"><span class='ocrx_word' id='word_1_158' title='bbox 58 1028 195 1064; x_wconf 81' lang='lat' dir='ltr'><strong>tentus</strong></span> <span class='ocrx_word' id='word_1_159' title='bbox 225 1023 385 1076; x_wconf 63' lang='lat' dir='ltr'><strong>aequali</strong></span> <span class='ocrx_word' id='word_1_160' title='bbox 415 1030 458 1064; x_wconf 88' lang='lat' dir='ltr'><strong>et</strong></span> <span class='ocrx_word' id='word_1_161' title='bbox 485 1025 607 1076; x_wconf 84' lang='lat' dir='ltr'><strong>plana</strong></span> <span class='ocrx_word' id='word_1_162' title='bbox 637 1024 722 1071; x_wconf 79' lang='lat' dir='ltr'><strong>via,</strong></span> <span class='ocrx_word' id='word_1_163' title='bbox 756 1023 808 1063; x_wconf 86' lang='lat' dir='ltr'><strong>ad</strong></span> <span class='ocrx_word' id='word_1_164' title='bbox 837 1022 974 1075; x_wconf 87' lang='lat' dir='ltr'><strong>polum</strong></span> <span class='ocrx_word' id='word_1_165' title='bbox 1005 1022 1083 1062; x_wconf 90' lang='lat' dir='ltr'><strong>iret</strong></span> <span class='ocrx_word' id='word_1_166' title='bbox 1111 1021 1330 1074; x_wconf 86' lang='lat' dir='ltr'><strong>parallelos</strong></span> 
     </span>
     <span class='ocr_line' id='line_1_18' title="bbox 59 1080 1329 1133; baseline -0.001 -12"><span class='ocrx_word' id='word_1_167' title='bbox 59 1081 268 1123; x_wconf 75' lang='lat' dir='ltr'><strong>stellarum</strong></span> <span class='ocrx_word' id='word_1_168' title='bbox 297 1082 473 1123; x_wconf 85' lang='lat' dir='ltr'><strong>omnium</strong></span> <span class='ocrx_word' id='word_1_169' title='bbox 507 1083 754 1127; x_wconf 75' lang='lat' dir='ltr'><strong>aemulatus,</strong></span> <span class='ocrx_word' id='word_1_170' title='bbox 793 1080 989 1122; x_wconf 78' lang='lat' dir='ltr'><strong>transiret</strong></span> <span class='ocrx_word' id='word_1_171' title='bbox 1032 1080 1155 1132; x_wconf 87' lang='lat' dir='ltr'><strong>igitur</strong></span> <span class='ocrx_word' id='word_1_172' title='bbox 1192 1080 1329 1133; x_wconf 87' lang='lat' dir='ltr'><strong>capita</strong></span> 
     </span>
     <span class='ocr_line' id='line_1_19' title="bbox 60 1139 1329 1194; baseline -0.001 -13"><span class='ocrx_word' id='word_1_173' title='bbox 60 1141 236 1182; x_wconf 85' lang='lat' dir='ltr'><strong>locorum</strong></span> <span class='ocrx_word' id='word_1_174' title='bbox 263 1140 383 1194; x_wconf 81' lang='lat' dir='ltr'><strong>plane</strong></span> <span class='ocrx_word' id='word_1_175' title='bbox 415 1142 588 1182; x_wconf 89' lang='lat' dir='ltr'><strong>omnium</strong></span> <span class='ocrx_word' id='word_1_176' title='bbox 618 1141 658 1182; x_wconf 90' lang='lat' dir='ltr'><strong>in</strong></span> <span class='ocrx_word' id='word_1_177' title='bbox 685 1153 788 1181; x_wconf 83' lang='lat' dir='ltr'><strong>anno</strong></span> <span class='ocrx_word' id='word_1_178' title='bbox 807 1140 894 1189; x_wconf 88' lang='lat' dir='ltr'><strong>bis;</strong></span> <span class='ocrx_word' id='word_1_179' title='bbox 926 1140 999 1180; x_wconf 89' lang='lat' dir='ltr'><strong>sub</strong></span> <span class='ocrx_word' id='word_1_180' title='bbox 1018 1139 1122 1192; x_wconf 86' lang='lat' dir='ltr'><strong>polis</strong></span> <span class='ocrx_word' id='word_1_181' title='bbox 1142 1145 1329 1180; x_wconf 81' lang='lat' dir='ltr'><strong>exureret</strong></span> 
     </span>
     <span class='ocr_line' id='line_1_20' title="bbox 59 1197 1325 1246; baseline -0.002 -5"><span class='ocrx_word' id='word_1_182' title='bbox 59 1199 211 1246; x_wconf 72' lang='lat' dir='ltr'><strong>omnia,</strong></span> <span class='ocrx_word' id='word_1_183' title='bbox 247 1199 333 1240; x_wconf 84' lang='lat' dir='ltr'><strong>dies</strong></span> <span class='ocrx_word' id='word_1_184' title='bbox 366 1201 472 1244; x_wconf 75' lang='lat' dir='ltr'><strong>enim</strong></span> <span class='ocrx_word' id='word_1_185' title='bbox 503 1201 711 1241; x_wconf 80' lang='lat' dir='ltr'><strong>semestris</strong></span> <span class='ocrx_word' id='word_1_186' title='bbox 748 1200 788 1240; x_wconf 89' lang='lat' dir='ltr'><strong>in</strong></span> <span class='ocrx_word' id='word_1_187' title='bbox 818 1198 949 1240; x_wconf 91' lang='lat' dir='ltr'><strong>medio</strong></span> <span class='ocrx_word' id='word_1_188' title='bbox 987 1199 1049 1239; x_wconf 88' lang='lat' dir='ltr'><strong>sui</strong></span> <span class='ocrx_word' id='word_1_189' title='bbox 1079 1197 1218 1238; x_wconf 91' lang='lat' dir='ltr'><strong>Solem</strong></span> <span class='ocrx_word' id='word_1_190' title='bbox 1249 1198 1325 1239; x_wconf 84' lang='lat' dir='ltr'><strong>ha-</strong></span> 
     </span>
     <span class='ocr_line' id='line_1_21' title="bbox 60 1257 1326 1313; baseline 0.001 -15"><span class='ocrx_word' id='word_1_191' title='bbox 60 1258 174 1300; x_wconf 81' lang='lat' dir='ltr'><strong>beret</strong></span> <span class='ocrx_word' id='word_1_192' title='bbox 203 1258 244 1300; x_wconf 86' lang='lat' dir='ltr'><strong>in</strong></span> <span class='ocrx_word' id='word_1_193' title='bbox 263 1259 413 1300; x_wconf 79' lang='lat' dir='ltr'><strong>vertice</strong></span> <span class='ocrx_word' id='word_1_194' title='bbox 444 1260 727 1313; x_wconf 86' lang='lat' dir='ltr'><strong>quiescentem.</strong></span> <span class='ocrx_word' id='word_1_195' title='bbox 777 1259 888 1299; x_wconf 87' lang='lat' dir='ltr'><strong>Tunc</strong></span> <span class='ocrx_word' id='word_1_196' title='bbox 907 1258 1044 1311; x_wconf 84' lang='lat' dir='ltr'><strong>itaque</strong></span> <span class='ocrx_word' id='word_1_197' title='bbox 1064 1258 1186 1298; x_wconf 86' lang='lat' dir='ltr'><strong>etiam</strong></span> <span class='ocrx_word' id='word_1_198' title='bbox 1211 1257 1326 1299; x_wconf 87' lang='lat' dir='ltr'><strong>nobis</strong></span> 
     </span>
     <span class='ocr_line' id='line_1_22' title="bbox 59 1316 1325 1372; baseline -0.002 -14"><span class='ocrx_word' id='word_1_199' title='bbox 59 1317 305 1359; x_wconf 81' lang='lat' dir='ltr'><strong>incumberet</strong></span> <span class='ocrx_word' id='word_1_200' title='bbox 335 1317 476 1372; x_wconf 82' lang='lat' dir='ltr'><strong>ingens</strong></span> <span class='ocrx_word' id='word_1_201' title='bbox 507 1326 665 1366; x_wconf 87' lang='lat' dir='ltr'><strong>aestus,</strong></span> <span class='ocrx_word' id='word_1_202' title='bbox 705 1319 740 1358; x_wconf 88' lang='lat' dir='ltr'><strong>si</strong></span> <span class='ocrx_word' id='word_1_203' title='bbox 772 1317 844 1358; x_wconf 89' lang='lat' dir='ltr'><strong>Sol</strong></span> <span class='ocrx_word' id='word_1_204' title='bbox 875 1317 960 1357; x_wconf 88' lang='lat' dir='ltr'><strong>sinc</strong></span> <span class='ocrx_word' id='word_1_205' title='bbox 992 1329 1138 1357; x_wconf 86' lang='lat' dir='ltr'><strong>occasu</strong></span> <span class='ocrx_word' id='word_1_206' title='bbox 1168 1316 1206 1356; x_wconf 90' lang='lat' dir='ltr'><strong>in</strong></span> <span class='ocrx_word' id='word_1_207' title='bbox 1238 1317 1325 1357; x_wconf 89' lang='lat' dir='ltr'><strong>loco</strong></span> 
     </span>
     <span class='ocr_line' id='line_1_23' title="bbox 60 1375 1646 1430; baseline -0.001 -13"><span class='ocrx_word' id='word_1_208' title='bbox 60 1375 143 1429; x_wconf 87' lang='lat' dir='ltr'><strong>poli</strong></span> <span class='ocrx_word' id='word_1_209' title='bbox 173 1376 373 1418; x_wconf 73' lang='lat' dir='ltr'><strong>haereret.</strong></span> <span class='ocrx_word' id='word_1_210' title='bbox 424 1379 515 1418; x_wconf 76' lang='lat' dir='ltr'><strong>Non</strong></span> <span class='ocrx_word' id='word_1_211' title='bbox 540 1385 650 1430; x_wconf 91' lang='lat' dir='ltr'><strong>puto,</strong></span> <span class='ocrx_word' id='word_1_212' title='bbox 683 1378 775 1417; x_wconf 92' lang='lat' dir='ltr'><strong>illos</strong></span> <span class='ocrx_word' id='word_1_213' title='bbox 805 1377 880 1416; x_wconf 87' lang='lat' dir='ltr'><strong>hoc</strong></span> <span class='ocrx_word' id='word_1_214' title='bbox 900 1376 1062 1416; x_wconf 85' lang='lat' dir='ltr'><strong>dixisse.</strong></span> <span class='ocrx_word' id='word_1_215' title='bbox 1111 1375 1214 1416; x_wconf 91' lang='lat' dir='ltr'><strong>Illud</strong></span> <span class='ocrx_word' id='word_1_216' title='bbox 1240 1377 1326 1416; x_wconf 85' lang='lat' dir='ltr'><strong>for·</strong></span> <span class='ocrx_word' id='word_1_217' title='bbox 1635 1390 1646 1403; x_wconf 43' lang='lat' dir='ltr'>x</span> 
     </span>
     <span class='ocr_line' id='line_1_24' title="bbox 59 1433 1862 1487; baseline 0.002 -11"><span class='ocrx_word' id='word_1_218' title='bbox 59 1441 175 1476; x_wconf 74' lang='lat' dir='ltr'><strong>tasse</strong></span> <span class='ocrx_word' id='word_1_219' title='bbox 203 1434 398 1477; x_wconf 77' lang='lat' dir='ltr'><strong>dixerint:</strong></span> <span class='ocrx_word' id='word_1_220' title='bbox 443 1438 526 1478; x_wconf 82' lang='lat' dir='ltr'><strong>sint</strong></span> <span class='ocrx_word' id='word_1_221' title='bbox 555 1437 658 1484; x_wconf 87' lang='lat' dir='ltr'><strong>AB,</strong></span> <span class='ocrx_word' id='word_1_222' title='bbox 694 1434 776 1476; x_wconf 92' lang='lat' dir='ltr'><strong>CD</strong></span> <span class='ocrx_word' id='word_1_223' title='bbox 807 1435 967 1487; x_wconf 88' lang='lat' dir='ltr'><strong>tropici,</strong></span> <span class='ocrx_word' id='word_1_224' title='bbox 1000 1435 1036 1475; x_wconf 89' lang='lat' dir='ltr'>E</span> <span class='ocrx_word' id='word_1_225' title='bbox 1069 1434 1207 1483; x_wconf 86' lang='lat' dir='ltr'><strong>Terra,</strong></span> <span class='ocrx_word' id='word_1_226' title='bbox 1239 1433 1321 1476; x_wconf 82' lang='lat' dir='ltr'><strong>Ac</strong></span> <span class='ocrx_word' id='word_1_227' title='bbox 1353 1435 1461 1477; x_wconf 88' lang='lat' dir='ltr'><strong>Solis</strong></span> <span class='ocrx_word' id='word_1_228' title='bbox 1492 1438 1663 1479; x_wconf 90' lang='lat' dir='ltr'><strong>circulus</strong></span> <span class='ocrx_word' id='word_1_229' title='bbox 1694 1452 1772 1479; x_wconf 90' lang='lat' dir='ltr'><strong>non</strong></span> <span class='ocrx_word' id='word_1_230' title='bbox 1797 1439 1862 1480; x_wconf 89' lang='lat' dir='ltr'><strong>in-</strong></span> 
     </span>
     <span class='ocr_line' id='line_1_25' title="bbox 61 1493 1864 1552; baseline 0.003 -18"><span class='ocrx_word' id='word_1_231' title='bbox 61 1493 226 1534; x_wconf 80' lang='lat' dir='ltr'><strong>cludens</strong></span> <span class='ocrx_word' id='word_1_232' title='bbox 262 1495 440 1536; x_wconf 82' lang='lat' dir='ltr'><strong>Terram.</strong></span> <span class='ocrx_word' id='word_1_233' title='bbox 503 1496 590 1536; x_wconf 88' lang='lat' dir='ltr'><strong>Hoc</strong></span> <span class='ocrx_word' id='word_1_234' title='bbox 628 1508 725 1534; x_wconf 88' lang='lat' dir='ltr'><strong>sane</strong></span> <span class='ocrx_word' id='word_1_235' title='bbox 761 1501 882 1547; x_wconf 89' lang='lat' dir='ltr'><strong>pacto</strong></span> <span class='ocrx_word' id='word_1_236' title='bbox 930 1498 1146 1546; x_wconf 81' lang='lat' dir='ltr'><strong>sequentur</strong></span> <span class='ocrx_word' id='word_1_237' title='bbox 1183 1493 1271 1545; x_wconf 74' lang='lat' dir='ltr'><strong>ejus</strong></span> <span class='ocrx_word' id='word_1_238' title='bbox 1315 1495 1624 1547; x_wconf 76' lang='lat' dir='ltr'><strong>declinationes,</strong></span> <span class='ocrx_word' id='word_1_239' title='bbox 1675 1503 1864 1552; x_wconf 89' lang='lat' dir='ltr'><strong>sequetur</strong></span> 
     </span>
     <span class='ocr_line' id='line_1_26' title="bbox 59 1551 1860 1607; baseline 0.002 -13"><span class='ocrx_word' id='word_1_240' title='bbox 59 1553 203 1594; x_wconf 78' lang='lat' dir='ltr'><strong>hiems·</strong></span> <span class='ocrx_word' id='word_1_241' title='bbox 229 1559 444 1607; x_wconf 71' lang='lat' dir='ltr'><strong>aestasque</strong></span> <span class='ocrx_word' id='word_1_242' title='bbox 477 1567 548 1595; x_wconf 91' lang='lat' dir='ltr'><strong>suo</strong></span> <span class='ocrx_word' id='word_1_243' title='bbox 588 1555 740 1594; x_wconf 88' lang='lat' dir='ltr'><strong>ordine.</strong></span> <span class='ocrx_word' id='word_1_244' title='bbox 803 1556 863 1595; x_wconf 88' lang='lat' dir='ltr'><strong>At</strong></span> <span class='ocrx_word' id='word_1_245' title='bbox 894 1554 928 1594; x_wconf 87' lang='lat' dir='ltr'><strong>si</strong></span> <span class='ocrx_word' id='word_1_246' title='bbox 960 1551 1035 1593; x_wconf 86' lang='lat' dir='ltr'><strong>AC</strong></span> <span class='ocrx_word' id='word_1_247' title='bbox 1068 1552 1237 1592; x_wconf 84' lang='lat' dir='ltr'><strong>circulus</strong></span> <span class='ocrx_word' id='word_1_248' title='bbox 1269 1553 1323 1594; x_wconf 83' lang='lat' dir='ltr'><strong>sit</strong></span> <span class='ocrx_word' id='word_1_249' title='bbox 1353 1555 1403 1595; x_wconf 92' lang='lat' dir='ltr'><strong>ad</strong></span> <span class='ocrx_word' id='word_1_250' title='bbox 1435 1555 1682 1597; x_wconf 88' lang='lat' dir='ltr'><strong>horizontem</strong></span> <span class='ocrx_word' id='word_1_251' title='bbox 1713 1563 1860 1606; x_wconf 82' lang='lat' dir='ltr'><strong>rectus,</strong></span> 
     </span>
     <span class='ocr_line' id='line_1_27' title="bbox 62 1610 1860 1667; baseline 0.002 -15"><span class='ocrx_word' id='word_1_252' title='bbox 62 1611 134 1652; x_wconf 80' lang='lat' dir='ltr'><strong>Sol</strong></span> <span class='ocrx_word' id='word_1_253' title='bbox 164 1612 205 1652; x_wconf 86' lang='lat' dir='ltr'><strong>in</strong></span> <span class='ocrx_word' id='word_1_254' title='bbox 235 1613 365 1653; x_wconf 85' lang='lat' dir='ltr'><strong>altero</strong></span> <span class='ocrx_word' id='word_1_255' title='bbox 397 1614 647 1666; x_wconf 78' lang='lat' dir='ltr'><strong>aequinoctio</strong></span> <span class='ocrx_word' id='word_1_256' title='bbox 687 1613 816 1653; x_wconf 88' lang='lat' dir='ltr'><strong>aberit</strong></span> <span class='ocrx_word' id='word_1_257' title='bbox 855 1627 879 1652; x_wconf 86' lang='lat' dir='ltr'><strong>a</strong></span> <span class='ocrx_word' id='word_1_258' title='bbox 910 1611 1024 1652; x_wconf 87' lang='lat' dir='ltr'><strong>nobis</strong></span> <span class='ocrx_word' id='word_1_259' title='bbox 1057 1611 1185 1652; x_wconf 85' lang='lat' dir='ltr'><strong>minus</strong></span> <span class='ocrx_word' id='word_1_260' title='bbox 1223 1610 1353 1661; x_wconf 89' lang='grc'>1414,</span> <span class='ocrx_word' id='word_1_261' title='bbox 1406 1614 1534 1654; x_wconf 88' lang='lat' dir='ltr'><strong>altero</strong></span> <span class='ocrx_word' id='word_1_262' title='bbox 1571 1616 1691 1667; x_wconf 89' lang='lat' dir='ltr'><strong>paulo</strong></span> <span class='ocrx_word' id='word_1_263' title='bbox 1730 1617 1860 1656; x_wconf 87' lang='lat' dir='ltr'><strong>minus</strong></span> 
     </span>
     <span class='ocr_line' id='line_1_28' title="bbox 62 1667 1861 1726; baseline 0.002 -15"><span class='ocrx_word' id='word_1_264' title='bbox 62 1667 180 1712; x_wconf 81' lang='grc'>2414</span> <span class='ocrx_word' id='word_1_265' title='bbox 210 1672 379 1724; x_wconf 85' lang='lat' dir='ltr'><strong>amplius</strong></span> <span class='ocrx_word' id='word_1_266' title='bbox 410 1673 529 1724; x_wconf 89' lang='lat' dir='ltr'><strong>duplo</strong></span> <span class='ocrx_word' id='word_1_267' title='bbox 560 1673 635 1720; x_wconf 70' lang='lat'><strong>(2³).</strong></span> <span class='ocrx_word' id='word_1_268' title='bbox 686 1673 816 1712; x_wconf 90' lang='lat' dir='ltr'><strong>Tanto</strong></span> <span class='ocrx_word' id='word_1_269' title='bbox 849 1672 971 1723; x_wconf 83' lang='lat' dir='ltr'><strong>igitur</strong></span> <span class='ocrx_word' id='word_1_270' title='bbox 1000 1671 1126 1722; x_wconf 86' lang='lat' dir='ltr'><strong>major</strong></span> <span class='ocrx_word' id='word_1_271' title='bbox 1158 1672 1382 1723; x_wconf 83' lang='lat' dir='ltr'><strong>apparebit.</strong></span> <span class='ocrx_word' id='word_1_272' title='bbox 1438 1673 1525 1713; x_wconf 83' lang='lat' dir='ltr'><strong>Nec</strong></span> <span class='ocrx_word' id='word_1_273' title='bbox 1557 1675 1724 1726; x_wconf 88' lang='lat' dir='ltr'><strong>aequale</strong></span> <span class='ocrx_word' id='word_1_274' title='bbox 1756 1683 1861 1715; x_wconf 88' lang='lat' dir='ltr'><strong>tem-</strong></span> 
     </span>
     <span class='ocr_line' id='line_1_29' title="bbox 61 1729 1859 1784; baseline 0.002 -13"><span class='ocrx_word' id='word_1_275' title='bbox 61 1733 136 1784; x_wconf 63' lang='lat' dir='ltr'><strong>pus</strong></span> <span class='ocrx_word' id='word_1_276' title='bbox 179 1731 255 1771; x_wconf 88' lang='lat' dir='ltr'><strong>erit</strong></span> <span class='ocrx_word' id='word_1_277' title='bbox 299 1743 325 1770; x_wconf 90' lang='lat' dir='ltr'><strong>a</strong></span> <span class='ocrx_word' id='word_1_278' title='bbox 362 1730 538 1772; x_wconf 86' lang='lat' dir='ltr'><strong>solstitio</strong></span> <span class='ocrx_word' id='word_1_279' title='bbox 569 1731 608 1770; x_wconf 92' lang='lat' dir='ltr'><strong>in</strong></span> <span class='ocrx_word' id='word_1_280' title='bbox 641 1731 876 1780; x_wconf 80' lang='lat' dir='ltr'><strong>soistitium,</strong></span> <span class='ocrx_word' id='word_1_281' title='bbox 922 1731 994 1770; x_wconf 90' lang='lat' dir='ltr'><strong>sed</strong></span> <span class='ocrx_word' id='word_1_282' title='bbox 1036 1729 1174 1770; x_wconf 88' lang='lat' dir='ltr'><strong>multis</strong></span> <span class='ocrx_word' id='word_1_283' title='bbox 1218 1731 1357 1771; x_wconf 89' lang='lat' dir='ltr'><strong>diebus</strong></span> <span class='ocrx_word' id='word_1_284' title='bbox 1401 1733 1557 1773; x_wconf 89' lang='lat' dir='ltr'><strong>auctius</strong></span> <span class='ocrx_word' id='word_1_285' title='bbox 1602 1734 1641 1773; x_wconf 91' lang='lat' dir='ltr'><strong>in</strong></span> <span class='ocrx_word' id='word_1_286' title='bbox 1686 1740 1859 1775; x_wconf 85' lang='lat' dir='ltr'><strong>aestate.</strong></span> 
     </span>
     <span class='ocr_line' id='line_1_30' title="bbox 61 1788 1860 1842; baseline 0.002 -12"><span class='ocrx_word' id='word_1_287' title='bbox 61 1788 134 1831; x_wconf 88' lang='lat' dir='ltr'><strong>Sol</strong></span> <span class='ocrx_word' id='word_1_288' title='bbox 161 1801 324 1842; x_wconf 81' lang='lat' dir='ltr'><strong>parvus.</strong></span> <span class='ocrx_word' id='word_1_289' title='bbox 386 1789 459 1830; x_wconf 90' lang='lat' dir='ltr'><strong>Sin</strong></span> <span class='ocrx_word' id='word_1_290' title='bbox 490 1796 626 1830; x_wconf 85' lang='lat' dir='ltr'><strong>autem</strong></span> <span class='ocrx_word' id='word_1_291' title='bbox 658 1790 829 1830; x_wconf 89' lang='lat' dir='ltr'><strong>circulus</strong></span> <span class='ocrx_word' id='word_1_292' title='bbox 860 1790 914 1829; x_wconf 88' lang='lat' dir='ltr'><strong>sit</strong></span> <span class='ocrx_word' id='word_1_293' title='bbox 943 1795 1079 1829; x_wconf 88' lang='lat' dir='ltr'><strong>rectus</strong></span> <span class='ocrx_word' id='word_1_294' title='bbox 1110 1789 1162 1828; x_wconf 92' lang='lat' dir='ltr'><strong>ad</strong></span> <span class='ocrx_word' id='word_1_295' title='bbox 1197 1790 1439 1830; x_wconf 84' lang='lat' dir='ltr'><strong>meridianos</strong></span> <span class='ocrx_word' id='word_1_296' title='bbox 1471 1792 1643 1832; x_wconf 90' lang='lat' dir='ltr'><strong>omnium</strong></span> <span class='ocrx_word' id='word_1_297' title='bbox 1669 1793 1860 1838; x_wconf 89' lang='lat' dir='ltr'><strong>locorum,</strong></span> 
     </span>
     <span class='ocr_line' id='line_1_31' title="bbox 61 1847 1859 1903; baseline 0.002 -15"><span class='ocrx_word' id='word_1_298' title='bbox 61 1854 219 1903; x_wconf 80' lang='lat' dir='ltr'><strong>tempus</strong></span> <span class='ocrx_word' id='word_1_299' title='bbox 250 1848 302 1888; x_wconf 84' lang='lat' dir='ltr'><strong>ab</strong></span> <span class='ocrx_word' id='word_1_300' title='bbox 332 1849 583 1901; x_wconf 88' lang='lat' dir='ltr'><strong>aequinoctio</strong></span> <span class='ocrx_word' id='word_1_301' title='bbox 614 1849 654 1889; x_wconf 91' lang='lat' dir='ltr'><strong>in</strong></span> <span class='ocrx_word' id='word_1_302' title='bbox 686 1848 979 1901; x_wconf 84' lang='lat' dir='ltr'><strong>aequinoctium</strong></span> <span class='ocrx_word' id='word_1_303' title='bbox 1008 1847 1264 1899; x_wconf 87' lang='lat' dir='ltr'><strong>plurimorum</strong></span> <span class='ocrx_word' id='word_1_304' title='bbox 1301 1849 1453 1890; x_wconf 88' lang='lat' dir='ltr'><strong>dierum</strong></span> <span class='ocrx_word' id='word_1_305' title='bbox 1485 1850 1697 1891; x_wconf 88' lang='lat' dir='ltr'><strong>intervallo</strong></span> <span class='ocrx_word' id='word_1_306' title='bbox 1730 1852 1859 1892; x_wconf 91' lang='lat' dir='ltr'><strong>minus</strong></span> 
     </span>
     <span class='ocr_line' id='line_1_32' title="bbox 60 1907 1862 1963; baseline 0.002 -16"><span class='ocrx_word' id='word_1_307' title='bbox 60 1907 139 1948; x_wconf 84' lang='lat' dir='ltr'><strong>erit</strong></span> <span class='ocrx_word' id='word_1_308' title='bbox 168 1907 320 1957; x_wconf 79' lang='lat' dir='ltr'><strong>altero,</strong></span> <span class='ocrx_word' id='word_1_309' title='bbox 362 1920 428 1958; x_wconf 83' lang='lat' dir='ltr'><strong>ec,</strong></span> <span class='ocrx_word' id='word_1_310' title='bbox 462 1909 566 1961; x_wconf 91' lang='lat' dir='ltr'><strong>quod</strong></span> <span class='ocrx_word' id='word_1_311' title='bbox 598 1907 669 1948; x_wconf 88' lang='lat' dir='ltr'><strong>Sol</strong></span> <span class='ocrx_word' id='word_1_312' title='bbox 699 1908 764 1948; x_wconf 88' lang='lat' dir='ltr'><strong>hic</strong></span> <span class='ocrx_word' id='word_1_313' title='bbox 796 1908 933 1950; x_wconf 82' lang='lat' dir='ltr'><strong>obviet</strong></span> <span class='ocrx_word' id='word_1_314' title='bbox 961 1908 1088 1959; x_wconf 90' lang='lat' dir='ltr'><strong>primo</strong></span> <span class='ocrx_word' id='word_1_315' title='bbox 1119 1907 1263 1956; x_wconf 91' lang='lat' dir='ltr'><strong>motui,</strong></span> <span class='ocrx_word' id='word_1_316' title='bbox 1302 1907 1383 1948; x_wconf 90' lang='lat' dir='ltr'><strong>illic</strong></span> <span class='ocrx_word' id='word_1_317' title='bbox 1416 1921 1504 1948; x_wconf 91' lang='lat' dir='ltr'><strong>eum</strong></span> <span class='ocrx_word' id='word_1_318' title='bbox 1536 1915 1740 1963; x_wconf 85' lang='lat' dir='ltr'><strong>sequatur.</strong></span> <span class='ocrx_word' id='word_1_319' title='bbox 1801 1912 1862 1951; x_wconf 89' lang='lat' dir='ltr'><strong>At</strong></span> 
     </span>
     <span class='ocr_line' id='line_1_33' title="bbox 0 1965 1861 2020; baseline 0.002 -14"><span class='ocrx_word' id='word_1_320' title='bbox 0 2006 1 2014; x_wconf 17' lang='grc' dir='ltr'>ἶ</span> <span class='ocrx_word' id='word_1_321' title='bbox 61 1965 139 2019; x_wconf 78' lang='lat' dir='ltr'><strong>ipsi</strong></span> <span class='ocrx_word' id='word_1_322' title='bbox 169 1970 330 2007; x_wconf 83' lang='lat' dir='ltr'><strong>autores</strong></span> <span class='ocrx_word' id='word_1_323' title='bbox 360 1979 437 2008; x_wconf 90' lang='lat' dir='ltr'><strong>non</strong></span> <span class='ocrx_word' id='word_1_324' title='bbox 471 1968 603 2008; x_wconf 88' lang='lat' dir='ltr'><strong>ferunt</strong></span> <span class='ocrx_word' id='word_1_325' title='bbox 633 1967 961 2007; x_wconf 86' lang='lat' dir='ltr'><strong>contrarietatem</strong></span> <span class='ocrx_word' id='word_1_326' title='bbox 981 1972 1171 2007; x_wconf 85' lang='lat' dir='ltr'><strong>motuum.</strong></span> <span class='ocrx_word' id='word_1_327' title='bbox 1228 1966 1422 2020; x_wconf 89' lang='lat' dir='ltr'><strong>Denique,</strong></span> <span class='ocrx_word' id='word_1_328' title='bbox 1454 1968 1490 2008; x_wconf 89' lang='lat' dir='ltr'><strong>si</strong></span> <span class='ocrx_word' id='word_1_329' title='bbox 1515 1969 1779 2010; x_wconf 89' lang='lat' dir='ltr'><strong>Taurellus</strong></span> <span class='ocrx_word' id='word_1_330' title='bbox 1802 1983 1861 2010; x_wconf 55' lang='lat' dir='ltr'><strong>‘ex</strong></span> 
     </span>
     <span class='ocr_line' id='line_1_34' title="bbox 60 2025 1859 2078; baseline 0.002 -12"><span class='ocrx_word' id='word_1_331' title='bbox 60 2025 280 2066; x_wconf 80' lang='lat' dir='ltr'><strong>Patricio</strong></span> <span class='ocrx_word' id='word_1_332' title='bbox 312 2025 505 2078; x_wconf 84' lang='lat' dir='ltr'><strong>loquitur,</strong></span> <span class='ocrx_word' id='word_1_333' title='bbox 557 2027 656 2066; x_wconf 87' lang='lat' dir='ltr'><strong>haec</strong></span> <span class='ocrx_word' id='word_1_334' title='bbox 689 2031 752 2066; x_wconf 88' lang='lat' dir='ltr'><strong>est</strong></span> <span class='ocrx_word' id='word_1_335' title='bbox 783 2025 948 2066; x_wconf 87' lang='lat' dir='ltr'><strong>Patricii</strong></span> <span class='ocrx_word' id='word_1_336' title='bbox 979 2026 1205 2074; x_wconf 89' lang='lat' dir='ltr'><strong>sententia:</strong></span> <span class='ocrx_word' id='word_1_337' title='bbox 1257 2031 1369 2066; x_wconf 89' lang='lat' dir='ltr'><strong>astra</strong></span> <span class='ocrx_word' id='word_1_338' title='bbox 1401 2039 1478 2066; x_wconf 91' lang='lat' dir='ltr'><strong>non</strong></span> <span class='ocrx_word' id='word_1_339' title='bbox 1510 2028 1667 2068; x_wconf 86' lang='lat' dir='ltr'><strong>intenta</strong></span> <span class='ocrx_word' id='word_1_340' title='bbox 1698 2041 1788 2069; x_wconf 90' lang='lat' dir='ltr'><strong>esse</strong></span> <span class='ocrx_word' id='word_1_341' title='bbox 1820 2030 1859 2069; x_wconf 90' lang='lat' dir='ltr'><strong>in</strong></span> 
     </span>
     <span class='ocr_line' id='line_1_35' title="bbox 62 2083 1860 2139; baseline 0.002 -14"><span class='ocrx_word' id='word_1_342' title='bbox 62 2083 244 2139; x_wconf 77' lang='lat' dir='ltr'><strong>circulos,</strong></span> <span class='ocrx_word' id='word_1_343' title='bbox 275 2084 348 2124; x_wconf 87' lang='lat' dir='ltr'><strong>sed</strong></span> <span class='ocrx_word' id='word_1_344' title='bbox 378 2084 419 2126; x_wconf 93' lang='lat' dir='ltr'><strong>in</strong></span> <span class='ocrx_word' id='word_1_345' title='bbox 450 2085 581 2136; x_wconf 90' lang='lat' dir='ltr'><strong>ipsum</strong></span> <span class='ocrx_word' id='word_1_346' title='bbox 611 2086 739 2125; x_wconf 88' lang='lat' dir='ltr'><strong>totale</strong></span> <span class='ocrx_word' id='word_1_347' title='bbox 771 2085 1022 2137; x_wconf 89' lang='lat' dir='ltr'><strong>apotelesma</strong></span> <span class='ocrx_word' id='word_1_348' title='bbox 1051 2090 1227 2124; x_wconf 88' lang='lat' dir='ltr'><strong>motuum</strong></span> <span class='ocrx_word' id='word_1_349' title='bbox 1258 2085 1451 2134; x_wconf 90' lang='lat' dir='ltr'><strong>omnium,</strong></span> <span class='ocrx_word' id='word_1_350' title='bbox 1491 2086 1609 2139; x_wconf 90' lang='lat' dir='ltr'><strong>inque</strong></span> <span class='ocrx_word' id='word_1_351' title='bbox 1641 2087 1716 2127; x_wconf 87' lang='lat' dir='ltr'><strong>has</strong></span> <span class='ocrx_word' id='word_1_352' title='bbox 1747 2089 1860 2139; x_wconf 90' lang='lat' dir='ltr'><strong>ipsas</strong></span> 
     </span>
     <span class='ocr_line' id='line_1_36' title="bbox 62 2141 1767 2198; baseline 0.002 -16"><span class='ocrx_word' id='word_1_353' title='bbox 62 2141 233 2195; x_wconf 71' lang='lat' dir='ltr'><strong>spitales</strong></span> <span class='ocrx_word' id='word_1_354' title='bbox 262 2142 401 2192; x_wconf 86' lang='lat' dir='ltr'><strong>lineas,</strong></span> <span class='ocrx_word' id='word_1_355' title='bbox 434 2144 573 2195; x_wconf 88' lang='lat' dir='ltr'><strong>quales</strong></span> <span class='ocrx_word' id='word_1_356' title='bbox 604 2144 718 2183; x_wconf 91' lang='lat' dir='ltr'><strong>nobis</strong></span> <span class='ocrx_word' id='word_1_357' title='bbox 750 2150 958 2196; x_wconf 83' lang='lat' dir='ltr'><strong>apparent,</strong></span> <span class='ocrx_word' id='word_1_358' title='bbox 991 2155 1089 2195; x_wconf 85' lang='lat' dir='ltr'><strong>quas</strong></span> <span class='ocrx_word' id='word_1_359' title='bbox 1122 2142 1254 2183; x_wconf 90' lang='lat' dir='ltr'><strong>animo</strong></span> <span class='ocrx_word' id='word_1_360' title='bbox 1285 2144 1494 2184; x_wconf 87' lang='lat' dir='ltr'><strong>universas</strong></span> <span class='ocrx_word' id='word_1_361' title='bbox 1526 2146 1767 2198; x_wconf 86' lang='lat' dir='ltr'><strong>concipiant.</strong></span> 
     </span>
    </p>

    <p class='ocr_par' dir='ltr' id='par_1_5' title="bbox 31 2200 1865 2896">
     <span class='ocr_line' id='line_1_37' title="bbox 181 2200 1861 2255; baseline 0.003 -15"><span class='ocrx_word' id='word_1_362' title='bbox 181 2201 281 2241; x_wconf 84' lang='lat' dir='ltr'><strong>Tale</strong></span> <span class='ocrx_word' id='word_1_363' title='bbox 307 2202 400 2252; x_wconf 89' lang='lat' dir='ltr'><strong>quid</strong></span> <span class='ocrx_word' id='word_1_364' title='bbox 425 2208 467 2240; x_wconf 89' lang='lat' dir='ltr'><strong>et</strong></span> <span class='ocrx_word' id='word_1_365' title='bbox 486 2202 632 2242; x_wconf 86' lang='lat' dir='ltr'><strong>Scotns</strong></span> <span class='ocrx_word' id='word_1_366' title='bbox 652 2202 719 2241; x_wconf 90' lang='lat' dir='ltr'><strong>ille</strong></span> <span class='ocrx_word' id='word_1_367' title='bbox 738 2209 880 2242; x_wconf 88' lang='lat' dir='ltr'><strong>contra</strong></span> <span class='ocrx_word' id='word_1_368' title='bbox 898 2202 1126 2254; x_wconf 84' lang='lat' dir='ltr'><strong>Tychonem</strong></span> <span class='ocrx_word' id='word_1_369' title='bbox 1158 2200 1385 2253; x_wconf 82' lang='lat' dir='ltr'><strong>(Craigius3</strong></span> <span class='ocrx_word' id='word_1_370' title='bbox 1416 2215 1454 2243; x_wconf 83' lang='lat' dir='ltr'><strong>v.</strong></span> <span class='ocrx_word' id='word_1_371' title='bbox 1474 2217 1512 2255; x_wconf 89' lang='lat' dir='ltr'><strong>p.</strong></span> <span class='ocrx_word' id='word_1_372' title='bbox 1533 2202 1640 2251; x_wconf 77' lang='grc'>279)</span> <span class='ocrx_word' id='word_1_373' title='bbox 1673 2205 1721 2244; x_wconf 88' lang='lat' dir='ltr'><strong>de</strong></span> <span class='ocrx_word' id='word_1_374' title='bbox 1753 2212 1861 2245; x_wconf 88' lang='lat' dir='ltr'><strong>motu</strong></span> 
     </span>
     <span class='ocr_line' id='line_1_38' title="bbox 63 2260 1860 2311; baseline 0.002 -11"><span class='ocrx_word' id='word_1_375' title='bbox 63 2264 308 2300; x_wconf 83' lang='lat' dir='ltr'><strong>cometarum</strong></span> <span class='ocrx_word' id='word_1_376' title='bbox 338 2260 521 2300; x_wconf 81' lang='lat' dir='ltr'><strong>effutivit.</strong></span> <span class='ocrx_word' id='word_1_377' title='bbox 583 2261 693 2300; x_wconf 87' lang='lat' dir='ltr'><strong>Haec</strong></span> <span class='ocrx_word' id='word_1_378' title='bbox 725 2260 927 2300; x_wconf 87' lang='lat' dir='ltr'><strong>sententia</strong></span> <span class='ocrx_word' id='word_1_379' title='bbox 955 2266 1101 2311; x_wconf 86' lang='lat' dir='ltr'><strong>peccat</strong></span> <span class='ocrx_word' id='word_1_380' title='bbox 1130 2260 1252 2300; x_wconf 89' lang='lat' dir='ltr'><strong>varie.</strong></span> <span class='ocrx_word' id='word_1_381' title='bbox 1303 2261 1437 2301; x_wconf 88' lang='lat' dir='ltr'><strong>Primo</strong></span> <span class='ocrx_word' id='word_1_382' title='bbox 1468 2263 1569 2302; x_wconf 88' lang='lat' dir='ltr'><strong>facit</strong></span> <span class='ocrx_word' id='word_1_383' title='bbox 1599 2269 1712 2303; x_wconf 86' lang='lat' dir='ltr'><strong>astra</strong></span> <span class='ocrx_word' id='word_1_384' title='bbox 1735 2264 1860 2308; x_wconf 89' lang='lat' dir='ltr'><strong>Deos,</strong></span> 
     </span>
     <span class='ocr_line' id='line_1_39' title="bbox 63 2318 1862 2372; baseline 0.002 -13"><span class='ocrx_word' id='word_1_385' title='bbox 63 2318 166 2372; x_wconf 79' lang='lat' dir='ltr'><strong>quae</strong></span> <span class='ocrx_word' id='word_1_386' title='bbox 194 2319 322 2359; x_wconf 82' lang='lat' dir='ltr'><strong>flexus</strong></span> <span class='ocrx_word' id='word_1_387' title='bbox 365 2319 552 2358; x_wconf 81' lang='lat' dir='ltr'><strong>fortuitos</strong></span> <span class='ocrx_word' id='word_1_388' title='bbox 589 2318 821 2359; x_wconf 89' lang='lat' dir='ltr'><strong>immediate</strong></span> <span class='ocrx_word' id='word_1_389' title='bbox 859 2319 1017 2370; x_wconf 87' lang='lat' dir='ltr'><strong>possint</strong></span> <span class='ocrx_word' id='word_1_390' title='bbox 1053 2319 1246 2357; x_wconf 86' lang='lat' dir='ltr'><strong>memoria</strong></span> <span class='ocrx_word' id='word_1_391' title='bbox 1277 2319 1449 2359; x_wconf 88' lang='lat' dir='ltr'><strong>retinere</strong></span> <span class='ocrx_word' id='word_1_392' title='bbox 1481 2321 1571 2360; x_wconf 91' lang='lat' dir='ltr'><strong>inde</strong></span> <span class='ocrx_word' id='word_1_393' title='bbox 1602 2335 1627 2361; x_wconf 85' lang='lat' dir='ltr'><strong>a</strong></span> <span class='ocrx_word' id='word_1_394' title='bbox 1658 2322 1862 2362; x_wconf 89' lang='lat' dir='ltr'><strong>creatione</strong></span> 
     </span>
     <span class='ocr_line' id='line_1_40' title="bbox 65 2376 1863 2430; baseline 0.002 -13"><span class='ocrx_word' id='word_1_395' title='bbox 65 2383 108 2418; x_wconf 87' lang='lat' dir='ltr'><strong>et</strong></span> <span class='ocrx_word' id='word_1_396' title='bbox 139 2377 317 2430; x_wconf 79' lang='lat' dir='ltr'><strong>exsequi.</strong></span> <span class='ocrx_word' id='word_1_397' title='bbox 378 2378 462 2417; x_wconf 92' lang='lat' dir='ltr'><strong>Imo</strong></span> <span class='ocrx_word' id='word_1_398' title='bbox 494 2377 670 2417; x_wconf 86' lang='lat' dir='ltr'><strong>absurda</strong></span> <span class='ocrx_word' id='word_1_399' title='bbox 700 2378 748 2416; x_wconf 87' lang='lat' dir='ltr'><strong>de</strong></span> <span class='ocrx_word' id='word_1_400' title='bbox 780 2383 925 2416; x_wconf 86' lang='lat' dir='ltr'><strong>natura</strong></span> <span class='ocrx_word' id='word_1_401' title='bbox 962 2376 1107 2416; x_wconf 88' lang='lat' dir='ltr'><strong>mentis</strong></span> <span class='ocrx_word' id='word_1_402' title='bbox 1145 2378 1344 2428; x_wconf 82' lang='lat' dir='ltr'><strong>cogitant,</strong></span> <span class='ocrx_word' id='word_1_403' title='bbox 1382 2379 1495 2429; x_wconf 87' lang='lat' dir='ltr'><strong>quasi</strong></span> <span class='ocrx_word' id='word_1_404' title='bbox 1533 2380 1679 2419; x_wconf 89' lang='lat' dir='ltr'><strong>mentis</strong></span> <span class='ocrx_word' id='word_1_405' title='bbox 1716 2381 1863 2420; x_wconf 90' lang='lat' dir='ltr'><strong>nullum</strong></span> 
     </span>
     <span class='ocr_line' id='line_1_41' title="bbox 65 2435 1863 2489; baseline 0.002 -13"><span class='ocrx_word' id='word_1_406' title='bbox 65 2437 121 2476; x_wconf 82' lang='lat' dir='ltr'><strong>sit</strong></span> <span class='ocrx_word' id='word_1_407' title='bbox 149 2448 249 2489; x_wconf 85' lang='lat' dir='ltr'><strong>opus</strong></span> <span class='ocrx_word' id='word_1_408' title='bbox 280 2436 366 2476; x_wconf 83' lang='lat' dir='ltr'><strong>sine</strong></span> <span class='ocrx_word' id='word_1_409' title='bbox 399 2436 556 2483; x_wconf 91' lang='lat' dir='ltr'><strong>ordine,</strong></span> <span class='ocrx_word' id='word_1_410' title='bbox 609 2448 699 2475; x_wconf 86' lang='lat' dir='ltr'><strong>cum</strong></span> <span class='ocrx_word' id='word_1_411' title='bbox 728 2436 839 2475; x_wconf 88' lang='lat' dir='ltr'><strong>Deus</strong></span> <span class='ocrx_word' id='word_1_412' title='bbox 869 2435 956 2486; x_wconf 90' lang='lat' dir='ltr'><strong>ipse</strong></span> <span class='ocrx_word' id='word_1_413' title='bbox 988 2442 1178 2486; x_wconf 87' lang='lat' dir='ltr'><strong>sequatur</strong></span> <span class='ocrx_word' id='word_1_414' title='bbox 1209 2435 1398 2475; x_wconf 88' lang='lat' dir='ltr'><strong>ordinem.</strong></span> <span class='ocrx_word' id='word_1_415' title='bbox 1462 2438 1648 2489; x_wconf 83' lang='lat' dir='ltr'><strong>Amplius</strong></span> <span class='ocrx_word' id='word_1_416' title='bbox 1680 2444 1863 2479; x_wconf 83' lang='lat' dir='ltr'><strong>naturam</strong></span> 
     </span>
     <span class='ocr_line' id='line_1_42' title="bbox 63 2494 1862 2548; baseline 0.001 -12"><span class='ocrx_word' id='word_1_417' title='bbox 63 2494 259 2537; x_wconf 76' lang='lat' dir='ltr'><strong>infinitate</strong></span> <span class='ocrx_word' id='word_1_418' title='bbox 290 2495 530 2543; x_wconf 83' lang='lat' dir='ltr'><strong>deformant,</strong></span> <span class='ocrx_word' id='word_1_419' title='bbox 565 2495 656 2533; x_wconf 91' lang='lat' dir='ltr'><strong>dum</strong></span> <span class='ocrx_word' id='word_1_420' title='bbox 688 2506 836 2545; x_wconf 88' lang='lat' dir='ltr'><strong>paucos</strong></span> <span class='ocrx_word' id='word_1_421' title='bbox 862 2494 1045 2533; x_wconf 89' lang='lat' dir='ltr'><strong>circellos</strong></span> <span class='ocrx_word' id='word_1_422' title='bbox 1072 2494 1294 2540; x_wconf 83' lang='lat' dir='ltr'><strong>fastidiunt,</strong></span> <span class='ocrx_word' id='word_1_423' title='bbox 1329 2500 1370 2533; x_wconf 90' lang='lat' dir='ltr'><strong>et</strong></span> <span class='ocrx_word' id='word_1_424' title='bbox 1402 2494 1579 2535; x_wconf 83' lang='lat' dir='ltr'><strong>infinitas</strong></span> <span class='ocrx_word' id='word_1_425' title='bbox 1605 2497 1750 2548; x_wconf 86' lang='lat' dir='ltr'><strong>spiras,</strong></span> <span class='ocrx_word' id='word_1_426' title='bbox 1785 2498 1862 2538; x_wconf 84' lang='lat' dir='ltr'><strong>sibi</strong></span> 
     </span>
     <span class='ocr_line' id='line_1_43' title="bbox 65 2552 1861 2606; baseline 0.001 -12"><span class='ocrx_word' id='word_1_427' title='bbox 65 2553 175 2595; x_wconf 83' lang='lat' dir='ltr'><strong>nulla</strong></span> <span class='ocrx_word' id='word_1_428' title='bbox 203 2558 319 2606; x_wconf 89' lang='lat' dir='ltr'><strong>parte</strong></span> <span class='ocrx_word' id='word_1_429' title='bbox 349 2553 389 2593; x_wconf 92' lang='lat' dir='ltr'><strong>in</strong></span> <span class='ocrx_word' id='word_1_430' title='bbox 423 2559 626 2593; x_wconf 89' lang='lat' dir='ltr'><strong>aeternum</strong></span> <span class='ocrx_word' id='word_1_431' title='bbox 659 2552 824 2598; x_wconf 84' lang='lat' dir='ltr'><strong>similes,</strong></span> <span class='ocrx_word' id='word_1_432' title='bbox 855 2565 926 2591; x_wconf 91' lang='lat' dir='ltr'><strong>seu</strong></span> <span class='ocrx_word' id='word_1_433' title='bbox 957 2564 1007 2591; x_wconf 83' lang='lat' dir='ltr'><strong>ex</strong></span> <span class='ocrx_word' id='word_1_434' title='bbox 1038 2557 1124 2591; x_wconf 85' lang='lat' dir='ltr'><strong>toto</strong></span> <span class='ocrx_word' id='word_1_435' title='bbox 1156 2565 1228 2592; x_wconf 89' lang='lat' dir='ltr'><strong>seu</strong></span> <span class='ocrx_word' id='word_1_436' title='bbox 1259 2565 1309 2591; x_wconf 80' lang='lat' dir='ltr'><strong>ex</strong></span> <span class='ocrx_word' id='word_1_437' title='bbox 1339 2559 1470 2603; x_wconf 87' lang='lat' dir='ltr'><strong>parte,</strong></span> <span class='ocrx_word' id='word_1_438' title='bbox 1502 2554 1542 2593; x_wconf 88' lang='lat' dir='ltr'><strong>in</strong></span> <span class='ocrx_word' id='word_1_439' title='bbox 1571 2555 1698 2595; x_wconf 90' lang='lat' dir='ltr'><strong>locum</strong></span> <span class='ocrx_word' id='word_1_440' title='bbox 1730 2556 1861 2596; x_wconf 86' lang='lat' dir='ltr'><strong>circu-</strong></span> 
     </span>
     <span class='ocr_line' id='line_1_44' title="bbox 66 2611 1862 2664; baseline 0.001 -11"><span class='ocrx_word' id='word_1_441' title='bbox 66 2611 191 2661; x_wconf 78' lang='lat' dir='ltr'><strong>lorum</strong></span> <span class='ocrx_word' id='word_1_442' title='bbox 220 2612 431 2664; x_wconf 88' lang='lat' dir='ltr'><strong>recipiunt.</strong></span> <span class='ocrx_word' id='word_1_443' title='bbox 493 2612 783 2652; x_wconf 83' lang='lat' dir='ltr'><strong>Certitudinem</strong></span> <span class='ocrx_word' id='word_1_444' title='bbox 816 2611 1022 2650; x_wconf 87' lang='lat' dir='ltr'><strong>doctrinae</strong></span> <span class='ocrx_word' id='word_1_445' title='bbox 1053 2611 1220 2659; x_wconf 87' lang='lat' dir='ltr'><strong>tollunt;</strong></span> <span class='ocrx_word' id='word_1_446' title='bbox 1253 2623 1420 2662; x_wconf 90' lang='lat' dir='ltr'><strong>cumque</strong></span> <span class='ocrx_word' id='word_1_447' title='bbox 1439 2614 1657 2653; x_wconf 90' lang='lat' dir='ltr'><strong>astronomi</strong></span> <span class='ocrx_word' id='word_1_448' title='bbox 1685 2615 1862 2654; x_wconf 89' lang='lat' dir='ltr'><strong>ordinem</strong></span> 
     </span>
     <span class='ocr_line' id='line_1_45' title="bbox 66 2668 1865 2725; baseline 0.002 -15"><span class='ocrx_word' id='word_1_449' title='bbox 66 2669 274 2711; x_wconf 85' lang='lat' dir='ltr'><strong>inveniant</strong></span> <span class='ocrx_word' id='word_1_450' title='bbox 304 2684 353 2711; x_wconf 82' lang='lat' dir='ltr'><strong>ex</strong></span> <span class='ocrx_word' id='word_1_451' title='bbox 384 2671 502 2723; x_wconf 88' lang='lat' dir='ltr'><strong>spiris</strong></span> <span class='ocrx_word' id='word_1_452' title='bbox 534 2671 627 2718; x_wconf 83' lang='lat' dir='ltr'><strong>iuis,</strong></span> <span class='ocrx_word' id='word_1_453' title='bbox 659 2676 803 2722; x_wconf 86' lang='lat' dir='ltr'><strong>putant</strong></span> <span class='ocrx_word' id='word_1_454' title='bbox 833 2669 903 2716; x_wconf 93' lang='lat' dir='ltr'><strong>illi,</strong></span> <span class='ocrx_word' id='word_1_455' title='bbox 937 2669 1011 2709; x_wconf 90' lang='lat' dir='ltr'><strong>hoc</strong></span> <span class='ocrx_word' id='word_1_456' title='bbox 1042 2668 1127 2708; x_wconf 85' lang='lat' dir='ltr'><strong>fieri</strong></span> <span class='ocrx_word' id='word_1_457' title='bbox 1156 2682 1229 2721; x_wconf 91' lang='lat' dir='ltr'><strong>per</strong></span> <span class='ocrx_word' id='word_1_458' title='bbox 1257 2670 1456 2718; x_wconf 85' lang='lat' dir='ltr'><strong>accidens,</strong></span> <span class='ocrx_word' id='word_1_459' title='bbox 1490 2677 1535 2710; x_wconf 91' lang='lat' dir='ltr'><strong>ut</strong></span> <span class='ocrx_word' id='word_1_460' title='bbox 1563 2673 1733 2712; x_wconf 90' lang='lat' dir='ltr'><strong>mundus</strong></span> <span class='ocrx_word' id='word_1_461' title='bbox 1762 2673 1865 2725; x_wconf 86' lang='lat' dir='ltr'><strong>Epi-</strong></span> 
     </span>
     <span class='ocr_line' id='line_1_46' title="bbox 31 2729 1865 2786; baseline 0.001 -17"><span class='ocrx_word' id='word_1_462' title='bbox 31 2784 33 2786; x_wconf 23' lang='lat'>·</span> <span class='ocrx_word' id='word_1_463' title='bbox 67 2729 150 2769; x_wconf 73' lang='lat' dir='ltr'><strong>ouri</strong></span> <span class='ocrx_word' id='word_1_464' title='bbox 178 2741 251 2782; x_wconf 89' lang='lat' dir='ltr'><strong>per</strong></span> <span class='ocrx_word' id='word_1_465' title='bbox 280 2730 467 2769; x_wconf 86' lang='lat' dir='ltr'><strong>accidens</strong></span> <span class='ocrx_word' id='word_1_466' title='bbox 499 2742 549 2768; x_wconf 83' lang='lat' dir='ltr'><strong>ex</strong></span> <span class='ocrx_word' id='word_1_467' title='bbox 572 2729 784 2768; x_wconf 85' lang='lat' dir='ltr'><strong>temerario</strong></span> <span class='ocrx_word' id='word_1_468' title='bbox 817 2734 1038 2767; x_wconf 88' lang='lat' dir='ltr'><strong>atomorum</strong></span> <span class='ocrx_word' id='word_1_469' title='bbox 1070 2739 1265 2767; x_wconf 88' lang='lat' dir='ltr'><strong>concursu</strong></span> <span class='ocrx_word' id='word_1_470' title='bbox 1285 2733 1349 2767; x_wconf 90' lang='lat' dir='ltr'><strong>est</strong></span> <span class='ocrx_word' id='word_1_471' title='bbox 1374 2729 1631 2770; x_wconf 84' lang='lat' dir='ltr'><strong>constitutus.</strong></span> <span class='ocrx_word' id='word_1_472' title='bbox 1681 2731 1865 2784; x_wconf 90' lang='lat' dir='ltr'><strong>Denique</strong></span> 
     </span>
     <span class='ocr_line' id='line_1_47' title="bbox 67 2786 1865 2840; baseline 0.002 -13"><span class='ocrx_word' id='word_1_473' title='bbox 67 2787 206 2835; x_wconf 79' lang='lat' dir='ltr'><strong>hostes</strong></span> <span class='ocrx_word' id='word_1_474' title='bbox 237 2794 333 2828; x_wconf 88' lang='lat' dir='ltr'><strong>sunt</strong></span> <span class='ocrx_word' id='word_1_475' title='bbox 362 2788 656 2840; x_wconf 87' lang='lat' dir='ltr'><strong>philosophiae,</strong></span> <span class='ocrx_word' id='word_1_476' title='bbox 698 2786 855 2839; x_wconf 87' lang='lat' dir='ltr'><strong>patroni</strong></span> <span class='ocrx_word' id='word_1_477' title='bbox 887 2786 1154 2838; x_wconf 82' lang='lat' dir='ltr'><strong>ignorantiae.</strong></span> <span class='ocrx_word' id='word_1_478' title='bbox 1217 2787 1375 2826; x_wconf 75' lang='lat' dir='ltr'><strong>Natura</strong></span> <span class='ocrx_word' id='word_1_479' title='bbox 1412 2787 1710 2840; x_wconf 87' lang='lat' dir='ltr'><strong>simplicitatem</strong></span> <span class='ocrx_word' id='word_1_480' title='bbox 1742 2797 1865 2840; x_wconf 87' lang='lat' dir='ltr'><strong>amat,</strong></span> 
     </span>
     <span class='ocr_line' id='line_1_48' title="bbox 67 2845 1353 2896; baseline -0.002 -11"><span class='ocrx_word' id='word_1_481' title='bbox 67 2845 127 2887; x_wconf 88' lang='lat' dir='ltr'><strong>illi</strong></span> <span class='ocrx_word' id='word_1_482' title='bbox 157 2846 278 2886; x_wconf 87' lang='lat' dir='ltr'><strong>etiam</strong></span> <span class='ocrx_word' id='word_1_483' title='bbox 307 2847 511 2886; x_wconf 88' lang='lat' dir='ltr'><strong>inventam</strong></span> <span class='ocrx_word' id='word_1_484' title='bbox 544 2845 857 2886; x_wconf 85' lang='lat' dir='ltr'><strong>laboriosissime</strong></span> <span class='ocrx_word' id='word_1_485' title='bbox 890 2850 1023 2884; x_wconf 87' lang='lat' dir='ltr'><strong>tamen</strong></span> <span class='ocrx_word' id='word_1_486' title='bbox 1055 2851 1262 2896; x_wconf 88' lang='lat' dir='ltr'><strong>respuunt.</strong></span> <span class='ocrx_word' id='word_1_487' title='bbox 1298 2866 1353 2871; x_wconf 90' lang='lat'>—</span> 
     </span>
    </p>
   </div>
   <div class='ocr_carea' id='block_1_3' title="bbox 1547 939 1656 974">
    <p class='ocr_par' dir='ltr' id='par_1_6' title="bbox 1547 939 1656 974">
     <span class='ocr_line' id='line_1_49' title="bbox 1547 939 1656 974; baseline 0 -7"><span class='ocrx_word' id='word_1_488' title='bbox 1547 941 1608 974; x_wconf 67' lang='lat' dir='ltr'><strong>rig.</strong></span> <span class='ocrx_word' id='word_1_489' title='bbox 1628 939 1656 967; x_wconf 72' lang='lat'><strong>³.</strong></span> 
     </span>
    </p>
   </div>
   <div class='ocr_carea' id='block_1_4' title="bbox 1390 1041 1831 1402">
    <p class='ocr_par' dir='ltr' id='par_1_7' title="bbox 1390 1041 1831 1402">
     <span class='ocr_line' id='line_1_50' title="bbox 1390 1041 1831 1402; baseline 0 1840"><span class='ocrx_word' id='word_1_490' title='bbox 1390 1041 1831 1402; x_wconf 95' lang='lat' dir='ltr'><strong> </strong></span> 
     </span>
    </p>
   </div>
   <div class='ocr_carea' id='block_1_5' title="bbox 71 2919 1868 3104">
    <p class='ocr_par' dir='ltr' id='par_1_8' title="bbox 71 2919 1868 3104">
     <span class='ocr_line' id='line_1_51' title="bbox 162 2919 1866 2974; baseline 0.002 -21"><span class='ocrx_word' id='word_1_491' title='bbox 162 2921 412 2954; x_wconf 78' lang='lat' dir='ltr'><strong>Fabricius:</strong></span> <span class='ocrx_word' id='word_1_492' title='bbox 456 2922 628 2955; x_wconf 72' lang='lat' dir='ltr'><strong>Car-danus</strong></span> <span class='ocrx_word' id='word_1_493' title='bbox 652 2922 779 2960; x_wconf 85' lang='lat' dir='ltr'><strong>scribit,</strong></span> <span class='ocrx_word' id='word_1_494' title='bbox 816 2919 1044 2974; x_wconf 63' lang='grc' dir='ltr'><strong>Μιςειιιιιιιιιι</strong></span> <span class='ocrx_word' id='word_1_495' title='bbox 1068 2919 1103 2950; x_wconf 85' lang='grc' dir='ltr'><strong>ιιι</strong></span> <span class='ocrx_word' id='word_1_496' title='bbox 1126 2920 1463 2962; x_wconf 77' lang='lat' dir='ltr'><strong>circumnavigatione</strong></span> <span class='ocrx_word' id='word_1_497' title='bbox 1487 2921 1572 2953; x_wconf 78' lang='lat' dir='ltr'><strong>orbis</strong></span> <span class='ocrx_word' id='word_1_498' title='bbox 1595 2931 1698 2955; x_wconf 79' lang='lat' dir='ltr'><strong>unum</strong></span> <span class='ocrx_word' id='word_1_499' title='bbox 1722 2923 1808 2956; x_wconf 80' lang='lat' dir='ltr'><strong>diem</strong></span> <span class='ocrx_word' id='word_1_500' title='bbox 1832 2925 1866 2956; x_wconf 87' lang='lat' dir='ltr'><strong>in</strong></span> 
     </span>
     <span class='ocr_line' id='line_1_52' title="bbox 71 2967 1866 3011; baseline 0.002 -12"><span class='ocrx_word' id='word_1_501' title='bbox 71 2975 159 3000; x_wconf 66' lang='lat' dir='ltr'><strong>anno</strong></span> <span class='ocrx_word' id='word_1_502' title='bbox 180 2969 289 3001; x_wconf 75' lang='lat' dir='ltr'><strong>minus</strong></span> <span class='ocrx_word' id='word_1_503' title='bbox 312 2969 479 3007; x_wconf 72' lang='lat' dir='ltr'><strong>habuisse,</strong></span> <span class='ocrx_word' id='word_1_504' title='bbox 503 2979 602 3011; x_wconf 84' lang='lat' dir='ltr'><strong>quam</strong></span> <span class='ocrx_word' id='word_1_505' title='bbox 627 2969 695 3004; x_wconf 83' lang='lat' dir='ltr'><strong>alii</strong></span> <span class='ocrx_word' id='word_1_506' title='bbox 719 2973 895 3010; x_wconf 83' lang='lat' dir='ltr'><strong>propterea</strong></span> <span class='ocrx_word' id='word_1_507' title='bbox 918 2967 996 3009; x_wconf 80' lang='lat' dir='ltr'><strong>quia</strong></span> <span class='ocrx_word' id='word_1_508' title='bbox 1027 2974 1182 2997; x_wconf 79' lang='lat' dir='ltr'><strong>occasum</strong></span> <span class='ocrx_word' id='word_1_509' title='bbox 1199 2976 1310 2999; x_wconf 78' lang='lat' dir='ltr'><strong>versus</strong></span> <span class='ocrx_word' id='word_1_510' title='bbox 1326 2968 1511 3009; x_wconf 60' lang='lat' dir='ltr'><strong>navigas-in</strong></span> <span class='ocrx_word' id='word_1_511' title='bbox 1538 2971 1747 3008; x_wconf 80' lang='lat' dir='ltr'><strong>eontrarium,</strong></span> <span class='ocrx_word' id='word_1_512' title='bbox 1774 2971 1866 3008; x_wconf 83' lang='lat' dir='ltr'><strong>dicit,</strong></span> 
     </span>
     <span class='ocr_line' id='line_1_53' title="bbox 71 3012 1865 3058; baseline 0.003 -13"><span class='ocrx_word' id='word_1_513' title='bbox 71 3014 261 3046; x_wconf 77' lang='lat' dir='ltr'><strong>eventurum</strong></span> <span class='ocrx_word' id='word_1_514' title='bbox 285 3016 366 3052; x_wconf 75' lang='lat' dir='ltr'><strong>illis,</strong></span> <span class='ocrx_word' id='word_1_515' title='bbox 403 3018 458 3058; x_wconf 87' lang='lat' dir='ltr'><strong>qni</strong></span> <span class='ocrx_word' id='word_1_516' title='bbox 482 3027 592 3048; x_wconf 78' lang='lat' dir='ltr'><strong>versus</strong></span> <span class='ocrx_word' id='word_1_517' title='bbox 618 3022 724 3048; x_wconf 80' lang='lat' dir='ltr'><strong>ortum</strong></span> <span class='ocrx_word' id='word_1_518' title='bbox 748 3016 917 3057; x_wconf 80' lang='lat' dir='ltr'><strong>navigant.</strong></span> <span class='ocrx_word' id='word_1_519' title='bbox 969 3012 1035 3045; x_wconf 88' lang='lat' dir='ltr'><strong>Sed</strong></span> <span class='ocrx_word' id='word_1_520' title='bbox 1060 3012 1191 3045; x_wconf 83' lang='lat' dir='ltr'><strong>Dracus</strong></span> <span class='ocrx_word' id='word_1_521' title='bbox 1222 3014 1304 3045; x_wconf 85' lang='lat' dir='ltr'><strong>nihil</strong></span> <span class='ocrx_word' id='word_1_522' title='bbox 1328 3015 1406 3046; x_wconf 87' lang='lat' dir='ltr'><strong>talis</strong></span> <span class='ocrx_word' id='word_1_523' title='bbox 1429 3016 1477 3047; x_wconf 87' lang='lat' dir='ltr'><strong>rei</strong></span> <span class='ocrx_word' id='word_1_524' title='bbox 1501 3016 1535 3047; x_wconf 89' lang='lat' dir='ltr'><strong>in</strong></span> <span class='ocrx_word' id='word_1_525' title='bbox 1559 3018 1734 3049; x_wconf 77' lang='lat' dir='ltr'><strong>itinerariis</strong></span> <span class='ocrx_word' id='word_1_526' title='bbox 1758 3029 1865 3051; x_wconf 78' lang='lat' dir='ltr'><strong>recor·</strong></span> 
     </span>
     <span class='ocr_line' id='line_1_54' title="bbox 71 3057 1868 3104; baseline 0.003 -13"><span class='ocrx_word' id='word_1_527' title='bbox 71 3059 194 3092; x_wconf 78' lang='lat' dir='ltr'><strong>‹latui-</strong></span> <span class='ocrx_word' id='word_1_528' title='bbox 230 3061 363 3094; x_wconf 83' lang='lat' dir='ltr'><strong>Certum</strong></span> <span class='ocrx_word' id='word_1_529' title='bbox 387 3064 517 3104; x_wconf 87' lang='lat' dir='ltr'><strong>quidem</strong></span> <span class='ocrx_word' id='word_1_530' title='bbox 542 3068 610 3101; x_wconf 86' lang='lat' dir='ltr'><strong>est,</strong></span> <span class='ocrx_word' id='word_1_531' title='bbox 643 3064 677 3094; x_wconf 86' lang='lat' dir='ltr'><strong>in</strong></span> <span class='ocrx_word' id='word_1_532' title='bbox 704 3060 771 3093; x_wconf 79' lang='lat'><strong>365</strong></span> <span class='ocrx_word' id='word_1_533' title='bbox 797 3062 910 3094; x_wconf 86' lang='lat' dir='ltr'><strong>diebus</strong></span> <span class='ocrx_word' id='word_1_534' title='bbox 937 3057 1003 3092; x_wconf 78' lang='lat' dir='ltr'><strong>36ss</strong></span> <span class='ocrx_word' id='word_1_535' title='bbox 1029 3059 1247 3093; x_wconf 76' lang='lat' dir='ltr'><strong>revolutiones</strong></span> <span class='ocrx_word' id='word_1_536' title='bbox 1272 3061 1361 3098; x_wconf 86' lang='lat' dir='ltr'><strong>fieri,</strong></span> <span class='ocrx_word' id='word_1_537' title='bbox 1388 3066 1425 3094; x_wconf 82' lang='lat' dir='ltr'><strong>at</strong></span> <span class='ocrx_word' id='word_1_538' title='bbox 1448 3063 1549 3095; x_wconf 87' lang='lat' dir='ltr'><strong>unica</strong></span> <span class='ocrx_word' id='word_1_539' title='bbox 1571 3064 1631 3096; x_wconf 79' lang='lat' dir='ltr'><strong>illa</strong></span> <span class='ocrx_word' id='word_1_540' title='bbox 1653 3065 1811 3097; x_wconf 85' lang='lat' dir='ltr'><strong>revolutio</strong></span> <span class='ocrx_word' id='word_1_541' title='bbox 1834 3067 1868 3097; x_wconf 89' lang='lat' dir='ltr'><strong>in</strong></span> 
     </span>
    </p>
   </div>
   <div class='ocr_carea' id='block_1_6' title="bbox 141 3117 1585 3152">
    <p class='ocr_par' dir='ltr' id='par_1_9' title="bbox 141 3117 1585 3152">
     <span class='ocr_line' id='line_1_55' title="bbox 141 3117 1585 3152; baseline 0.006 -9"><span class='ocrx_word' id='word_1_542' title='bbox 141 3117 258 3150; x_wconf 69' lang='lat' dir='ltr'><strong>xepieri</strong></span> <span class='ocrx_word' id='word_1_543' title='bbox 276 3119 367 3151; x_wconf 70' lang='lat' dir='ltr'><strong>oper·</strong></span> <span class='ocrx_word' id='word_1_544' title='bbox 384 3120 407 3146; x_wconf 92' lang='lat'><strong>1.</strong></span> <span class='ocrx_word' id='word_1_545' title='bbox 1542 3120 1585 3152; x_wconf 85' lang='lat'><strong>22</strong></span> 
     </span>
    </p>
   </div>
  </div>
 </body>
</html>
