2028 3242
711 93 920 138 Amen-012·
942 93 1147 127 ωεοιιιιιε.
1737 90 1826 135 427

29 200 114 248 nint
142 212 228 249 u
247 198 435 250 humiles.
500 198 594 241 Alfi
634 199 796 252 placent
838 197 1074 251 astrologis,
1123 196 1295 239 humiles
1334 197 1528 252 physicis.
1590 196 1829 239 Statumus

8 257 400 313 cunc-thom
426 256 495 299 bic
524 270 630 303 esse,
660 262 708 299 ιιι
737 269 814 310 quo
845 256 999 309 majore
1028 261 1243 297 cernantur
1272 257 1418 309 angulo
1449 256 1639 306 (humiles
1665 259 1828 309 nempe)

29 318 107 364 bos
126 316 227 370 ph
251 316 487 366 colludant,
517 321 682 369 propter
704 316 809 357 banc
839 315 1000 368 quidem
1029 314 1238 362 visionem.
1300 315 1445 356 Virtus
1475 327 1572 357 vero
1601 327 1655 357 ex
1682 315 1827 398 altitu-

30 376 125 421 «ΕΜ
154 380 276 418 aucta
303 387 469 416 causam
499 375 624 416 habet
651 374 787 417 aliam.

723 432 902 473 Thesis
930 396 1133 473 XXXHI.

97 491 329 560 Rufione
363 491 570 545 utriusque
604 490 766 533 virtutis
804 490 1056 532 calfacientia
1095 493 1139 530 et
1172 489 1443 530 humectantis
1485 485 1831 534 considerandum,

32 517 114 605 qno
140 550 184 598 iu
207 550 331 604 signo
361 555 575 595 versentur
602 550 807 602 planetae.
865 548 974 591 Nam
1002 553 1047 590 et
1074 548 1263 601 planetae
1294 552 1338 588 et
1353 547 1471 588 Luna
1499 547 1542 588 in
1571 557 1715 586 cancro
1738 544 1832 597 plu·

34 609 176 652 rimum
206 614 436 662 operantur,
467 608 564 661 quia
591 607 815 649 diutissime
847 613 942 648 sunt
971 619 1092 660 supra
1122 607 1300 653 Terram,
1334 610 1379 646 et
1406 611 1572 659 propter
1601 603 1705 644 alias
1734 615 1833 643 cau-

37 667 252 711 sasiuifio
281 671 631 715 commemoratas,
662 679 752 707 cum
783 667 833 707 de
864 665 959 707 Sole
991 678 1216 719 ageremus.
1275 665 1340 705 Ita
1370 665 1512 712 etiam,
1544 675 1632 704 cum
1663 675 1690 701 a
1718 665 1834 714 parte

34 731 131 771 unt
165 725 606 779 septentrionis‚p1us
643 725 793 766 habent
831 724 1008 766 virtutis.
1069 723 1174 765 Hinc
1210 722 1431 776 plenilunia
1466 720 1667 764 brumalia
1701 719 1833 760 humi-

33 785 150 829 diors
174 789 276 831 Qut,
301 783 484 829 motivis.
545 784 591 824 In
622 784 736 825 zonis
764 781 902 837 itaque
927 782 1311 836 septentrionalibus
1341 782 1450 824 circa
1466 782 1571 823 hunc
1597 785 1642 820 et
1658 790 1834 831 sequeu-

14 851 110 891 [ιο.
130 843 291 896 aliquot
327 854 456 884 annos
486 841 653 884 Saturni
690 847 734 883 et
760 841 896 890 sevis,
929 842 1023 894 quin
1060 846 1103 882 et
1132 841 1281 882 Martis
1319 840 1359 881 in
1396 841 1474 880 fine
1505 839 1623 886 anni,
1660 837 1833 878 virtutes

28 902 119 955 jum
141 901 376 955 οφιιοιιιο
403 901 626 942 imbecilles
657 906 791 942 erunt:
830 901 924 953 quia
953 900 1221 941 versabuntur
1255 899 1296 940 in
1327 898 1456 952 signis
1487 897 1716 940 humilibus.
1775 895 1837 936 At

35 961 77 1007 in
105 959 218 1007 mis
237 959 491 1005 usualibus
515 964 630 1000 tanto
660 965 778 1000 erunt
808 959 1008 1000 fortiores.
1759 983 1762 986 -
1791 984 1798 989 -

90 1061 95 1065 ,
730 1018 905 1059 Thesis
934 1015 1135 1058 XXXIV.

151 1077 201 1119 Iu
230 1081 343 1118 motu
378 1087 468 1116 cum
505 1076 714 1117 videamus
755 1076 1031 1118 tardissimum
1061 1087 1258 1129 quemque
1297 1072 1512 1127 plurimum
1555 1083 1699 1124 posse:
1745 1069 1837 1112 hinc

35 1147 182 1178 causas
211 1135 467 1183 deducemus,
498 1148 569 1176 cur
598 1135 826 1176 stationarii
850 1140 935 1176 tam
965 1135 1048 1175 sint
1065 1134 1225 1186 operosi
1256 1138 1299 1173 et
1327 1133 1368 1173 iu
1395 1131 1589 1184 apogaeis
1606 1135 1834 1171 versantes.

37 1193 132 1241 uhi
139 1187 340 1239 Mercurii
379 1193 505 1236 statio
542 1193 714 1245 omnium
745 1194 919 1235 maxime
949 1199 1015 1234 est
1044 1193 1209 1233 efficax:
1253 1192 1289 1232 is
1320 1190 1445 1239 enim,
1485 1195 1531 1230 ιιι
1560 1188 1837 1230 velocissimus

38 1252 155 1303 aliun,
179 1252 398 1306 plurimum
428 1252 478 1293 de
508 1258 619 1293 motu
649 1252 813 1293 amittit.
876 1251 1043 1293 Saturni
1072 1263 1168 1292 vero
1199 1250 1323 1292 statio
1355 1249 1555 1290 minimum
1575 1247 1712 1295 efficit,
1745 1246 1840 1299 quia

37 1323 179 1365 purum
206 1310 344 1361 habnt,
375 1311 482 1364 quod
510 1311 553 1352 in
582 1310 758 1352 statione
789 1311 946 1379 perdat.
1006 1309 1196 1351 Mercurii
1215 1309 1372 1362 quidem
1404 1307 1530 1348 statio
1563 1312 1609 1347 ιιι
1626 1305 1837 1358 plurimum

41 1374 212 1420 ventos,
228 1373 296 1413 est
323 1369 392 1413 ubi
421 1375 465 1410 et
492 1369 607 1410 nives
637 1369 703 1411 vel
733 1370 904 1421 pluvias,
933 1369 976 1409 in
1006 1381 1152 1421 genere
1182 1368 1367 1421 copiosos
1397 1378 1570 1418 vapores
1600 1364 1695 1406 ciet.
1751 1364 1840 1405 Hcs

40 1428 163 1481 ΨΜ
188 1427 513 1481 exspectabimus
547 1428 655 1469 circa
690 1427 757 1469 17.
788 1429 909 1469 Janu.
942 1426 1013 1469 20.
1045 1427 1145 1480 Apr.
1182 1425 1250 1468 12.
1281 1426 1397 1475 Maii,
1433 1423 1501 1466 15.
1522 1425 1629 1476 Aug.
1663 1420 1703 1464 6.
1731 1421 1839 1474 Sep-

41 1492 141 1533 ten.
168 1483 210 1530 ⁹.
243 1492 286 1528 et
313 1484 387 1530 31.
410 1487 576 1528 Decem.
638 1486 722 1527 Sed
751 1487 928 1528 incertus
958 1486 1175 1527 etiamnum
1195 1484 1385 1526 Mercurii
1413 1488 1547 1525 motus
1577 1495 1656 1523 uon
1686 1481 1840 1534 patitur

41 1545 312 1593 cufissiuium
339 1545 447 1586 diem
476 1546 700 1598 praefinire.
933 1576 936 1577 γ
959 1578 995 1586 ι,
1811 1572 1822 1577 κ

748 1603 921 1644 Thesis
951 1602 1132 1644 XXXV.

162 1659 297 1708 Quas
334 1661 572 1702 hacteuus
616 1662 837 1714 explicui
879 1674 1056 1703 causas
1099 1661 1376 1702 futurorum
1419 1663 1696 1704 eventuum,
1747 1656 1841 1698 illae

22 1719 139 1765 ,οιαὶ
152 1719 320 1762 mltum
349 1720 508 1773 quidem
538 1720 761 1761 divinitatis
792 1721 956 1769 habent,
986 1732 1124 1761 omnes
1154 1725 1291 1760 tamen
1320 1718 1514 1759 materiae
1534 1722 1719 1756 naturam
1744 1727 1842 1768 pro-

26 1779 137 1832 >pins
174 1778 404 1827 imitantur,
446 1791 565 1831 quam
606 1792 706 1832 quae
745 1780 829 1831 jam
872 1784 1101 1832 sequentur.
1162 1778 1270 1819 Nam
1313 1777 1488 1829 ipsarum
1528 1774 1673 1827 agendi
1703 1774 1843 1814 modus

41 1837 91 1881 in
103 1836 271 1879 effluxu
310 1837 483 1890 quodam
521 1837 621 1878 lucis
660 1838 849 1879 consistit
878 1851 1002 1890 usque
1033 1837 1086 1877 ad
1115 1836 1214 1877 haec
1246 1836 1477 1877 sublunaria
1508 1846 1678 1886 corpora
1707 1833 1841 1874 conti-

24 1899 219 1948 ,fluuium
249 1894 318 1948 qui
346 1895 531 1944 effluxus,
564 1896 745 1948 quamvis
775 1896 862 1936 sine
892 1896 1063 1937 materia
1099 1901 1143 1935 et
1172 1901 1350 1946 tempore
1381 1899 1457 1942 est,
1501 1905 1580 1933 non
1611 1898 1747 1932 tamen
1778 1897 1844 1931 est

21 1954 139 2003 ‚tino
170 1954 441 2006 quantitatum
470 1954 793 1995 dimensionibus.
854 1955 923 1996 Fit
962 1955 1068 1995 enim
1098 1967 1170 2006 per
1206 1954 1352 1993 lineam
1387 1957 1564 1999 rectam,
1610 1955 1845 1991 attenuatur

44 2024 140 2054 οπιιι
175 2012 372 2053 distantia
408 2026 434 2052 a
463 2013 613 2062 sidere,
661 2014 809 2054 crescit
852 2014 917 2054 vel
955 2013 1153 2054 decrescit
1194 2025 1285 2052 cum
1322 2012 1412 2064 ipsa
1450 2010 1620 2051 lucentis
1658 2009 1845 2061 planetae

46 2070 172 2119 facie,
202 2070 416 2124 impeditur
445 2071 604 2123 objectu
635 2073 813 2124 corporis
844 2073 977 2125 opaci,
1011 2077 1054 2112 et
1082 2071 1279 2119 vicissim,
1312 2070 1456 2122 posita'
1477 2068 1622 2109 sideris
1653 2072 1844 2119 aspecta-

44 2129 121 2170 bili
148 2130 415 2182 praestantia,
444 2130 629 2171 continue
659 2131 833 2182 ponitur.
895 2131 982 2172 Nec
1012 2131 1054 2170 id
1084 2134 1241 2170 tantum
1272 2129 1314 2169 in
1344 2141 1422 2169 uno
1453 2133 1497 2169 et
1526 2127 1666 2167 eodem
1697 2126 1843 2174 sidere,

0 2220 1 2235 2
44 2187 124 2229 sed
154 2187 279 2228 etiam
312 2188 355 2228 in
384 2189 681 2240 comparatione
718 2189 965 2230 diversorum
995 2189 1119 2229 habet
1150 2189 1301 2228 locum:
1340 2193 1386 2227 ut
1426 2186 1521 2240 quia
1551 2184 1625 2226 Sol
1657 2190 1701 2225 et
1728 2185 1846 2225 Luna

0 2246 2 2268 ³
48 2249 145 2291 suut
173 2251 342 2298 aspectu
370 2246 551 2295 maximi,
596 2247 636 2287 in
667 2247 748 2287 illis
779 2260 933 2300 quoque
972 2246 1297 2288 evidentissimae
1329 2251 1423 2286 sunt
1458 2247 1534 2286 hae
1566 2244 1759 2284 virtutes:
1803 2243 1843 2282 in

30 2304 211 2353 m§zet-eris,
243 2316 408 2356 quarum
439 2305 635 2345 diameter
664 2318 754 2345 cum
785 2305 893 2346 Solis
925 2311 967 2346 et
997 2306 1135 2345 Lunae
1165 2305 1371 2346 diametris
1402 2304 1443 2344 in
1472 2315 1600 2356 parva
1631 2313 1844 2354 compara-

43 2362 159 2406 tione
190 2367 265 2411 est,
297 2362 510 2403 admodum
534 2363 681 2411 exiles,
714 2364 892 2416 adeoque
923 2364 991 2404 vix
1023 2376 1070 2403 ac
1100 2375 1150 2403 ne
1180 2363 1249 2402 vix
1279 2363 1439 2415 quidem
1469 2361 1696 2402 sensibiles.
1754 2360 1843 2400 Ita-

30 2432 128 2473 ηπο
157 2421 281 2462 etiam
310 2421 363 2461 ab
394 2422 686 2472 astrologorum
723 2423 841 2462 turba
870 2417 1126 2462 ’variationes
1174 2421 1316 2461 harum
1347 2420 1602 2461 affectionum
1633 2418 1848 2458 secundum

33 2478 180 2566 dictos
209 2479 350 2521 modos
381 2480 464 2520 fere
494 2480 761 2532 negliguntur.

31 2571 54 2579 -.
744 2537 921 2579 'rhesis
950 2536 1152 2578 XXXVI.

32 2618 51 2644 ι
123 2571 357 2663 Sequitur
375 2608 470 2648 ergo
501 2596 583 2635 alia
613 2608 747 2645 causa,
782 2609 883 2649 quae
913 2608 1050 2636 omnes
1068 2596 1256 2647 planetas
1281 2593 1505 2647 aequaliter
1529 2592 1848 2644 attinet310nge

31 2665 171 2707 ΦΨ
199 2654 310 2707 prior
339 2655 413 2695 illa
442 2654 624 2699 nobilior,
657 2667 836 2707 quaeque
855 2655 981 2695 multo
1000 2655 1090 2706 plus
1111 2653 1386 2694 admirationis
1419 2653 1556 2692 habet.
1619 2652 1724 2692 Nam
1748 2651 1849 2690 haec

33 2711 151 2759 ..nihil
177 2713 435 2755 materiatum
464 2712 593 2765 sapit,
634 2714 707 2753 sed
745 2713 896 2753 formae
932 2713 1129 2754 rationem
1160 2711 1302 2760 habet,
1341 2724 1416 2751 uec
1454 2711 1606 2750 formae
1637 2709 1846 2761 simplicis,

31 2770 130 2819 ‚aed
157 2771 340 2812 animalis
371 2771 592 2820 facultatis,
626 2772 698 2817 sed
728 2771 1030 2818 intellectionis‚
1061 2771 1135 2810 sed
1165 2770 1411 2822 geometriae
1442 2768 1699 2820 cognitionis.
1755 2767 1847 2808 Non

37 2828 160 2873 :stim
186 2829 305 2871 lineis
337 2830 459 2870 rectis
491 2842 542 2869 ex
571 2829 769 2870 sideribus
800 2829 969 2881 siugulis
999 2830 1190 2870 virtutem
1220 2828 1342 2873 elicit,
1375 2828 1446 2868 sed
1466 2827 1648 2867 binorum
1672 2826 1847 2879 siderum

36 2890 246 2937 &euntes
277 2888 318 2928 ιιι
328 2889 474 2928 Terra
503 2888 640 2928 radios
673 2887 875 2933 aestimat,
908 2887 1149 2939 geometrice
1169 2886 1348 2935 coierint,
1382 2899 1432 2925 an
1459 2884 1632 2937 ἀλογως;
1666 2897 1738 2925 nec
1758 2897 1848 2925 cum

53 2941 144 2995 ipsa
159 2943 328 2986 ‘silentis
359 2947 498 2986 Lunae
530 2946 645 2994 facie,
678 2947 835 2998 quando
867 2946 963 2985 nulli
996 2946 1048 2985 ad
1073 2945 1239 2985 Terram
1269 2944 1515 2984 descendunt
1538 2944 1655 2992 radii,
1687 2942 1845 2984 exstin-

54 3001 201 3053 guitur,
234 3004 308 3044 sed
336 3004 490 3045 radium
509 3010 605 3045 tunc
629 3005 939 3045 descendentem
958 3003 1220 3056 imaginatum
1252 3015 1329 3042 non
1351 3002 1577 3054 impeditur,
1611 3014 1699 3042 cum
1718 3001 1845 3042 Terra

32 3063 128 3109 -Μβ
155 3059 260 3106 inter
296 3067 342 3104 et
370 3063 513 3104 stellas
544 3062 831 3116 interponitur,
868 3063 942 3104 sed
982 3062 1088 3104 infra
1123 3062 1299 3103 latentes
1335 3074 1460 3115 supra
1495 3061 1619 3102 etiam
1649 3072 1840 3113 operosas
