2028 3242
757 50 799 84 aa
823 51 920 84 rebus
944 50 1161 94 magieis.
1774 50 1860 94 353

60 158 259 213 plmotu
275 157 328 199 ad
357 162 490 198 ortum
519 157 584 198 vel
614 169 802 197 occasum
832 156 1061 208 dirigendos
1089 168 1163 208 per
1184 169 1280 196 suas
1311 156 1558 206 latitudines,
1591 157 1860 198 consideratis

59 215 124 259 his
140 216 301 270 videm
328 216 369 256 in
400 215 633 265 directione,
671 215 829 268 quando
847 215 1014 267 planeta
1043 214 1110 255 vel
1128 215 1281 255 oriatur
1308 215 1373 255 vel
1392 216 1563 257 occidat.
1627 214 1745 262 Quod
1764 229 1859 257 vero

60 272 164 316 alios
194 275 485 327 significatores
517 274 687 322 attinet,
724 278 770 314 ut
798 274 972 321 Lunam,
1011 269 1100 326 ja'm
1138 273 1247 314 aliud
1286 286 1336 313 ex
1365 273 1687 341 Regiomontano
1717 275 1858 315 dicen-

62 334 173 382 dum,
205 333 323 376 aliud-
345 333 457 374 mihi.
506 333 851 400 Regiomontanus
880 344 953 385 per
970 331 1541 384 significatoren1‚quandons
1571 333 1696 373 habet
1714 334 1858 374 latitu-

59 392 215 439 dinem,
260 392 371 433 ducit
401 392 590 432 circulum
618 390 849 444 positionis,
893 402 1059 443 eumque
1089 391 1277 431 circulum
1308 390 1466 431 omnino
1497 393 1776 432 accommodat
1806 393 1859 432 ad

63 451 348 503 significatoria
389 449 656 491 latitudinem.
717 449 815 489 Inde
857 448 1139 502 promissorem
1182 448 1235 489 ad
1277 449 1381 490 hunc
1418 449 1605 490 circulum
1645 451 1858 502 positionis

42 509 224 560 adducit
250 521 390 551 rursus
418 520 492 562 per
521 521 636 549 snam
664 507 920 560 promissoris
951 507 1154 560 propriam
1185 507 1449 556 latitudinem,
1484 509 1715 550 considerat
1739 510 1858 558 enim,

57 580 149 609 cm
179 579 257 623 quo
285 567 415 621 gradu
452 566 608 608 zodiaci
645 565 865 619 promissor
895 566 1035 607 veniat
1070 567 1109 607 in
1146 567 1249 607 hunc
1289 566 1480 607 circulum
1510 568 1737 620 positionis.
1799 568 1857 608 Et

59 628 136 668 hoc
170 627 222 668 de
250 638 416 679 corpore
455 625 730 678 promissoris,
773 626 838 665 vel
869 625 954 677 ejus
985 626 1172 678 opposito
1202 626 1334 674 radio,
1380 626 1445 678 qni
1489 632 1675 667 censetur
1709 627 1858 667 habere

58 685 311 727 latitudinem
338 685 565 738 oppositam
595 684 699 724 citra
729 684 1058 725 controversiam.
1118 684 1208 737 Ego
1245 697 1341 724 vero
1378 685 1536 737 quando
1568 685 1725 726 invenio
1770 685 1855 727 Lu-

57 755 151 785 nam
182 742 506 796 significati-icem
548 742 587 783 in
619 743 910 795 septentrione,
955 743 1131 784 Martem
1160 743 1442 796 promissorem
1466 749 1601 784 autem
1632 744 1673 784 in
1705 749 1855 793 austro,

58 803 146 844 dico
177 801 437 843 directionem
477 815 567 842 esse
610 802 784 851 fatuam3
830 801 958 854 dirigo
997 801 1142 854 quippe
1179 815 1255 842 non
1292 814 1364 854 per
1407 802 1576 842 circulos
1613 803 1857 854 positionum

55 866 313 903 “meantes
342 873 415 914 per
444 861 753 912 significatorem
785 861 860 901 nisi
890 861 931 912 in
961 860 1166 901 horizonte
1198 866 1240 900 et
1256 861 1488 908 meridiano,
1520 860 1585 914 qui
1616 861 1695 912 ipsi
1726 862 1855 914 signi-

53 921 239 962 ficatores
270 926 384 969 sunt3
424 924 467 959 et
492 925 591 971 puto
622 919 700 959 vim
727 919 976 972 significandi
1005 919 1139 959 inesse
1171 919 1269 959 solis
1300 919 1530 971 corporibus
1557 918 1666 960 Solis
1698 927 1740 961 et
1769 922 1855 961 Lu-

53 990 144 1020 nae.
205 977 547 1031 Regiomontanus
578 990 672 1019 vero
706 978 889 1019 diffundit
914 978 1019 1019 hanc
1049 977 1129 1018 vim
1158 991 1231 1031 per
1252 977 1441 1018 circulum
1459 978 1685 1031 positionis,
1717 985 1854 1020 trans-

56 1042 215 1078 euntem
242 1049 316 1090 per
344 1037 445 1078 haec
476 1049 658 1089 corpora.

172 1095 269 1136 Jam
298 1095 403 1148 quod
434 1095 582 1137 attinet
611 1101 799 1148 aspectus
830 1095 1126 1148 promissorum,
1159 1095 1305 1147 triplex
1337 1100 1401 1135 est
1421 1095 1561 1135 modus
1592 1094 1854 1136 consideran-

54 1155 131 1195 dae
160 1154 397 1196 latitudinis.
456 1155 544 1194 Aut
573 1154 677 1194 enim
707 1154 877 1195 circulus
897 1167 1063 1207 maguus
1094 1158 1232 1208 potest
1262 1154 1435 1194 transire
1455 1166 1527 1206 per
1546 1154 1855 1206 significatorem

55 1219 99 1254 et
125 1212 421 1266 promissorem,
461 1218 504 1253 et
534 1213 572 1253 in
605 1226 652 1254 eo
694 1213 855 1254 extendi
888 1218 1095 1266 aspectus;
1140 1218 1212 1253 aut
1247 1212 1417 1253 circulus
1447 1225 1615 1264 magnus
1652 1214 1854 1254 transiens

54 1285 127 1326 per
154 1271 439 1325 promissorem
469 1277 584 1313 secat
614 1272 840 1324 eclipticam
871 1272 911 1312 in
942 1273 1040 1312 locis
1067 1286 1093 1311 a
1122 1272 1364 1324 promissore
1396 1272 1639 1312 distantibus
1671 1273 1855 1326 utrinque

54 1331 278 1384 quadrante
308 1330 547 1384 exhibetque
578 1331 715 1371 radios
746 1336 989 1384 aspectuum.
1050 1331 1136 1371 Aut
1167 1330 1335 1383 denique
1366 1336 1504 1370 centro
1535 1330 1668 1383 posito
1700 1331 1739 1371 in
1759 1344 1852 1372 cor-

52 1401 151 1443 pore
178 1389 436 1442 promissoris
467 1394 509 1430 et
539 1390 816 1442 amplitudine,
851 1396 1039 1442 quantam
1068 1390 1249 1442 postulat
1268 1394 1470 1442 aspectus,
1503 1389 1699 1430 ducuntur
1717 1390 1855 1431 circuli

54 1453 241 1489 secantes
273 1447 499 1516 eclipticam
548 1453 591 1488 et
633 1449 893 1489 ostendentes
932 1454 1120 1501 punctum
1152 1448 1380 1500 eclipticae‚
1426 1448 1466 1488 in
1498 1460 1574 1501 quo
1618 1448 1855 1490 terminatur

54 1512 268 1560 aspectum
303 1507 431 1560 primo
462 1507 578 1548 modo
610 1520 686 1548 non
713 1507 873 1548 memini
904 1520 1139 1560 quemquam
1169 1507 1240 1548 uti.
1301 1507 1358 1547 Et
1389 1512 1522 1547 tamen
1553 1507 1648 1548 mihi
1677 1508 1854 1548 nonnihil

0 1610 2 1616 ,
52 1564 292 1613 verisimilis,
323 1570 419 1606 tunc
449 1566 607 1618 quando
637 1566 883 1618 significator
914 1567 1038 1606 habet
1069 1566 1333 1614 latitudinem,
1367 1571 1413 1606 nt
1443 1566 1477 1605 si
1504 1565 1620 1606 Luna
1649 1567 1704 1607 sit
1722 1567 1851 1619 signi-

53 1623 223 1672 ficatrix.
283 1622 492 1665 Secundus
522 1625 663 1664 modus
694 1631 758 1665 est
776 1625 1099 1677 Regiomontani,
1134 1625 1238 1676 apud
1264 1637 1380 1677 quem
1412 1624 1569 1665 sextilis
1600 1637 1757 1678 semper
1776 1626 1852 1666 ha-

54 1683 124 1737 bet
153 1682 360 1724 dimidium
390 1683 616 1723 latitudinis
648 1684 754 1736 ejus,
786 1697 904 1737 qnam
935 1684 1059 1724 habet
1089 1696 1232 1735 corpus
1262 1683 1537 1736 promissoris,
1574 1683 1701 1724 trinus
1734 1684 1853 1725 dimi-

53 1741 162 1782 dium
192 1740 415 1782 latitudinis
447 1742 668 1794 oppositae,
703 1743 921 1795 quadratus
946 1743 1200 1783 latitudinem
1220 1743 1382 1782 nullam.
1446 1742 1606 1782 Tertius
1634 1742 1730 1783 mihi
1753 1756 1850 1796 pro-

54 1801 175 1841 batur
204 1805 317 1848 tunc,
350 1801 507 1853 quando
539 1801 699 1841 horizon
731 1802 794 1841 vel
825 1801 1067 1842 meridianus
1106 1806 1169 1841 est
1212 1801 1470 1853 significator.
1533 1800 1615 1841 Sed
1645 1802 1741 1842 mihi
1774 1803 1852 1854 ipsi

53 1870 135 1899 non
163 1858 392 1899 satisfacio:
426 1859 518 1912 quin
549 1860 682 1911 potius
714 1866 808 1900 tunc
839 1860 877 1900 in
911 1860 1251 1912 speculationibus
1282 1859 1459 1913 physicis
1484 1860 1733 1912 suspiciones
1752 1874 1850 1901 con-

54 1916 173 1970 cipio,
200 1917 356 1970 ·quasi
385 1929 522 1958 vana
563 1918 630 1959 sit
666 1930 840 1970 magna
873 1932 989 1972 pars
1034 1918 1368 1958 directionum.
1431 1918 1607 1958 Primum
1649 1917 1772 1969 enim,
1817 1920 1852 1960 si

56 1976 174 2016 Luna
190 1981 256 2016 est
272 1975 548 2028 significatrix,
575 1978 769 2030 quomodo
788 1978 827 2018 in
848 1990 894 2018 eo
915 1978 1061 2018 circulo
1087 1990 1232 2030 magno
1256 1977 1401 2018 dicitur
1418 1977 1552 2017 venire
1573 1978 1626 2018 ad
1645 1985 1851 2031 aspectum

55 2034 256 2087 planetae,
286 2034 330 2074 in
360 2046 437 2087 quo
467 2048 545 2075 non
577 2036 756 2076 incedit?
787 2037 845 2076 At
870 2037 908 2077 in
930 2037 1037 2076 nullo
1057 2037 1176 2076 trium
1198 2036 1380 2088 superius
1412 2037 1699 2077 recensitorum
1721 2038 1852 2078 circu-—

57 2093 185 2132 lorum
212 2091 376 2133 incedit.
434 2093 558 2134 Esset
587 2095 710 2146 igitur
740 2095 878 2135 modus
911 2101 1076 2148 quartus
1110 2095 1325 2147 quaerendi
1358 2095 1460 2135 hunc
1480 2095 1683 2143 circulum,
1715 2097 1754 2137 in
1776 2109 1851 2150 quo

57 2156 247 2203 aspectus
275 2150 397 2199 inest,
429 2157 472 2191 et
500 2152 535 2191 is
567 2153 689 2193 etiam
720 2155 933 2206 perplexus
965 2160 1006 2194 et
1032 2154 1255 2206 ambiguus.
1317 2154 1534 2194 Ducendns
1560 2155 1704 2207 quippe
1736 2160 1782 2195 ut
1812 2156 1852 2195 in

55 2210 174 2250 modo
208 2208 329 2250 tertio
373 2209 521 2249 circum
562 2212 843 2262 promissorem
875 2212 1062 2261 circulus,
1106 2213 1230 2252 donec
1262 2218 1374 2252 secet
1410 2213 1517 2252 viam
1547 2213 1684 2253 Lunae
1723 2214 1852 2266 signi-

55 2267 245 2308 ficati-icis
275 2267 500 2318 genuinam.
561 2270 688 2321 Atqui
720 2283 915 2322 quaenam
946 2271 1044 2310 haec
1064 2270 1216 2310 viarum
1234 2271 1394 2324 propria
1413 2271 1580 2311 Lunae?
1638 2272 1731 2312 Non
1752 2273 1851 2312 diri-

56 2326 163 2379 gitur
191 2327 308 2367 Luna
335 2338 408 2378 per
437 2326 583 2367 itinera
613 2328 754 2368 diurna
784 2329 959 2380 propria,
999 2329 1071 2368 sed
1101 2341 1172 2380 per
1203 2329 1348 2368 itinera
1385 2329 1525 2369 diurna
1556 2329 1677 2371 Solis.
1738 2330 1848 2383 Ergo

54 2385 155 2426 haec
186 2386 254 2425 via
285 2385 423 2424 Lunae
455 2386 696 2426 assumenda
726 2387 804 2427 erit
834 2387 989 2436 fictitia,
1022 2388 1057 2426 si
1088 2400 1227 2439 nempe
1259 2400 1422 2426 manens
1453 2388 1492 2426 in
1525 2388 1665 2428 eadem
1698 2402 1723 2428 a
1753 2387 1849 2429 Sole

51 2443 252 2485 distantia
281 2456 368 2484 cum
399 2443 495 2484 Sole
527 2445 763 2485 circumiret.
826 2446 934 2486 Tunc
972 2458 1067 2497 ergo
1104 2445 1213 2497 prius
1252 2451 1363 2485 esset
1392 2446 1594 2485 ducendus
1632 2447 1851 2498 parallelus

0 2532 1 2539 1
46 2502 264 2555 eclipticae
304 2514 377 2554 per
407 2515 549 2555 corpus
587 2503 889 2555 significatoris,
936 2505 1077 2544 deinde
1109 2510 1154 2544 ut
1188 2504 1298 2556 prius
1338 2504 1513 2544 secanda
1543 2504 1642 2544 haec
1674 2506 1763 2555 via,
1805 2512 1852 2546 ut

0 2582 3 2588 ,
44 2561 182 2601 ‘sectio
211 2561 342 2602 locum
373 2562 615 2611 ostenderet,
648 2562 715 2602 ubi
746 2563 982 2603 terminatur
1022 2568 1224 2615 aspectus.
1285 2563 1410 2615 Atqui
1450 2575 1590 2614 parum
1621 2564 1851 2604 verisimili-

39 2619 206 2662 ,tudinis
235 2620 344 2660 inest
373 2620 414 2660 in
444 2620 519 2661 hoc
551 2621 678 2660 modo.
741 2619 872 2667 Quam
903 2622 1020 2670 enim,
1054 2634 1215 2673 quaeso,
1248 2622 1327 2661 vim
1348 2621 1530 2662 obtineat
1549 2622 1616 2661 via
1637 2624 1847 2674 quaedam,

0 2691 2 2693 ·
39 2686 128 2729 φοι·
157 2690 276 2730 qnam
304 2679 419 2719 Luna
449 2692 527 2719 non
559 2679 727 2727 incedit,
772 2681 844 2719 sed
874 2680 1056 2720 incedere
1088 2680 1278 2731 fingitur?
1340 2681 1475 2732 Atque
1506 2681 1582 2720 hac
1615 2682 1850 2722 considera-

0 2731 7 2781 J,
39 2736 165 2776 tione
192 2742 322 2777 totum
340 2738 543 2789 negotium
564 2738 715 2785 Lunae,
748 2744 793 2778 ut
812 2738 1105 2790 significati-icis
1126 2738 1369 2789 dirigendae,
1403 2744 1633 2790 suspectum
1655 2740 1850 2781 redditur.

31 2793 211 2841 Deinde
230 2796 383 2847 objicio,
417 2809 506 2836 cum
530 2809 618 2837 meo
632 2797 827 2837 horizonti
847 2803 888 2836 et
907 2797 1145 2842 meridiano,
1177 2803 1262 2836 tum
1282 2797 1591 2848 Regiomontani
1608 2798 1850 2849 positionum

44 2852 213 2897 §surculis
243 2854 590 2906 significatoribus,
623 2861 694 2895 aut
725 2868 802 2894 non
832 2868 951 2907 posse
984 2861 1171 2908 aspectus
1203 2856 1487 2906 promissorum
1513 2869 1602 2895 esse
1622 2857 1847 2909 promisso-

0 2949 3 2952 .
39 2921 135 2966 εἷπε,
166 2916 237 2952 aut
266 2918 443 2953 tractum
469 2914 614 2966 requiri
643 2914 834 2966 temporis
867 2914 1090 2966 longissimi
1122 2914 1173 2954 ad
1198 2927 1316 2954 unam
1342 2914 1613 2963 directionem,
1647 2915 1724 2955 imo
1745 2929 1847 2969 qua-

40 2967 217 3017 dratam
258 2971 542 3021 radiationem,
587 2986 658 3012 seu
695 2973 778 3024 ejus
817 2972 1073 3013 directionem
1104 2973 1260 3013 omnino
1297 2978 1532 3025 perpetuam
1568 2987 1671 3015 esse.
1734 2976 1841 3016 Nam

0 3025 15 3097 J
40 3037 159 3070 unus
186 3033 230 3068 et
257 3029 364 3070 idem
392 3030 611 3082 promissor
641 3031 794 3072 radium
824 3032 1020 3081 sextilem,
1060 3032 1298 3085 quadratum
1323 3033 1394 3073 διο.
1426 3032 1573 3074 circulo
1603 3033 1846 3074 circumfun-

149 3095 265 3129 renim
283 3098 375 3130 open
391 3098 415 3126 1.
1522 3102 1566 3136 23
