<?xml version="1.0" encoding="UTF-8"?>
<!DOCTYPE html PUBLIC "-//W3C//DTD XHTML 1.0 Transitional//EN"
    "http://www.w3.org/TR/xhtml1/DTD/xhtml1-transitional.dtd">
<html xmlns="http://www.w3.org/1999/xhtml" xml:lang="en" lang="en">
 <head>
  <title>
</title>
<meta http-equiv="Content-Type" content="text/html;charset=utf-8" />
  <meta name='ocr-system' content='tesseract 3.04.00' />
  <meta name='ocr-capabilities' content='ocr_page ocr_carea ocr_par ocr_line ocrx_word'/>
</head>
<body>
  <div class='ocr_page' id='page_1' title='image "./operaomniaedidit01kepluoft_0045.png"; bbox 0 0 1982 3268; ppageno 0'>
   <div class='ocr_carea' id='block_1_1' title="bbox 842 32 1847 76">
    <p class='ocr_par' dir='ltr' id='par_1_1' title="bbox 842 12 1847 76">
     <span class='ocr_line' id='line_1_1' title="bbox 842 32 1847 76; baseline 0.002 -2"><span class='ocrx_word' id='word_1_1' title='bbox 842 39 1056 75; x_wconf 60' lang='lat' dir='ltr'>Paos-nium.</span> <span class='ocrx_word' id='word_1_2' title='bbox 1790 32 1847 76; x_wconf 76' lang='lat'>23</span> 
     </span>
    </p>
   </div>
   <div class='ocr_carea' id='block_1_2' title="bbox 52 140 1906 1150">
    <p class='ocr_par' dir='ltr' id='par_1_2' title="bbox 52 140 1906 1136">
     <span class='ocr_line' id='line_1_2' title="bbox 56 140 1847 198; baseline -0.005 -17"><span class='ocrx_word' id='word_1_3' title='bbox 56 146 493 198; x_wconf 57' lang='lat' dir='ltr'>unuqnmeogitsre,</span> <span class='ocrx_word' id='word_1_4' title='bbox 517 146 1019 183; x_wconf 68' lang='grc' dir='ltr'>ιιοὼιιιιιοιιιειοιιιειιείιιιι.</span> <span class='ocrx_word' id='word_1_5' title='bbox 1043 143 1663 187; x_wconf 67' lang='grc' dir='ltr'>ωψιιωιιιιιιιιιιιιιιιιιιιιιιιιιει-ιιιιι.</span> <span class='ocrx_word' id='word_1_6' title='bbox 1688 140 1847 177; x_wconf 85' lang='lat' dir='ltr'>ordinem,</span> 
     </span>
     <span class='ocr_line' id='line_1_3' title="bbox 55 188 1862 253; baseline -0.003 -27"><span class='ocrx_word' id='word_1_7' title='bbox 55 193 338 237; x_wconf 65' lang='lat' dir='ltr'>-guitudinu,</span> <span class='ocrx_word' id='word_1_8' title='bbox 362 190 511 231; x_wconf 80' lang='grc' dir='ltr'>ἰιιοιιιιιι,</span> <span class='ocrx_word' id='word_1_9' title='bbox 546 195 614 227; x_wconf 77' lang='lat' dir='ltr'>sive</span> <span class='ocrx_word' id='word_1_10' title='bbox 637 194 817 226; x_wconf 84' lang='lat' dir='ltr'>secundum</span> <span class='ocrx_word' id='word_1_11' title='bbox 840 195 1000 233; x_wconf 81' lang='lat' dir='ltr'>usitatas,</span> <span class='ocrx_word' id='word_1_12' title='bbox 1032 194 1100 226; x_wconf 80' lang='lat' dir='ltr'>sive</span> <span class='ocrx_word' id='word_1_13' title='bbox 1125 193 1208 224; x_wconf 84' lang='lat' dir='ltr'>alias</span> <span class='ocrx_word' id='word_1_14' title='bbox 1231 201 1442 233; x_wconf 84' lang='lat' dir='ltr'>quascunque</span> <span class='ocrx_word' id='word_1_15' title='bbox 1473 189 1670 232; x_wconf 81' lang='lat' dir='ltr'>hypotheses</span> <span class='ocrx_word' id='word_1_16' title='bbox 1702 188 1862 253; x_wconf 31' lang='lat' dir='ltr'>Q„</span> 
     </span>
     <span class='ocr_line' id='line_1_4' title="bbox 57 232 1849 283; baseline -0.003 -10"><span class='ocrx_word' id='word_1_17' title='bbox 57 240 197 278; x_wconf 79' lang='lat' dir='ltr'>docere,</span> <span class='ocrx_word' id='word_1_18' title='bbox 221 241 381 273; x_wconf 63' lang='lat' dir='ltr'>neonem</span> <span class='ocrx_word' id='word_1_19' title='bbox 404 241 558 281; x_wconf 79' lang='lat' dir='ltr'>reddere,</span> <span class='ocrx_word' id='word_1_20' title='bbox 585 241 732 283; x_wconf 73' lang='lat' dir='ltr'>adeoque</span> <span class='ocrx_word' id='word_1_21' title='bbox 757 242 850 283; x_wconf 83' lang='lat' dir='ltr'>quasi</span> <span class='ocrx_word' id='word_1_22' title='bbox 876 251 916 274; x_wconf 84' lang='lat' dir='ltr'>ex</span> <span class='ocrx_word' id='word_1_23' title='bbox 940 250 1063 273; x_wconf 75' lang='lat' dir='ltr'>arcano</span> <span class='ocrx_word' id='word_1_24' title='bbox 1087 239 1152 272; x_wconf 87' lang='lat' dir='ltr'>Dei</span> <span class='ocrx_word' id='word_1_25' title='bbox 1176 239 1332 272; x_wconf 85' lang='lat' dir='ltr'>creatoris</span> <span class='ocrx_word' id='word_1_26' title='bbox 1356 238 1490 271; x_wconf 84' lang='lat' dir='ltr'>consilio</span> <span class='ocrx_word' id='word_1_27' title='bbox 1515 238 1705 279; x_wconf 73' lang='lat' dir='ltr'>depromere</span> <span class='ocrx_word' id='word_1_28' title='bbox 1726 232 1849 278; x_wconf 73' lang='lat' dir='ltr'>posse?</span> 
     </span>
     <span class='ocr_line' id='line_1_5' title="bbox 55 283 1848 331; baseline -0.003 -9"><span class='ocrx_word' id='word_1_29' title='bbox 55 287 131 323; x_wconf 74' lang='lat' dir='ltr'>noo</span> <span class='ocrx_word' id='word_1_30' title='bbox 152 291 265 321; x_wconf 73' lang='lat' dir='ltr'>autem</span> <span class='ocrx_word' id='word_1_31' title='bbox 286 288 543 330; x_wconf 79' lang='lat' dir='ltr'>Kepplerus</span> <span class='ocrx_word' id='word_1_32' title='bbox 568 293 604 322; x_wconf 87' lang='lat' dir='ltr'>et</span> <span class='ocrx_word' id='word_1_33' title='bbox 626 297 802 331; x_wconf 77' lang='lat' dir='ltr'>aggressus</span> <span class='ocrx_word' id='word_1_34' title='bbox 826 294 888 326; x_wconf 80' lang='lat' dir='ltr'>est,</span> <span class='ocrx_word' id='word_1_35' title='bbox 914 293 950 321; x_wconf 85' lang='lat' dir='ltr'>et</span> <span class='ocrx_word' id='word_1_36' title='bbox 970 288 1109 325; x_wconf 77' lang='lat' dir='ltr'>feliciter</span> <span class='ocrx_word' id='word_1_37' title='bbox 1131 286 1306 328; x_wconf 76' lang='lat' dir='ltr'>praestitit.</span> <span class='ocrx_word' id='word_1_38' title='bbox 1353 285 1428 327; x_wconf 80' lang='lat' dir='ltr'>lpse</span> <span class='ocrx_word' id='word_1_39' title='bbox 1452 287 1539 317; x_wconf 86' lang='lat' dir='ltr'>enim</span> <span class='ocrx_word' id='word_1_40' title='bbox 1562 285 1685 326; x_wconf 81' lang='lat' dir='ltr'>primus</span> <span class='ocrx_word' id='word_1_41' title='bbox 1707 287 1769 317; x_wconf 83' lang='lat' dir='ltr'>est.</span> <span class='ocrx_word' id='word_1_42' title='bbox 1795 283 1848 324; x_wconf 86' lang='lat' dir='ltr'>qui</span> 
     </span>
     <span class='ocr_line' id='line_1_6' title="bbox 56 330 1849 378; baseline -0.003 -10"><span class='ocrx_word' id='word_1_43' title='bbox 56 335 297 378; x_wconf 70' lang='lat' dir='ltr'>animadvertit.</span> <span class='ocrx_word' id='word_1_44' title='bbox 321 335 408 378; x_wconf 80' lang='lat' dir='ltr'>quod</span> <span class='ocrx_word' id='word_1_45' title='bbox 431 335 610 368; x_wconf 76' lang='lat' dir='ltr'>distantiae</span> <span class='ocrx_word' id='word_1_46' title='bbox 632 335 840 377; x_wconf 85' lang='lat' dir='ltr'>planetarum</span> <span class='ocrx_word' id='word_1_47' title='bbox 865 345 887 369; x_wconf 84' lang='lat' dir='ltr'>a</span> <span class='ocrx_word' id='word_1_48' title='bbox 908 346 946 369; x_wconf 86' lang='lat' dir='ltr'>se</span> <span class='ocrx_word' id='word_1_49' title='bbox 969 339 1095 371; x_wconf 83' lang='lat' dir='ltr'>mutuo,</span> <span class='ocrx_word' id='word_1_50' title='bbox 1117 344 1200 377; x_wconf 80' lang='lat' dir='ltr'>quas</span> <span class='ocrx_word' id='word_1_51' title='bbox 1225 333 1464 366; x_wconf 83' lang='lat' dir='ltr'>astronomicae</span> <span class='ocrx_word' id='word_1_52' title='bbox 1489 330 1784 365; x_wconf 81' lang='lat' dir='ltr'>demonstrationes</span> <span class='ocrx_word' id='word_1_53' title='bbox 1809 339 1849 362; x_wconf 86' lang='lat' dir='ltr'>ex</span> 
     </span>
     <span class='ocr_line' id='line_1_7' title="bbox 57 377 1844 430; baseline -0.003 -15"><span class='ocrx_word' id='word_1_54' title='bbox 57 382 334 415; x_wconf 65' lang='lat' dir='ltr'>obtentionibus</span> <span class='ocrx_word' id='word_1_55' title='bbox 349 383 588 430; x_wconf 74' lang='lat' dir='ltr'>patefecerunt.</span> <span class='ocrx_word' id='word_1_56' title='bbox 613 393 679 415; x_wconf 87' lang='lat' dir='ltr'>nou</span> <span class='ocrx_word' id='word_1_57' title='bbox 697 383 829 424; x_wconf 86' lang='lat' dir='ltr'>quidem</span> <span class='ocrx_word' id='word_1_58' title='bbox 848 384 882 415; x_wconf 88' lang='lat' dir='ltr'>in</span> <span class='ocrx_word' id='word_1_59' title='bbox 906 383 1036 416; x_wconf 82' lang='lat' dir='ltr'>usitatis</span> <span class='ocrx_word' id='word_1_60' title='bbox 1058 381 1291 424; x_wconf 70' lang='lat' dir='ltr'>hypothesibus</span> <span class='ocrx_word' id='word_1_61' title='bbox 1316 378 1366 419; x_wconf 89' lang='lat' dir='ltr'>(iu</span> <span class='ocrx_word' id='word_1_62' title='bbox 1391 380 1438 411; x_wconf 80' lang='lat' dir='ltr'>eis</span> <span class='ocrx_word' id='word_1_63' title='bbox 1463 381 1550 412; x_wconf 90' lang='lat' dir='ltr'>enim</span> <span class='ocrx_word' id='word_1_64' title='bbox 1574 378 1654 411; x_wconf 86' lang='lat' dir='ltr'>nihil</span> <span class='ocrx_word' id='word_1_65' title='bbox 1677 377 1747 410; x_wconf 88' lang='lat' dir='ltr'>tale</span> <span class='ocrx_word' id='word_1_66' title='bbox 1770 387 1844 419; x_wconf 88' lang='lat' dir='ltr'>spe-</span> 
     </span>
     <span class='ocr_line' id='line_1_8' title="bbox 56 424 1846 472; baseline -0.004 -9"><span class='ocrx_word' id='word_1_67' title='bbox 56 430 121 462; x_wconf 78' lang='lat' dir='ltr'>rari</span> <span class='ocrx_word' id='word_1_68' title='bbox 143 427 279 472; x_wconf 72' lang='lat' dir='ltr'>petest),</span> <span class='ocrx_word' id='word_1_69' title='bbox 305 430 364 463; x_wconf 83' lang='lat' dir='ltr'>sed</span> <span class='ocrx_word' id='word_1_70' title='bbox 387 424 564 463; x_wconf 71' lang='lat' dir='ltr'>secundnm</span> <span class='ocrx_word' id='word_1_71' title='bbox 590 430 815 471; x_wconf 85' lang='lat' dir='ltr'>Copernicum.</span> <span class='ocrx_word' id='word_1_72' title='bbox 839 435 937 463; x_wconf 80' lang='lat' dir='ltr'>tanta</span> <span class='ocrx_word' id='word_1_73' title='bbox 961 430 1135 471; x_wconf 78' lang='lat' dir='ltr'>intervalla</span> <span class='ocrx_word' id='word_1_74' title='bbox 1156 429 1319 466; x_wconf 78' lang='lat' dir='ltr'>habeant,</span> <span class='ocrx_word' id='word_1_75' title='bbox 1345 431 1471 469; x_wconf 84' lang='lat' dir='ltr'>quanta</span> <span class='ocrx_word' id='word_1_76' title='bbox 1493 428 1527 459; x_wconf 91' lang='lat' dir='ltr'>in</span> <span class='ocrx_word' id='word_1_77' title='bbox 1551 427 1693 468; x_wconf 83' lang='lat' dir='ltr'>quinque</span> <span class='ocrx_word' id='word_1_78' title='bbox 1716 424 1846 467; x_wconf 76' lang='lat' dir='ltr'>regula-</span> 
     </span>
     <span class='ocr_line' id='line_1_9' title="bbox 54 471 1848 520; baseline -0.003 -10"><span class='ocrx_word' id='word_1_79' title='bbox 54 477 143 510; x_wconf 65' lang='lat' dir='ltr'>ntus</span> <span class='ocrx_word' id='word_1_80' title='bbox 166 477 352 519; x_wconf 70' lang='lat' dir='ltr'>emporibus</span> <span class='ocrx_word' id='word_1_81' title='bbox 375 478 582 520; x_wconf 79' lang='lat' dir='ltr'>geometricis</span> <span class='ocrx_word' id='word_1_82' title='bbox 606 478 693 509; x_wconf 79' lang='lat' dir='ltr'>inter</span> <span class='ocrx_word' id='word_1_83' title='bbox 716 477 875 519; x_wconf 79' lang='lat' dir='ltr'>sphaeras</span> <span class='ocrx_word' id='word_1_84' title='bbox 897 479 1071 518; x_wconf 81' lang='lat' dir='ltr'>inscriptas</span> <span class='ocrx_word' id='word_1_85' title='bbox 1103 480 1138 509; x_wconf 85' lang='lat' dir='ltr'>et</span> <span class='ocrx_word' id='word_1_86' title='bbox 1169 475 1429 517; x_wconf 76' lang='lat' dir='ltr'>circumscriptas</span> <span class='ocrx_word' id='word_1_87' title='bbox 1452 474 1638 507; x_wconf 79' lang='lat' dir='ltr'>intervenit.</span> <span class='ocrx_word' id='word_1_88' title='bbox 1686 471 1760 505; x_wconf 78' lang='lat' dir='ltr'>Nec</span> <span class='ocrx_word' id='word_1_89' title='bbox 1784 476 1848 509; x_wconf 58' lang='grc' dir='ltr'>σα,</span> 
     </span>
     <span class='ocr_line' id='line_1_10' title="bbox 57 520 1850 567; baseline -0.003 -10"><span class='ocrx_word' id='word_1_90' title='bbox 57 528 95 557; x_wconf 84' lang='lat' dir='ltr'>ut</span> <span class='ocrx_word' id='word_1_91' title='bbox 117 524 189 566; x_wconf 73' lang='lat' dir='ltr'>quis</span> <span class='ocrx_word' id='word_1_92' title='bbox 213 524 415 557; x_wconf 68' lang='lat' dir='ltr'>absurditate</span> <span class='ocrx_word' id='word_1_93' title='bbox 438 525 684 567; x_wconf 77' lang='lat' dir='ltr'>hypothesium,</span> <span class='ocrx_word' id='word_1_94' title='bbox 717 525 757 558; x_wconf 89' lang='lat' dir='ltr'>de</span> <span class='ocrx_word' id='word_1_95' title='bbox 781 535 847 567; x_wconf 85' lang='lat' dir='ltr'>qua</span> <span class='ocrx_word' id='word_1_96' title='bbox 871 525 1069 567; x_wconf 81' lang='lat' dir='ltr'>Copernicus</span> <span class='ocrx_word' id='word_1_97' title='bbox 1095 535 1116 556; x_wconf 87' lang='lat' dir='ltr'>a</span> <span class='ocrx_word' id='word_1_98' title='bbox 1138 523 1249 555; x_wconf 84' lang='lat' dir='ltr'>multis</span> <span class='ocrx_word' id='word_1_99' title='bbox 1275 526 1469 558; x_wconf 84' lang='lat' dir='ltr'>accusatur,</span> <span class='ocrx_word' id='word_1_100' title='bbox 1503 520 1707 558; x_wconf 82' lang='lat' dir='ltr'>offendatur,</span> <span class='ocrx_word' id='word_1_101' title='bbox 1738 520 1850 552; x_wconf 81' lang='lat' dir='ltr'>existi</span> 
     </span>
     <span class='ocr_line' id='line_1_11' title="bbox 56 568 1848 614; baseline -0.003 -10"><span class='ocrx_word' id='word_1_102' title='bbox 56 580 171 608; x_wconf 81' lang='lat' dir='ltr'>maus,</span> <span class='ocrx_word' id='word_1_103' title='bbox 195 571 281 613; x_wconf 82' lang='lat' dir='ltr'>quod</span> <span class='ocrx_word' id='word_1_104' title='bbox 305 582 346 604; x_wconf 87' lang='lat' dir='ltr'>ex</span> <span class='ocrx_word' id='word_1_105' title='bbox 368 572 452 604; x_wconf 79' lang='lat' dir='ltr'>falso</span> <span class='ocrx_word' id='word_1_106' title='bbox 476 582 602 614; x_wconf 88' lang='lat' dir='ltr'>quoque</span> <span class='ocrx_word' id='word_1_107' title='bbox 626 582 737 604; x_wconf 85' lang='lat' dir='ltr'>verum</span> <span class='ocrx_word' id='word_1_108' title='bbox 761 574 852 614; x_wconf 86' lang='lat' dir='ltr'>sequi</span> <span class='ocrx_word' id='word_1_109' title='bbox 876 573 978 614; x_wconf 86' lang='lat' dir='ltr'>possit</span> <span class='ocrx_word' id='word_1_110' title='bbox 1002 577 1065 605; x_wconf 85' lang='lat' dir='ltr'>etc.</span> <span class='ocrx_word' id='word_1_111' title='bbox 1115 571 1201 604; x_wconf 81' lang='lat' dir='ltr'>Nam</span> <span class='ocrx_word' id='word_1_112' title='bbox 1227 571 1290 603; x_wconf 81' lang='lat' dir='ltr'>etsi</span> <span class='ocrx_word' id='word_1_113' title='bbox 1314 570 1348 601; x_wconf 90' lang='lat' dir='ltr'>id</span> <span class='ocrx_word' id='word_1_114' title='bbox 1372 569 1447 606; x_wconf 85' lang='lat' dir='ltr'>fiat,</span> <span class='ocrx_word' id='word_1_115' title='bbox 1473 578 1531 610; x_wconf 90' lang='lat' dir='ltr'>per</span> <span class='ocrx_word' id='word_1_116' title='bbox 1557 568 1711 601; x_wconf 84' lang='lat' dir='ltr'>accidens</span> <span class='ocrx_word' id='word_1_117' title='bbox 1735 571 1848 599; x_wconf 87' lang='lat' dir='ltr'>tamen</span> 
     </span>
     <span class='ocr_line' id='line_1_12' title="bbox 55 614 1846 663; baseline -0.004 -11"><span class='ocrx_word' id='word_1_118' title='bbox 55 622 92 652; x_wconf 90' lang='lat' dir='ltr'>et</span> <span class='ocrx_word' id='word_1_119' title='bbox 113 627 187 651; x_wconf 87' lang='lat' dir='ltr'>raro</span> <span class='ocrx_word' id='word_1_120' title='bbox 210 622 341 651; x_wconf 83' lang='lat' dir='ltr'>tantuin</span> <span class='ocrx_word' id='word_1_121' title='bbox 363 620 411 657; x_wconf 68' lang='lat' dir='ltr'>fii,</span> <span class='ocrx_word' id='word_1_122' title='bbox 437 624 471 652; x_wconf 87' lang='lat' dir='ltr'>et</span> <span class='ocrx_word' id='word_1_123' title='bbox 487 620 522 652; x_wconf 87' lang='lat' dir='ltr'>in</span> <span class='ocrx_word' id='word_1_124' title='bbox 538 630 709 663; x_wconf 77' lang='lat' dir='ltr'>progressu</span> <span class='ocrx_word' id='word_1_125' title='bbox 726 620 1038 653; x_wconf 72' lang='lat' dir='ltr'><strong>demonstrationum</strong></span> <span class='ocrx_word' id='word_1_126' title='bbox 1056 624 1168 652; x_wconf 82' lang='lat' dir='ltr'>cetera</span> <span class='ocrx_word' id='word_1_127' title='bbox 1190 628 1257 651; x_wconf 91' lang='grc' dir='ltr'>ιιοιι</span> <span class='ocrx_word' id='word_1_128' title='bbox 1280 617 1376 650; x_wconf 82' lang='lat' dir='ltr'>aliter</span> <span class='ocrx_word' id='word_1_129' title='bbox 1399 626 1496 659; x_wconf 87' lang='lat' dir='ltr'>quam</span> <span class='ocrx_word' id='word_1_130' title='bbox 1515 616 1634 658; x_wconf 84' lang='lat' dir='ltr'>paleae</span> <span class='ocrx_word' id='word_1_131' title='bbox 1659 614 1846 647; x_wconf 75' lang='lat' dir='ltr'>cohaerent.</span> 
     </span>
     <span class='ocr_line' id='line_1_13' title="bbox 56 663 1849 709; baseline -0.003 -11"><span class='ocrx_word' id='word_1_132' title='bbox 56 665 101 698; x_wconf 75' lang='lat' dir='ltr'>At</span> <span class='ocrx_word' id='word_1_133' title='bbox 122 665 177 698; x_wconf 83' lang='lat' dir='ltr'>liic</span> <span class='ocrx_word' id='word_1_134' title='bbox 193 667 304 698; x_wconf 83' lang='lat' dir='ltr'>omnia</span> <span class='ocrx_word' id='word_1_135' title='bbox 327 667 495 708; x_wconf 83' lang='lat' dir='ltr'>aptissimo</span> <span class='ocrx_word' id='word_1_136' title='bbox 517 667 629 699; x_wconf 80' lang='lat' dir='ltr'>ordine</span> <span class='ocrx_word' id='word_1_137' title='bbox 653 667 950 709; x_wconf 79' lang='lat' dir='ltr'>perfectissimeque</span> <span class='ocrx_word' id='word_1_138' title='bbox 968 676 1116 700; x_wconf 86' lang='lat' dir='ltr'>connexu</span> <span class='ocrx_word' id='word_1_139' title='bbox 1134 665 1289 708; x_wconf 83' lang='lat' dir='ltr'>colligata</span> <span class='ocrx_word' id='word_1_140' title='bbox 1305 668 1392 700; x_wconf 88' lang='lat' dir='ltr'>sunt,</span> <span class='ocrx_word' id='word_1_141' title='bbox 1418 668 1454 696; x_wconf 91' lang='lat' dir='ltr'>ut</span> <span class='ocrx_word' id='word_1_142' title='bbox 1477 673 1520 696; x_wconf 91' lang='lat' dir='ltr'>ne</span> <span class='ocrx_word' id='word_1_143' title='bbox 1544 663 1713 695; x_wconf 88' lang='lat' dir='ltr'>minimum</span> <span class='ocrx_word' id='word_1_144' title='bbox 1737 671 1849 694; x_wconf 89' lang='lat' dir='ltr'>eorum</span> 
     </span>
     <span class='ocr_line' id='line_1_14' title="bbox 52 709 1848 757; baseline -0.003 -10"><span class='ocrx_word' id='word_1_145' title='bbox 52 712 124 745; x_wconf 74' lang='lat' dir='ltr'>tolli</span> <span class='ocrx_word' id='word_1_146' title='bbox 137 735 146 750; x_wconf 89' lang='lat'><strong>‚</strong></span> <span class='ocrx_word' id='word_1_147' title='bbox 170 713 221 747; x_wconf 76' lang='lat' dir='ltr'>vel</span> <span class='ocrx_word' id='word_1_148' title='bbox 245 714 431 756; x_wconf 73' lang='lat' dir='ltr'>transponi,</span> <span class='ocrx_word' id='word_1_149' title='bbox 469 714 520 747; x_wconf 82' lang='lat' dir='ltr'>vel</span> <span class='ocrx_word' id='word_1_150' title='bbox 542 714 657 747; x_wconf 81' lang='lat' dir='ltr'>leviter</span> <span class='ocrx_word' id='word_1_151' title='bbox 685 716 805 747; x_wconf 84' lang='lat' dir='ltr'>mutari</span> <span class='ocrx_word' id='word_1_152' title='bbox 836 715 958 757; x_wconf 84' lang='lat' dir='ltr'>absque</span> <span class='ocrx_word' id='word_1_153' title='bbox 983 715 1171 747; x_wconf 72' lang='lat' dir='ltr'>confusione</span> <span class='ocrx_word' id='word_1_154' title='bbox 1197 718 1231 745; x_wconf 89' lang='lat' dir='ltr'>et</span> <span class='ocrx_word' id='word_1_155' title='bbox 1255 713 1421 745; x_wconf 76' lang='lat' dir='ltr'>eversione</span> <span class='ocrx_word' id='word_1_156' title='bbox 1444 712 1545 743; x_wconf 76' lang='lat' dir='ltr'>totius</span> <span class='ocrx_word' id='word_1_157' title='bbox 1567 710 1711 743; x_wconf 80' lang='lat' dir='ltr'>universi</span> <span class='ocrx_word' id='word_1_158' title='bbox 1734 709 1848 750; x_wconf 64' lang='lat' dir='ltr'>possit-</span> 
     </span>
     <span class='ocr_line' id='line_1_15' title="bbox 54 757 1849 804; baseline -0.002 -11"><span class='ocrx_word' id='word_1_159' title='bbox 54 759 129 793; x_wconf 77' lang='lat' dir='ltr'>noe</span> <span class='ocrx_word' id='word_1_160' title='bbox 152 769 230 803; x_wconf 81' lang='lat' dir='ltr'>ergo</span> <span class='ocrx_word' id='word_1_161' title='bbox 255 770 316 793; x_wconf 78' lang='lat' dir='ltr'>ceu</span> <span class='ocrx_word' id='word_1_162' title='bbox 341 761 552 794; x_wconf 76' lang='lat' dir='ltr'>fundamento</span> <span class='ocrx_word' id='word_1_163' title='bbox 578 771 600 794; x_wconf 85' lang='lat' dir='ltr'>a</span> <span class='ocrx_word' id='word_1_164' title='bbox 622 763 719 804; x_wconf 81' lang='lat' dir='ltr'><strong>priori</strong></span> <span class='ocrx_word' id='word_1_165' title='bbox 743 762 837 800; x_wconf 88' lang='lat' dir='ltr'>dato,-</span> <span class='ocrx_word' id='word_1_166' title='bbox 858 763 991 794; x_wconf 87' lang='lat' dir='ltr'>dubium</span> <span class='ocrx_word' id='word_1_167' title='bbox 1013 772 1080 794; x_wconf 92' lang='lat' dir='ltr'>non</span> <span class='ocrx_word' id='word_1_168' title='bbox 1104 766 1174 797; x_wconf 85' lang='lat' dir='ltr'>est.</span> <span class='ocrx_word' id='word_1_169' title='bbox 1208 761 1302 802; x_wconf 88' lang='lat' dir='ltr'>quin,</span> <span class='ocrx_word' id='word_1_170' title='bbox 1336 760 1391 802; x_wconf 88' lang='lat' dir='ltr'>qui</span> <span class='ocrx_word' id='word_1_171' title='bbox 1413 759 1656 792; x_wconf 79' lang='lat' dir='ltr'>observationes</span> <span class='ocrx_word' id='word_1_172' title='bbox 1680 757 1849 799; x_wconf 81' lang='lat' dir='ltr'>colligunt,</span> 
     </span>
     <span class='ocr_line' id='line_1_16' title="bbox 54 804 1849 864; baseline -0.002 -24"><span class='ocrx_word' id='word_1_173' title='bbox 54 807 122 840; x_wconf 78' lang='lat' dir='ltr'>voti</span> <span class='ocrx_word' id='word_1_174' title='bbox 157 808 209 840; x_wconf 76' lang='lat' dir='ltr'>ni</span> <span class='ocrx_word' id='word_1_175' title='bbox 241 807 286 841; x_wconf 83' lang='lat' dir='ltr'>ad</span> <span class='ocrx_word' id='word_1_176' title='bbox 318 809 539 841; x_wconf 79' lang='lat' dir='ltr'>reformandos</span> <span class='ocrx_word' id='word_1_177' title='bbox 572 815 683 841; x_wconf 83' lang='lat' dir='ltr'>motus</span> <span class='ocrx_word' id='word_1_178' title='bbox 714 819 883 864; x_wconf 76' lang='lat' dir='ltr'>corporum</span> <span class='ocrx_word' id='word_1_179' title='bbox 916 809 1106 842; x_wconf 81' lang='lat' dir='ltr'>coelestium</span> <span class='ocrx_word' id='word_1_180' title='bbox 1138 808 1363 850; x_wconf 86' lang='lat' dir='ltr'>adjumentum</span> <span class='ocrx_word' id='word_1_181' title='bbox 1395 807 1574 839; x_wconf 86' lang='lat' dir='ltr'>maximum</span> <span class='ocrx_word' id='word_1_182' title='bbox 1605 806 1672 838; x_wconf 87' lang='lat' dir='ltr'>sint</span> <span class='ocrx_word' id='word_1_183' title='bbox 1694 804 1849 841; x_wconf 84' lang='lat' dir='ltr'>habituri.</span> 
     </span>
     <span class='ocr_line' id='line_1_17' title="bbox 52 851 1847 899; baseline 0.001 -12"><span class='ocrx_word' id='word_1_184' title='bbox 52 854 131 888; x_wconf 80' lang='lat' dir='ltr'>Jam</span> <span class='ocrx_word' id='word_1_185' title='bbox 155 855 243 888; x_wconf 85' lang='lat' dir='ltr'>euim</span> <span class='ocrx_word' id='word_1_186' title='bbox 264 865 342 892; x_wconf 87' lang='lat' dir='ltr'>uon,</span> <span class='ocrx_word' id='word_1_187' title='bbox 367 859 406 888; x_wconf 92' lang='grc' dir='ltr'>ιιι</span> <span class='ocrx_word' id='word_1_188' title='bbox 429 860 530 889; x_wconf 84' lang='lat' dir='ltr'>antea</span> <span class='ocrx_word' id='word_1_189' title='bbox 547 856 768 894; x_wconf 83' lang='lat' dir='ltr'>Ptolemaeus,</span> <span class='ocrx_word' id='word_1_190' title='bbox 794 858 847 899; x_wconf 88' lang='lat' dir='ltr'>qui</span> <span class='ocrx_word' id='word_1_191' title='bbox 871 858 905 889; x_wconf 90' lang='lat' dir='ltr'>in</span> <span class='ocrx_word' id='word_1_192' title='bbox 929 856 1160 898; x_wconf 75' lang='lat' dir='ltr'>hypothesibus</span> <span class='ocrx_word' id='word_1_193' title='bbox 1185 855 1315 887; x_wconf 84' lang='lat' dir='ltr'>usitatis</span> <span class='ocrx_word' id='word_1_194' title='bbox 1338 854 1420 886; x_wconf 86' lang='lat' dir='ltr'>nihil</span> <span class='ocrx_word' id='word_1_195' title='bbox 1443 854 1511 886; x_wconf 89' lang='lat' dir='ltr'>tale</span> <span class='ocrx_word' id='word_1_196' title='bbox 1536 857 1706 895; x_wconf 84' lang='lat' dir='ltr'>praestare</span> <span class='ocrx_word' id='word_1_197' title='bbox 1728 851 1847 895; x_wconf 70' lang='lat' dir='ltr'>potuit,</span> 
     </span>
     <span class='ocr_line' id='line_1_18' title="bbox 55 897 1846 946; baseline -0.002 -12"><span class='ocrx_word' id='word_1_198' title='bbox 55 911 128 940; x_wconf 82' lang='lat' dir='ltr'>nec,</span> <span class='ocrx_word' id='word_1_199' title='bbox 153 906 192 934; x_wconf 88' lang='grc' dir='ltr'>ιιι</span> <span class='ocrx_word' id='word_1_200' title='bbox 208 897 417 944; x_wconf 53' lang='lat' dir='ltr'>Cop&#39;emici’i&amp;</span> <span class='ocrx_word' id='word_1_201' title='bbox 443 904 495 935; x_wconf 88' lang='lat' dir='ltr'>cui</span> <span class='ocrx_word' id='word_1_202' title='bbox 511 903 573 936; x_wconf 88' lang='lat' dir='ltr'>hoc</span> <span class='ocrx_word' id='word_1_203' title='bbox 589 914 654 936; x_wconf 91' lang='lat' dir='ltr'>non</span> <span class='ocrx_word' id='word_1_204' title='bbox 671 904 823 941; x_wconf 86' lang='lat' dir='ltr'>suboluit,</span> <span class='ocrx_word' id='word_1_205' title='bbox 848 904 957 937; x_wconf 75' lang='lat' dir='ltr'>facere</span> <span class='ocrx_word' id='word_1_206' title='bbox 983 903 1153 946; x_wconf 76' lang='lat' dir='ltr'>oportebit,</span> <span class='ocrx_word' id='word_1_207' title='bbox 1178 906 1215 935; x_wconf 90' lang='lat' dir='ltr'>ut</span> <span class='ocrx_word' id='word_1_208' title='bbox 1239 902 1450 944; x_wconf 69' lang='lat' dir='ltr'>sphaerarum</span> <span class='ocrx_word' id='word_1_209' title='bbox 1467 902 1684 933; x_wconf 85' lang='lat' dir='ltr'>dimensiones</span> <span class='ocrx_word' id='word_1_210' title='bbox 1701 908 1723 932; x_wconf 84' lang='lat' dir='ltr'>a</span> <span class='ocrx_word' id='word_1_211' title='bbox 1738 903 1846 942; x_wconf 89' lang='lat' dir='ltr'>poste-</span> 
     </span>
     <span class='ocr_line' id='line_1_19' title="bbox 55 945 1847 994; baseline -0.002 -12"><span class='ocrx_word' id='word_1_212' title='bbox 55 950 149 986; x_wconf 86' lang='lat' dir='ltr'>riori,</span> <span class='ocrx_word' id='word_1_213' title='bbox 180 949 244 982; x_wconf 87' lang='lat' dir='ltr'>hoc</span> <span class='ocrx_word' id='word_1_214' title='bbox 268 954 320 982; x_wconf 82' lang='lat' dir='ltr'>est</span> <span class='ocrx_word' id='word_1_215' title='bbox 342 960 383 983; x_wconf 82' lang='lat' dir='ltr'>ex</span> <span class='ocrx_word' id='word_1_216' title='bbox 406 951 684 984; x_wconf 79' lang='lat' dir='ltr'>observationibus</span> <span class='ocrx_word' id='word_1_217' title='bbox 710 950 862 994; x_wconf 82' lang='lat' dir='ltr'>(quarm</span> <span class='ocrx_word' id='word_1_218' title='bbox 885 952 1010 984; x_wconf 85' lang='lat' dir='ltr'>multae</span> <span class='ocrx_word' id='word_1_219' title='bbox 1034 952 1117 983; x_wconf 83' lang='lat' dir='ltr'>satis</span> <span class='ocrx_word' id='word_1_220' title='bbox 1147 959 1297 987; x_wconf 85' lang='lat' dir='ltr'>crassae,</span> <span class='ocrx_word' id='word_1_221' title='bbox 1331 959 1374 982; x_wconf 91' lang='lat' dir='ltr'>ne</span> <span class='ocrx_word' id='word_1_222' title='bbox 1404 949 1513 982; x_wconf 89' lang='lat' dir='ltr'>dicam</span> <span class='ocrx_word' id='word_1_223' title='bbox 1536 948 1657 982; x_wconf 84' lang='lat' dir='ltr'>dubiae</span> <span class='ocrx_word' id='word_1_224' title='bbox 1681 945 1774 987; x_wconf 86' lang='lat' dir='ltr'>sunt)</span> <span class='ocrx_word' id='word_1_225' title='bbox 1797 947 1847 979; x_wconf 92' lang='lat' dir='ltr'>in-</span> 
     </span>
     <span class='ocr_line' id='line_1_20' title="bbox 54 995 1906 1042; baseline -0.001 -13"><span class='ocrx_word' id='word_1_226' title='bbox 54 997 275 1040; x_wconf 60' lang='lat' dir='ltr'>maguum:</span> <span class='ocrx_word' id='word_1_227' title='bbox 299 998 459 1040; x_wconf 83' lang='lat' dir='ltr'>siquidem</span> <span class='ocrx_word' id='word_1_228' title='bbox 483 1007 544 1031; x_wconf 83' lang='lat' dir='ltr'>eae</span> <span class='ocrx_word' id='word_1_229' title='bbox 569 1009 592 1031; x_wconf 84' lang='lat' dir='ltr'>a</span> <span class='ocrx_word' id='word_1_230' title='bbox 615 1000 711 1041; x_wconf 78' lang='lat' dir='ltr'>priori</span> <span class='ocrx_word' id='word_1_231' title='bbox 736 1000 890 1042; x_wconf 75' lang='lat' dir='ltr'>cognitae</span> <span class='ocrx_word' id='word_1_232' title='bbox 912 999 1191 1031; x_wconf 71' lang='lat' dir='ltr'>observationibus</span> <span class='ocrx_word' id='word_1_233' title='bbox 1215 997 1472 1034; x_wconf 78' lang='lat' dir='ltr'>adhibebuntur,</span> <span class='ocrx_word' id='word_1_234' title='bbox 1496 996 1586 1037; x_wconf 80' lang='lat' dir='ltr'>unde</span> <span class='ocrx_word' id='word_1_235' title='bbox 1607 995 1753 1033; x_wconf 86' lang='lat' dir='ltr'>calculus</span> <span class='ocrx_word' id='word_1_236' title='bbox 1776 1004 1845 1027; x_wconf 87' lang='lat' dir='ltr'>ino-</span> <span class='ocrx_word' id='word_1_237' title='bbox 1903 1021 1906 1024; x_wconf 22' lang='grc' dir='ltr'><strong>Α</strong></span> 
     </span>
     <span class='ocr_line' id='line_1_21' title="bbox 55 1043 1847 1089; baseline -0.002 -10"><span class='ocrx_word' id='word_1_238' title='bbox 55 1048 165 1087; x_wconf 49' lang='lat' dir='ltr'>tupi-ri</span> <span class='ocrx_word' id='word_1_239' title='bbox 170 1044 273 1079; x_wconf 67' lang='lat' dir='ltr'>nulio</span> <span class='ocrx_word' id='word_1_240' title='bbox 290 1045 422 1081; x_wconf 64' lang='lat' dir='ltr'>felicius</span> <span class='ocrx_word' id='word_1_241' title='bbox 447 1050 622 1080; x_wconf 83' lang='lat' dir='ltr'>extruetur.</span> <span class='ocrx_word' id='word_1_242' title='bbox 669 1046 723 1079; x_wconf 91' lang='lat' dir='ltr'>De</span> <span class='ocrx_word' id='word_1_243' title='bbox 743 1047 893 1087; x_wconf 66' lang='lat' dir='ltr'>¹iucunda</span> <span class='ocrx_word' id='word_1_244' title='bbox 916 1051 950 1079; x_wconf 87' lang='lat' dir='ltr'>et</span> <span class='ocrx_word' id='word_1_245' title='bbox 979 1047 1169 1089; x_wconf 78' lang='lat' dir='ltr'>gratissima</span> <span class='ocrx_word' id='word_1_246' title='bbox 1199 1045 1441 1088; x_wconf 83' lang='lat' dir='ltr'>speculatione,</span> <span class='ocrx_word' id='word_1_247' title='bbox 1472 1053 1557 1086; x_wconf 84' lang='lat' dir='ltr'>quae</span> <span class='ocrx_word' id='word_1_248' title='bbox 1586 1043 1664 1076; x_wconf 87' lang='lat' dir='ltr'>inde</span> <span class='ocrx_word' id='word_1_249' title='bbox 1695 1043 1847 1079; x_wconf 87' lang='lat' dir='ltr'>oboritur,</span> 
     </span>
     <span class='ocr_line' id='line_1_22' title="bbox 55 1090 1847 1150; baseline -0.001 -26"><span class='ocrx_word' id='word_1_250' title='bbox 55 1090 102 1124; x_wconf 87' lang='lat' dir='ltr'>nil</span> <span class='ocrx_word' id='word_1_251' title='bbox 124 1091 179 1124; x_wconf 88' lang='lat' dir='ltr'>liic</span> <span class='ocrx_word' id='word_1_252' title='bbox 203 1091 377 1125; x_wconf 83' lang='lat' dir='ltr'>dicendum</span> <span class='ocrx_word' id='word_1_253' title='bbox 400 1097 489 1135; x_wconf 86' lang='lat' dir='ltr'>puto.</span> <span class='ocrx_word' id='word_1_254' title='bbox 527 1092 573 1126; x_wconf 81' lang='lat' dir='ltr'>&#39;Ut</span> <span class='ocrx_word' id='word_1_255' title='bbox 597 1097 708 1126; x_wconf 87' lang='lat' dir='ltr'>autem</span> <span class='ocrx_word' id='word_1_256' title='bbox 731 1104 800 1126; x_wconf 89' lang='lat' dir='ltr'>rem</span> <span class='ocrx_word' id='word_1_257' title='bbox 824 1095 928 1150; x_wconf 79' lang='lat' dir='ltr'>ipsam</span> <span class='ocrx_word' id='word_1_258' title='bbox 953 1093 1172 1135; x_wconf 79' lang='lat' dir='ltr'>maximopere</span> <span class='ocrx_word' id='word_1_259' title='bbox 1197 1091 1490 1125; x_wconf 79' lang='lat' dir='ltr'>commendandam</span> <span class='ocrx_word' id='word_1_260' title='bbox 1513 1094 1604 1133; x_wconf 83' lang='lat' dir='ltr'>puto,</span> <span class='ocrx_word' id='word_1_261' title='bbox 1629 1091 1679 1123; x_wconf 88' lang='lat' dir='ltr'>ita</span> <span class='ocrx_word' id='word_1_262' title='bbox 1701 1091 1736 1122; x_wconf 89' lang='lat' dir='ltr'>in</span> <span class='ocrx_word' id='word_1_263' title='bbox 1761 1094 1847 1122; x_wconf 87' lang='lat' dir='ltr'>trac-</span> 
     </span>
    </p>
   </div>
   <div class='ocr_carea' id='block_1_3' title="bbox 56 1136 1941 1182">
    <p class='ocr_par' dir='ltr' id='par_1_3' title="bbox 56 1136 1941 1182">
     <span class='ocr_line' id='line_1_23' title="bbox 56 1136 1941 1182; baseline -0.001 -11"><span class='ocrx_word' id='word_1_264' title='bbox 56 1138 182 1171; x_wconf 78' lang='lat' dir='ltr'>tatione</span> <span class='ocrx_word' id='word_1_265' title='bbox 205 1139 352 1172; x_wconf 85' lang='lat' dir='ltr'>nonnihil</span> <span class='ocrx_word' id='word_1_266' title='bbox 377 1139 544 1173; x_wconf 85' lang='lat' dir='ltr'>desidero:</span> <span class='ocrx_word' id='word_1_267' title='bbox 569 1140 721 1174; x_wconf 78' lang='lat' dir='ltr'>videlicet</span> <span class='ocrx_word' id='word_1_268' title='bbox 745 1144 815 1182; x_wconf 86' lang='lat' dir='ltr'>ejus</span> <span class='ocrx_word' id='word_1_269' title='bbox 838 1143 973 1174; x_wconf 83' lang='lat' dir='ltr'>nimiam</span> <span class='ocrx_word' id='word_1_270' title='bbox 997 1141 1229 1173; x_wconf 76' lang='lat' dir='ltr'>obscuritatem</span> <span class='ocrx_word' id='word_1_271' title='bbox 1253 1144 1287 1172; x_wconf 89' lang='lat' dir='ltr'>et</span> <span class='ocrx_word' id='word_1_272' title='bbox 1309 1139 1568 1182; x_wconf 73' lang='lat' dir='ltr'>perplexitatem.</span> <span class='ocrx_word' id='word_1_273' title='bbox 1619 1137 1757 1180; x_wconf 75' lang='lat' dir='ltr'>Scripsit</span> <span class='ocrx_word' id='word_1_274' title='bbox 1779 1136 1847 1169; x_wconf 91' lang='lat' dir='ltr'>Do·</span> <span class='ocrx_word' id='word_1_275' title='bbox 1876 1160 1881 1165; x_wconf 88' lang='lat'>.</span> <span class='ocrx_word' id='word_1_276' title='bbox 1920 1151 1941 1165; x_wconf 59' lang='grc' dir='ltr'>ιι</span> 
     </span>
    </p>
   </div>
   <div class='ocr_carea' id='block_1_4' title="bbox 2 1185 1852 2514">
    <p class='ocr_par' dir='ltr' id='par_1_4' title="bbox 55 1185 1852 1325">
     <span class='ocr_line' id='line_1_24' title="bbox 55 1185 1852 1231; baseline -0.002 -12"><span class='ocrx_word' id='word_1_277' title='bbox 55 1187 163 1219; x_wconf 66' lang='lat' dir='ltr'>nium</span> <span class='ocrx_word' id='word_1_278' title='bbox 177 1185 342 1227; x_wconf 79' lang='lat' dir='ltr'>Keplerus</span> <span class='ocrx_word' id='word_1_279' title='bbox 357 1186 444 1220; x_wconf 88' lang='lat' dir='ltr'>hunc</span> <span class='ocrx_word' id='word_1_280' title='bbox 459 1187 614 1224; x_wconf 88' lang='lat' dir='ltr'>libellum.</span> <span class='ocrx_word' id='word_1_281' title='bbox 639 1190 694 1231; x_wconf 88' lang='lat' dir='ltr'>qui</span> <span class='ocrx_word' id='word_1_282' title='bbox 709 1189 820 1221; x_wconf 88' lang='lat' dir='ltr'>multis</span> <span class='ocrx_word' id='word_1_283' title='bbox 836 1189 1114 1225; x_wconf 81' lang='lat' dir='ltr'>meditationibus,</span> <span class='ocrx_word' id='word_1_284' title='bbox 1139 1192 1177 1220; x_wconf 90' lang='lat' dir='ltr'>ut</span> <span class='ocrx_word' id='word_1_285' title='bbox 1200 1188 1248 1219; x_wconf 81' lang='lat' dir='ltr'>vir</span> <span class='ocrx_word' id='word_1_286' title='bbox 1270 1187 1476 1220; x_wconf 86' lang='lat' dir='ltr'>doctissimus</span> <span class='ocrx_word' id='word_1_287' title='bbox 1500 1190 1535 1218; x_wconf 88' lang='lat' dir='ltr'>et</span> <span class='ocrx_word' id='word_1_288' title='bbox 1557 1185 1852 1228; x_wconf 76' lang='lat' dir='ltr'>ingeniosissimus,</span> 
     </span>
     <span class='ocr_line' id='line_1_25' title="bbox 57 1232 1847 1278; baseline -0.001 -13"><span class='ocrx_word' id='word_1_289' title='bbox 57 1237 163 1266; x_wconf 77' lang='lat' dir='ltr'>totum</span> <span class='ocrx_word' id='word_1_290' title='bbox 186 1234 354 1276; x_wconf 76' lang='lat' dir='ltr'>negotium</span> <span class='ocrx_word' id='word_1_291' title='bbox 372 1235 434 1266; x_wconf 78' lang='lat' dir='ltr'>sibi</span> <span class='ocrx_word' id='word_1_292' title='bbox 450 1235 591 1268; x_wconf 84' lang='lat' dir='ltr'>reddidit</span> <span class='ocrx_word' id='word_1_293' title='bbox 606 1236 829 1268; x_wconf 82' lang='lat' dir='ltr'>notissimum·</span> <span class='ocrx_word' id='word_1_294' title='bbox 854 1238 930 1269; x_wconf 90' lang='lat' dir='ltr'>inde</span> <span class='ocrx_word' id='word_1_295' title='bbox 955 1246 995 1269; x_wconf 87' lang='lat' dir='ltr'>ex</span> <span class='ocrx_word' id='word_1_296' title='bbox 1018 1245 1077 1268; x_wconf 88' lang='lat' dir='ltr'>suo</span> <span class='ocrx_word' id='word_1_297' title='bbox 1100 1237 1233 1278; x_wconf 75' lang='lat' dir='ltr'>ingenio</span> <span class='ocrx_word' id='word_1_298' title='bbox 1257 1235 1298 1267; x_wconf 90' lang='lat' dir='ltr'>de</span> <span class='ocrx_word' id='word_1_299' title='bbox 1323 1234 1396 1267; x_wconf 87' lang='lat' dir='ltr'>aliis</span> <span class='ocrx_word' id='word_1_300' title='bbox 1417 1234 1547 1275; x_wconf 82' lang='lat' dir='ltr'>judicat</span> <span class='ocrx_word' id='word_1_301' title='bbox 1569 1233 1728 1270; x_wconf 89' lang='lat' dir='ltr'>similiter,</span> <span class='ocrx_word' id='word_1_302' title='bbox 1753 1232 1847 1274; x_wconf 80' lang='lat' dir='ltr'>quasi</span> 
     </span>
     <span class='ocr_line' id='line_1_26' title="bbox 55 1280 1846 1336; baseline -0.001 -24"><span class='ocrx_word' id='word_1_303' title='bbox 55 1281 211 1336; x_wconf 57' lang='lat' dir='ltr'>scriptun</span> <span class='ocrx_word' id='word_1_304' title='bbox 232 1280 295 1314; x_wconf 88' lang='lat' dir='ltr'>hoc</span> <span class='ocrx_word' id='word_1_305' title='bbox 318 1291 422 1317; x_wconf 74' lang='lat' dir='ltr'>mum.</span> <span class='ocrx_word' id='word_1_306' title='bbox 435 1282 634 1315; x_wconf 76' lang='lat' dir='ltr'>solummodo</span> <span class='ocrx_word' id='word_1_307' title='bbox 657 1285 692 1315; x_wconf 89' lang='lat' dir='ltr'>in</span> <span class='ocrx_word' id='word_1_308' title='bbox 717 1294 828 1316; x_wconf 89' lang='lat' dir='ltr'>eorum</span> <span class='ocrx_word' id='word_1_309' title='bbox 851 1294 969 1316; x_wconf 86' lang='lat' dir='ltr'>manus</span> <span class='ocrx_word' id='word_1_310' title='bbox 992 1288 1220 1325; x_wconf 78' lang='lat' dir='ltr'>perventurum</span> <span class='ocrx_word' id='word_1_311' title='bbox 1244 1283 1297 1322; x_wconf 86' lang='lat' dir='ltr'>sit,</span> <span class='ocrx_word' id='word_1_312' title='bbox 1323 1282 1438 1324; x_wconf 87' lang='lat' dir='ltr'>quibus</span> <span class='ocrx_word' id='word_1_313' title='bbox 1455 1291 1567 1314; x_wconf 87' lang='lat' dir='ltr'>omnes</span> <span class='ocrx_word' id='word_1_314' title='bbox 1592 1281 1695 1313; x_wconf 82' lang='lat' dir='ltr'>etiam</span> <span class='ocrx_word' id='word_1_315' title='bbox 1719 1280 1846 1312; x_wconf 85' lang='lat' dir='ltr'>abstru-</span> 
     </span>
    </p>

    <p class='ocr_par' dir='ltr' id='par_1_5' title="bbox 4 1327 1849 1562">
     <span class='ocr_line' id='line_1_27' title="bbox 4 1327 1846 1372; baseline -0.002 -9"><span class='ocrx_word' id='word_1_316' title='bbox 4 1360 7 1363; x_wconf 87' lang='lat'>.</span> <span class='ocrx_word' id='word_1_317' title='bbox 57 1327 205 1360; x_wconf 82' lang='lat' dir='ltr'>sissimae</span> <span class='ocrx_word' id='word_1_318' title='bbox 222 1327 392 1370; x_wconf 85' lang='lat' dir='ltr'>Copernici</span> <span class='ocrx_word' id='word_1_319' title='bbox 412 1329 705 1363; x_wconf 82' lang='lat' dir='ltr'>demonstrationes</span> <span class='ocrx_word' id='word_1_320' title='bbox 730 1332 919 1364; x_wconf 75' lang='lat' dir='ltr'>notissimae</span> <span class='ocrx_word' id='word_1_321' title='bbox 943 1332 1026 1363; x_wconf 85' lang='lat' dir='ltr'>sint:</span> <span class='ocrx_word' id='word_1_322' title='bbox 1053 1332 1145 1366; x_wconf 87' lang='lat' dir='ltr'>item,</span> <span class='ocrx_word' id='word_1_323' title='bbox 1169 1330 1283 1372; x_wconf 83' lang='lat' dir='ltr'>quibus</span> <span class='ocrx_word' id='word_1_324' title='bbox 1309 1339 1420 1361; x_wconf 89' lang='lat' dir='ltr'>omnes</span> <span class='ocrx_word' id='word_1_325' title='bbox 1446 1338 1613 1370; x_wconf 88' lang='lat' dir='ltr'>corporum</span> <span class='ocrx_word' id='word_1_326' title='bbox 1637 1327 1846 1371; x_wconf 75' lang='lat' dir='ltr'>regularium,</span> 
     </span>
     <span class='ocr_line' id='line_1_28' title="bbox 56 1373 1848 1420; baseline -0.001 -13"><span class='ocrx_word' id='word_1_327' title='bbox 56 1374 142 1412; x_wconf 82' lang='lat' dir='ltr'>cubi,</span> <span class='ocrx_word' id='word_1_328' title='bbox 166 1375 353 1416; x_wconf 82' lang='lat' dir='ltr'>pyramidis,</span> <span class='ocrx_word' id='word_1_329' title='bbox 379 1376 585 1416; x_wconf 74' lang='lat' dir='ltr'>dodecaedii,</span> <span class='ocrx_word' id='word_1_330' title='bbox 610 1379 783 1414; x_wconf 69' lang='lat' dir='ltr'>icosaedri,</span> <span class='ocrx_word' id='word_1_331' title='bbox 809 1384 843 1411; x_wconf 91' lang='lat' dir='ltr'>et</span> <span class='ocrx_word' id='word_1_332' title='bbox 859 1378 1006 1411; x_wconf 73' lang='lat' dir='ltr'>octaedri</span> <span class='ocrx_word' id='word_1_333' title='bbox 1021 1379 1238 1420; x_wconf 75' lang='lat' dir='ltr'>proprietates</span> <span class='ocrx_word' id='word_1_334' title='bbox 1255 1380 1290 1409; x_wconf 91' lang='lat' dir='ltr'>et</span> <span class='ocrx_word' id='word_1_335' title='bbox 1313 1377 1532 1409; x_wconf 83' lang='lat' dir='ltr'>dimensiones</span> <span class='ocrx_word' id='word_1_336' title='bbox 1557 1386 1597 1408; x_wconf 91' lang='lat' dir='ltr'>ex</span> <span class='ocrx_word' id='word_1_337' title='bbox 1620 1373 1848 1417; x_wconf 83' lang='lat' dir='ltr'>posterioribus</span> 
     </span>
     <span class='ocr_line' id='line_1_29' title="bbox 54 1421 1846 1468; baseline -0.002 -12"><span class='ocrx_word' id='word_1_338' title='bbox 54 1421 200 1456; x_wconf 69' lang='lat' dir='ltr'>Duclidis</span> <span class='ocrx_word' id='word_1_339' title='bbox 214 1421 304 1455; x_wconf 84' lang='lat' dir='ltr'>libris</span> <span class='ocrx_word' id='word_1_340' title='bbox 319 1425 387 1455; x_wconf 82' lang='lat' dir='ltr'>sint</span> <span class='ocrx_word' id='word_1_341' title='bbox 401 1426 703 1466; x_wconf 56' lang='lat' dir='ltr'>perspectissimum</span> <span class='ocrx_word' id='word_1_342' title='bbox 727 1426 865 1467; x_wconf 88' lang='lat' dir='ltr'>ideoque</span> <span class='ocrx_word' id='word_1_343' title='bbox 882 1425 1054 1468; x_wconf 83' lang='lat' dir='ltr'>Copernici</span> <span class='ocrx_word' id='word_1_344' title='bbox 1070 1426 1269 1457; x_wconf 82' lang='lat' dir='ltr'>sententiam</span> <span class='ocrx_word' id='word_1_345' title='bbox 1286 1425 1327 1457; x_wconf 88' lang='lat' dir='ltr'>de</span> <span class='ocrx_word' id='word_1_346' title='bbox 1343 1424 1456 1456; x_wconf 84' lang='lat' dir='ltr'>ordine</span> <span class='ocrx_word' id='word_1_347' title='bbox 1472 1423 1695 1465; x_wconf 80' lang='lat' dir='ltr'>sphaerarum,</span> <span class='ocrx_word' id='word_1_348' title='bbox 1718 1431 1846 1454; x_wconf 85' lang='lat' dir='ltr'>earum-</span> 
     </span>
     <span class='ocr_line' id='line_1_30' title="bbox 55 1464 1849 1528; baseline -0.002 -25"><span class='ocrx_word' id='word_1_349' title='bbox 55 1479 119 1512; x_wconf 69' lang='lat' dir='ltr'>que</span> <span class='ocrx_word' id='word_1_350' title='bbox 142 1469 380 1508; x_wconf 54' lang='lat' dir='ltr'>dimotionem</span> <span class='ocrx_word' id='word_1_351' title='bbox 405 1472 483 1503; x_wconf 86' lang='lat' dir='ltr'>item</span> <span class='ocrx_word' id='word_1_352' title='bbox 508 1472 549 1504; x_wconf 91' lang='lat' dir='ltr'>de</span> <span class='ocrx_word' id='word_1_353' title='bbox 574 1473 757 1514; x_wconf 74' lang='lat' dir='ltr'>corporibus</span> <span class='ocrx_word' id='word_1_354' title='bbox 781 1474 983 1528; x_wconf 72' lang='lat' dir='ltr'>regularibus</span> <span class='ocrx_word' id='word_1_355' title='bbox 1008 1473 1282 1515; x_wconf 82' lang='lat' dir='ltr'>disquisitionem,</span> <span class='ocrx_word' id='word_1_356' title='bbox 1317 1471 1406 1504; x_wconf 83' lang='lat' dir='ltr'>velut</span> <span class='ocrx_word' id='word_1_357' title='bbox 1427 1481 1481 1503; x_wconf 87' lang='lat' dir='ltr'>res</span> <span class='ocrx_word' id='word_1_358' title='bbox 1505 1471 1653 1503; x_wconf 88' lang='lat' dir='ltr'>omnibus</span> <span class='ocrx_word' id='word_1_359' title='bbox 1678 1464 1789 1502; x_wconf 76' lang='lat' dir='ltr'>obvias</span> <span class='ocrx_word' id='word_1_360' title='bbox 1813 1471 1849 1500; x_wconf 89' lang='lat' dir='ltr'>et</span> 
     </span>
     <span class='ocr_line' id='line_1_31' title="bbox 53 1516 1844 1563; baseline 0 -14"><span class='ocrx_word' id='word_1_361' title='bbox 53 1520 162 1554; x_wconf 81' lang='lat' dir='ltr'>notas,</span> <span class='ocrx_word' id='word_1_362' title='bbox 187 1517 238 1549; x_wconf 78' lang='lat' dir='ltr'>vol</span> <span class='ocrx_word' id='word_1_363' title='bbox 262 1518 402 1556; x_wconf 76' lang='lat' dir='ltr'>ornittit,</span> <span class='ocrx_word' id='word_1_364' title='bbox 428 1518 477 1550; x_wconf 76' lang='lat' dir='ltr'>vel</span> <span class='ocrx_word' id='word_1_365' title='bbox 502 1521 598 1551; x_wconf 87' lang='lat' dir='ltr'>nimis</span> <span class='ocrx_word' id='word_1_366' title='bbox 623 1522 752 1552; x_wconf 86' lang='lat' dir='ltr'>concise</span> <span class='ocrx_word' id='word_1_367' title='bbox 776 1522 877 1562; x_wconf 82' lang='lat' dir='ltr'>ponit.</span> <span class='ocrx_word' id='word_1_368' title='bbox 927 1520 1052 1554; x_wconf 86' lang='lat' dir='ltr'>Verum</span> <span class='ocrx_word' id='word_1_369' title='bbox 1074 1530 1126 1552; x_wconf 89' lang='lat' dir='ltr'>res</span> <span class='ocrx_word' id='word_1_370' title='bbox 1150 1520 1263 1563; x_wconf 79' lang='lat' dir='ltr'>longe</span> <span class='ocrx_word' id='word_1_371' title='bbox 1273 1519 1369 1552; x_wconf 87' lang='lat' dir='ltr'>aliter</span> <span class='ocrx_word' id='word_1_372' title='bbox 1390 1518 1502 1551; x_wconf 80' lang='lat' dir='ltr'>habet.</span> <span class='ocrx_word' id='word_1_373' title='bbox 1551 1517 1641 1550; x_wconf 83' lang='lat' dir='ltr'>Nam</span> <span class='ocrx_word' id='word_1_374' title='bbox 1663 1517 1719 1559; x_wconf 82' lang='lat' dir='ltr'>qui</span> <span class='ocrx_word' id='word_1_375' title='bbox 1743 1516 1844 1558; x_wconf 82' lang='lat' dir='ltr'>scrip-</span> 
     </span>
    </p>

    <p class='ocr_par' dir='ltr' id='par_1_6' title="bbox 3 1563 1850 1799">
     <span class='ocr_line' id='line_1_32' title="bbox 3 1563 1848 1615; baseline 0.001 -19"><span class='ocrx_word' id='word_1_376' title='bbox 3 1580 6 1582; x_wconf 43' lang='lat'>*</span> <span class='ocrx_word' id='word_1_377' title='bbox 54 1568 124 1596; x_wconf 81' lang='lat' dir='ltr'>tuin</span> <span class='ocrx_word' id='word_1_378' title='bbox 147 1563 209 1597; x_wconf 85' lang='lat' dir='ltr'>hoc</span> <span class='ocrx_word' id='word_1_379' title='bbox 232 1564 349 1598; x_wconf 83' lang='lat' dir='ltr'>lecturi</span> <span class='ocrx_word' id='word_1_380' title='bbox 372 1569 466 1602; x_wconf 84' lang='lat' dir='ltr'>sunt,</span> <span class='ocrx_word' id='word_1_381' title='bbox 502 1571 540 1599; x_wconf 84' lang='lat' dir='ltr'>ut</span> <span class='ocrx_word' id='word_1_382' title='bbox 563 1577 635 1600; x_wconf 87' lang='lat' dir='ltr'>sese</span> <span class='ocrx_word' id='word_1_383' title='bbox 660 1568 805 1600; x_wconf 80' lang='lat' dir='ltr'>novitate</span> <span class='ocrx_word' id='word_1_384' title='bbox 830 1568 1011 1615; x_wconf 83' lang='lat' dir='ltr'>oblectent,</span> <span class='ocrx_word' id='word_1_385' title='bbox 1037 1578 1147 1600; x_wconf 89' lang='lat' dir='ltr'>eorum</span> <span class='ocrx_word' id='word_1_386' title='bbox 1172 1577 1238 1599; x_wconf 88' lang='lat' dir='ltr'>non</span> <span class='ocrx_word' id='word_1_387' title='bbox 1261 1567 1361 1608; x_wconf 86' lang='lat' dir='ltr'>pauci</span> <span class='ocrx_word' id='word_1_388' title='bbox 1386 1566 1458 1598; x_wconf 87' lang='lat' dir='ltr'>aliis</span> <span class='ocrx_word' id='word_1_389' title='bbox 1482 1565 1619 1602; x_wconf 83' lang='lat' dir='ltr'>studiis,</span> <span class='ocrx_word' id='word_1_390' title='bbox 1655 1569 1715 1597; x_wconf 86' lang='lat' dir='ltr'>aut</span> <span class='ocrx_word' id='word_1_391' title='bbox 1738 1563 1848 1597; x_wconf 81' lang='lat' dir='ltr'>arduis</span> 
     </span>
     <span class='ocr_line' id='line_1_33' title="bbox 57 1611 1850 1657; baseline 0 -13"><span class='ocrx_word' id='word_1_392' title='bbox 57 1611 197 1654; x_wconf 76' lang='lat' dir='ltr'>negotiis</span> <span class='ocrx_word' id='word_1_393' title='bbox 221 1611 333 1650; x_wconf 75' lang='lat' dir='ltr'>dediti,</span> <span class='ocrx_word' id='word_1_394' title='bbox 357 1617 486 1645; x_wconf 84' lang='lat' dir='ltr'>tantum</span> <span class='ocrx_word' id='word_1_395' title='bbox 512 1615 569 1646; x_wconf 90' lang='lat' dir='ltr'>otii</span> <span class='ocrx_word' id='word_1_396' title='bbox 593 1615 653 1647; x_wconf 86' lang='lat' dir='ltr'>sibi</span> <span class='ocrx_word' id='word_1_397' title='bbox 677 1625 804 1647; x_wconf 86' lang='lat' dir='ltr'>sumere</span> <span class='ocrx_word' id='word_1_398' title='bbox 828 1611 894 1648; x_wconf 83' lang='lat' dir='ltr'>noii</span> <span class='ocrx_word' id='word_1_399' title='bbox 917 1620 1072 1657; x_wconf 85' lang='lat' dir='ltr'>possunt,</span> <span class='ocrx_word' id='word_1_400' title='bbox 1097 1619 1156 1652; x_wconf 87' lang='grc' dir='ltr'>ιιι,</span> <span class='ocrx_word' id='word_1_401' title='bbox 1182 1615 1244 1647; x_wconf 87' lang='lat' dir='ltr'>etsi</span> <span class='ocrx_word' id='word_1_402' title='bbox 1269 1619 1304 1646; x_wconf 87' lang='lat' dir='ltr'>et</span> <span class='ocrx_word' id='word_1_403' title='bbox 1328 1613 1524 1655; x_wconf 88' lang='lat' dir='ltr'>Copernicus</span> <span class='ocrx_word' id='word_1_404' title='bbox 1549 1616 1583 1645; x_wconf 88' lang='lat' dir='ltr'>et</span> <span class='ocrx_word' id='word_1_405' title='bbox 1606 1612 1758 1645; x_wconf 81' lang='lat' dir='ltr'>Euclides</span> <span class='ocrx_word' id='word_1_406' title='bbox 1782 1611 1850 1643; x_wconf 79' lang='lat' dir='ltr'>sint</span> 
     </span>
     <span class='ocr_line' id='line_1_34' title="bbox 56 1658 1846 1703; baseline 0 -13"><span class='ocrx_word' id='word_1_407' title='bbox 56 1658 100 1691; x_wconf 80' lang='lat' dir='ltr'>ad</span> <span class='ocrx_word' id='word_1_408' title='bbox 122 1667 251 1696; x_wconf 70' lang='lat' dir='ltr'>nauus,</span> <span class='ocrx_word' id='word_1_409' title='bbox 276 1668 329 1699; x_wconf 86' lang='lat' dir='ltr'>ea,</span> <span class='ocrx_word' id='word_1_410' title='bbox 354 1670 439 1702; x_wconf 87' lang='lat' dir='ltr'>qnae</span> <span class='ocrx_word' id='word_1_411' title='bbox 463 1661 540 1693; x_wconf 87' lang='lat' dir='ltr'>inde</span> <span class='ocrx_word' id='word_1_412' title='bbox 563 1664 729 1703; x_wconf 82' lang='lat' dir='ltr'>praescita</span> <span class='ocrx_word' id='word_1_413' title='bbox 751 1663 941 1695; x_wconf 84' lang='lat' dir='ltr'>necessaria</span> <span class='ocrx_word' id='word_1_414' title='bbox 964 1667 1060 1699; x_wconf 89' lang='lat' dir='ltr'>sunt,</span> <span class='ocrx_word' id='word_1_415' title='bbox 1086 1662 1128 1695; x_wconf 86' lang='lat' dir='ltr'>ad</span> <span class='ocrx_word' id='word_1_416' title='bbox 1153 1661 1289 1694; x_wconf 89' lang='lat' dir='ltr'>solidum</span> <span class='ocrx_word' id='word_1_417' title='bbox 1314 1661 1474 1702; x_wconf 85' lang='lat' dir='ltr'>inquirere</span> <span class='ocrx_word' id='word_1_418' title='bbox 1497 1661 1606 1692; x_wconf 80' lang='lat' dir='ltr'>s&#39;ciant</span> <span class='ocrx_word' id='word_1_419' title='bbox 1630 1663 1690 1692; x_wconf 84' lang='lat' dir='ltr'>ant</span> <span class='ocrx_word' id='word_1_420' title='bbox 1711 1659 1846 1702; x_wconf 82' lang='lat' dir='ltr'>possint.</span> 
     </span>
     <span class='ocr_line' id='line_1_35' title="bbox 56 1704 1848 1763; baseline 0 -25"><span class='ocrx_word' id='word_1_421' title='bbox 56 1704 146 1745; x_wconf 75' lang='lat' dir='ltr'>Quin</span> <span class='ocrx_word' id='word_1_422' title='bbox 169 1707 271 1738; x_wconf 85' lang='lat' dir='ltr'>etiam</span> <span class='ocrx_word' id='word_1_423' title='bbox 292 1708 337 1744; x_wconf 88' lang='lat' dir='ltr'>ii,</span> <span class='ocrx_word' id='word_1_424' title='bbox 360 1709 416 1749; x_wconf 91' lang='lat' dir='ltr'>qui</span> <span class='ocrx_word' id='word_1_425' title='bbox 441 1707 610 1763; x_wconf 86' lang='lat' dir='ltr'>Coperriici</span> <span class='ocrx_word' id='word_1_426' title='bbox 634 1711 757 1751; x_wconf 86' lang='lat' dir='ltr'>scripta</span> <span class='ocrx_word' id='word_1_427' title='bbox 780 1715 862 1742; x_wconf 85' lang='lat' dir='ltr'>nota</span> <span class='ocrx_word' id='word_1_428' title='bbox 883 1711 1026 1748; x_wconf 81' lang='lat' dir='ltr'>habent,</span> <span class='ocrx_word' id='word_1_429' title='bbox 1052 1714 1086 1742; x_wconf 89' lang='lat' dir='ltr'>et</span> <span class='ocrx_word' id='word_1_430' title='bbox 1109 1710 1163 1752; x_wconf 87' lang='lat' dir='ltr'>qui</span> <span class='ocrx_word' id='word_1_431' title='bbox 1187 1711 1221 1741; x_wconf 88' lang='lat' dir='ltr'>in</span> <span class='ocrx_word' id='word_1_432' title='bbox 1246 1709 1410 1741; x_wconf 87' lang='lat' dir='ltr'>Euclideis</span> <span class='ocrx_word' id='word_1_433' title='bbox 1434 1707 1705 1750; x_wconf 81' lang='lat' dir='ltr'>propositionibus</span> <span class='ocrx_word' id='word_1_434' title='bbox 1728 1707 1848 1740; x_wconf 81' lang='lat' dir='ltr'>versati</span> 
     </span>
     <span class='ocr_line' id='line_1_36' title="bbox 53 1756 1345 1799; baseline 0.002 -13"><span class='ocrx_word' id='word_1_435' title='bbox 53 1757 143 1795; x_wconf 70' lang='lat' dir='ltr'>sunt,</span> <span class='ocrx_word' id='word_1_436' title='bbox 166 1763 233 1787; x_wconf 84' lang='lat' dir='ltr'>riou</span> <span class='ocrx_word' id='word_1_437' title='bbox 255 1758 370 1787; x_wconf 88' lang='lat' dir='ltr'>tamen</span> <span class='ocrx_word' id='word_1_438' title='bbox 391 1765 467 1787; x_wconf 85' lang='lat' dir='ltr'>mox</span> <span class='ocrx_word' id='word_1_439' title='bbox 490 1757 524 1787; x_wconf 88' lang='grc' dir='ltr'>ιιι</span> <span class='ocrx_word' id='word_1_440' title='bbox 547 1762 676 1798; x_wconf 87' lang='lat' dir='ltr'>promtu</span> <span class='ocrx_word' id='word_1_441' title='bbox 699 1757 823 1789; x_wconf 85' lang='lat' dir='ltr'>habent</span> <span class='ocrx_word' id='word_1_442' title='bbox 848 1767 899 1797; x_wconf 86' lang='lat' dir='ltr'>ea,</span> <span class='ocrx_word' id='word_1_443' title='bbox 926 1758 970 1790; x_wconf 82' lang='lat' dir='ltr'>ad</span> <span class='ocrx_word' id='word_1_444' title='bbox 994 1767 1078 1799; x_wconf 85' lang='lat' dir='ltr'>quae</span> <span class='ocrx_word' id='word_1_445' title='bbox 1102 1757 1156 1789; x_wconf 88' lang='lat' dir='ltr'>hie</span> <span class='ocrx_word' id='word_1_446' title='bbox 1180 1756 1345 1788; x_wconf 86' lang='lat' dir='ltr'>alluditur.</span> 
     </span>
    </p>

    <p class='ocr_par' dir='ltr' id='par_1_7' title="bbox 53 1798 1848 2318">
     <span class='ocr_line' id='line_1_37' title="bbox 90 1798 1848 1846; baseline 0 -13"><span class='ocrx_word' id='word_1_447' title='bbox 90 1804 103 1818; x_wconf 74' lang='grc'>’·</span> <span class='ocrx_word' id='word_1_448' title='bbox 149 1799 260 1840; x_wconf 81' lang='lat' dir='ltr'>Quare</span> <span class='ocrx_word' id='word_1_449' title='bbox 284 1803 355 1834; x_wconf 85' lang='lat' dir='ltr'>sine</span> <span class='ocrx_word' id='word_1_450' title='bbox 378 1802 486 1835; x_wconf 80' lang='lat' dir='ltr'>fructu</span> <span class='ocrx_word' id='word_1_451' title='bbox 508 1803 570 1836; x_wconf 89' lang='lat' dir='ltr'>lioc</span> <span class='ocrx_word' id='word_1_452' title='bbox 594 1806 748 1846; x_wconf 87' lang='lat' dir='ltr'>scriptum</span> <span class='ocrx_word' id='word_1_453' title='bbox 774 1804 818 1837; x_wconf 87' lang='lat' dir='ltr'>ad</span> <span class='ocrx_word' id='word_1_454' title='bbox 840 1805 970 1842; x_wconf 86' lang='lat' dir='ltr'>multos,</span> <span class='ocrx_word' id='word_1_455' title='bbox 994 1805 1073 1837; x_wconf 90' lang='lat' dir='ltr'>licet</span> <span class='ocrx_word' id='word_1_456' title='bbox 1088 1804 1328 1836; x_wconf 82' lang='lat' dir='ltr'>mathematum</span> <span class='ocrx_word' id='word_1_457' title='bbox 1345 1803 1559 1835; x_wconf 84' lang='lat' dir='ltr'>amantissimi</span> <span class='ocrx_word' id='word_1_458' title='bbox 1585 1802 1651 1833; x_wconf 89' lang='lat' dir='ltr'>siut</span> <span class='ocrx_word' id='word_1_459' title='bbox 1675 1798 1733 1843; x_wconf 89' lang='lat' dir='ltr'>(de</span> <span class='ocrx_word' id='word_1_460' title='bbox 1757 1801 1848 1833; x_wconf 80' lang='lat' dir='ltr'>zoilis</span> 
     </span>
     <span class='ocr_line' id='line_1_38' title="bbox 54 1845 1848 1894; baseline 0.002 -15"><span class='ocrx_word' id='word_1_461' title='bbox 54 1856 120 1879; x_wconf 83' lang='lat' dir='ltr'>non</span> <span class='ocrx_word' id='word_1_462' title='bbox 142 1845 287 1890; x_wconf 86' lang='lat' dir='ltr'>loquor),</span> <span class='ocrx_word' id='word_1_463' title='bbox 311 1851 488 1891; x_wconf 78' lang='lat' dir='ltr'>perveniet.</span> <span class='ocrx_word' id='word_1_464' title='bbox 537 1851 694 1883; x_wconf 85' lang='lat' dir='ltr'>Existimo</span> <span class='ocrx_word' id='word_1_465' title='bbox 718 1853 837 1894; x_wconf 84' lang='lat' dir='ltr'>igitur,</span> <span class='ocrx_word' id='word_1_466' title='bbox 862 1853 890 1884; x_wconf 83' lang='lat' dir='ltr'>si</span> <span class='ocrx_word' id='word_1_467' title='bbox 914 1851 958 1884; x_wconf 90' lang='lat' dir='ltr'>I).</span> <span class='ocrx_word' id='word_1_468' title='bbox 983 1852 1167 1894; x_wconf 84' lang='lat' dir='ltr'>Kepplerus</span> <span class='ocrx_word' id='word_1_469' title='bbox 1190 1855 1382 1888; x_wconf 83' lang='lat' dir='ltr'>moneatur,</span> <span class='ocrx_word' id='word_1_470' title='bbox 1415 1854 1453 1882; x_wconf 89' lang='grc' dir='ltr'>ιιι</span> <span class='ocrx_word' id='word_1_471' title='bbox 1475 1850 1538 1882; x_wconf 88' lang='lat' dir='ltr'>hoc</span> <span class='ocrx_word' id='word_1_472' title='bbox 1563 1859 1657 1881; x_wconf 89' lang='lat' dir='ltr'>suuni</span> <span class='ocrx_word' id='word_1_473' title='bbox 1681 1848 1848 1882; x_wconf 85' lang='lat' dir='ltr'>laudabile</span> 
     </span>
     <span class='ocr_line' id='line_1_39' title="bbox 55 1894 1847 1946; baseline 0.001 -20"><span class='ocrx_word' id='word_1_474' title='bbox 55 1898 91 1926; x_wconf 81' lang='lat' dir='ltr'>et</span> <span class='ocrx_word' id='word_1_475' title='bbox 113 1894 219 1928; x_wconf 87' lang='lat' dir='ltr'>nobile</span> <span class='ocrx_word' id='word_1_476' title='bbox 242 1896 410 1929; x_wconf 80' lang='lat' dir='ltr'>inventum</span> <span class='ocrx_word' id='word_1_477' title='bbox 433 1898 532 1938; x_wconf 83' lang='lat' dir='ltr'>paulo</span> <span class='ocrx_word' id='word_1_478' title='bbox 555 1898 727 1931; x_wconf 79' lang='lat' dir='ltr'>dilucidius</span> <span class='ocrx_word' id='word_1_479' title='bbox 753 1904 787 1931; x_wconf 88' lang='lat' dir='ltr'>et</span> <span class='ocrx_word' id='word_1_480' title='bbox 809 1900 995 1946; x_wconf 83' lang='lat' dir='ltr'>popularius</span> <span class='ocrx_word' id='word_1_481' title='bbox 1019 1903 1190 1941; x_wconf 82' lang='lat' dir='ltr'>proponat,</span> <span class='ocrx_word' id='word_1_482' title='bbox 1215 1898 1302 1940; x_wconf 89' lang='lat' dir='ltr'>quod</span> <span class='ocrx_word' id='word_1_483' title='bbox 1324 1898 1435 1931; x_wconf 77' lang='lat' dir='ltr'>forsan</span> <span class='ocrx_word' id='word_1_484' title='bbox 1459 1897 1530 1930; x_wconf 82' lang='lat' dir='ltr'>sieri</span> <span class='ocrx_word' id='word_1_485' title='bbox 1554 1900 1676 1938; x_wconf 82' lang='lat' dir='ltr'>posset,</span> <span class='ocrx_word' id='word_1_486' title='bbox 1701 1897 1730 1928; x_wconf 89' lang='lat' dir='ltr'>si</span> <span class='ocrx_word' id='word_1_487' title='bbox 1753 1906 1847 1938; x_wconf 82' lang='lat' dir='ltr'>prae-</span> 
     </span>
     <span class='ocr_line' id='line_1_40' title="bbox 54 1940 1848 1990; baseline 0.001 -16"><span class='ocrx_word' id='word_1_488' title='bbox 54 1942 200 1975; x_wconf 79' lang='lat' dir='ltr'>iiiitteret</span> <span class='ocrx_word' id='word_1_489' title='bbox 222 1941 396 1986; x_wconf 82' lang='lat' dir='ltr'>(scriptum</span> <span class='ocrx_word' id='word_1_490' title='bbox 420 1946 507 1977; x_wconf 86' lang='lat' dir='ltr'>enim</span> <span class='ocrx_word' id='word_1_491' title='bbox 530 1947 634 1987; x_wconf 90' lang='lat' dir='ltr'>ipsum</span> <span class='ocrx_word' id='word_1_492' title='bbox 659 1951 709 1978; x_wconf 85' lang='lat' dir='ltr'>est</span> <span class='ocrx_word' id='word_1_493' title='bbox 732 1940 941 1990; x_wconf 73' lang='grc' dir='ltr'><strong><em>ἆκεφαλόν)</em></strong></span> <span class='ocrx_word' id='word_1_494' title='bbox 973 1948 1136 1979; x_wconf 78' lang='lat' dir='ltr'>narrative</span> <span class='ocrx_word' id='word_1_495' title='bbox 1162 1947 1395 1987; x_wconf 86' lang='lat' dir='ltr'>expositionem</span> <span class='ocrx_word' id='word_1_496' title='bbox 1418 1945 1598 1986; x_wconf 83' lang='lat' dir='ltr'>planiorem</span> <span class='ocrx_word' id='word_1_497' title='bbox 1621 1943 1848 1985; x_wconf 82' lang='lat' dir='ltr'>hypothesium</span> 
     </span>
     <span class='ocr_line' id='line_1_41' title="bbox 57 1987 1847 2035; baseline 0.002 -15"><span class='ocrx_word' id='word_1_498' title='bbox 57 1987 247 2030; x_wconf 83' lang='lat' dir='ltr'>Copernici:</span> <span class='ocrx_word' id='word_1_499' title='bbox 272 1991 300 2022; x_wconf 88' lang='lat' dir='ltr'>si</span> <span class='ocrx_word' id='word_1_500' title='bbox 323 1992 442 2024; x_wconf 80' lang='lat' dir='ltr'>recitet</span> <span class='ocrx_word' id='word_1_501' title='bbox 465 1992 677 2033; x_wconf 78' lang='lat' dir='ltr'>sphaerarum</span> <span class='ocrx_word' id='word_1_502' title='bbox 701 1994 846 2026; x_wconf 88' lang='lat' dir='ltr'>ordinem</span> <span class='ocrx_word' id='word_1_503' title='bbox 871 1999 904 2026; x_wconf 85' lang='lat' dir='ltr'>et</span> <span class='ocrx_word' id='word_1_504' title='bbox 929 1994 1183 2030; x_wconf 84' lang='lat' dir='ltr'>dimensionem,</span> <span class='ocrx_word' id='word_1_505' title='bbox 1209 1998 1306 2035; x_wconf 80' lang='lat' dir='ltr'>atque</span> <span class='ocrx_word' id='word_1_506' title='bbox 1330 1993 1455 2025; x_wconf 83' lang='lat' dir='ltr'>indicet</span> <span class='ocrx_word' id='word_1_507' title='bbox 1476 1992 1570 2029; x_wconf 83' lang='lat' dir='ltr'>loca,</span> <span class='ocrx_word' id='word_1_508' title='bbox 1595 1992 1710 2034; x_wconf 84' lang='lat' dir='ltr'>quibus</span> <span class='ocrx_word' id='word_1_509' title='bbox 1734 2000 1847 2023; x_wconf 87' lang='lat' dir='ltr'>earum</span> 
     </span>
     <span class='ocr_line' id='line_1_42' title="bbox 54 2036 1846 2082; baseline 0.001 -14"><span class='ocrx_word' id='word_1_510' title='bbox 54 2036 210 2069; x_wconf 62' lang='lat' dir='ltr'>dimensio</span> <span class='ocrx_word' id='word_1_511' title='bbox 235 2046 257 2070; x_wconf 84' lang='lat' dir='ltr'>a</span> <span class='ocrx_word' id='word_1_512' title='bbox 281 2037 460 2080; x_wconf 80' lang='lat' dir='ltr'>copemico</span> <span class='ocrx_word' id='word_1_513' title='bbox 484 2041 642 2077; x_wconf 80' lang='lat' dir='ltr'>traditur,</span> <span class='ocrx_word' id='word_1_514' title='bbox 675 2041 819 2073; x_wconf 87' lang='lat' dir='ltr'>adhibito</span> <span class='ocrx_word' id='word_1_515' title='bbox 844 2042 939 2073; x_wconf 88' lang='lat' dir='ltr'>simul</span> <span class='ocrx_word' id='word_1_516' title='bbox 963 2042 1131 2073; x_wconf 83' lang='lat' dir='ltr'>schemate</span> <span class='ocrx_word' id='word_1_517' title='bbox 1157 2045 1190 2073; x_wconf 88' lang='lat' dir='ltr'>et</span> <span class='ocrx_word' id='word_1_518' title='bbox 1213 2041 1375 2077; x_wconf 82' lang='lat' dir='ltr'>numeris;</span> <span class='ocrx_word' id='word_1_519' title='bbox 1407 2041 1485 2082; x_wconf 86' lang='lat' dir='ltr'>quia</span> <span class='ocrx_word' id='word_1_520' title='bbox 1508 2041 1578 2071; x_wconf 90' lang='lat' dir='ltr'>sine</span> <span class='ocrx_word' id='word_1_521' title='bbox 1602 2039 1771 2071; x_wconf 87' lang='lat' dir='ltr'>schemate</span> <span class='ocrx_word' id='word_1_522' title='bbox 1794 2048 1846 2070; x_wconf 88' lang='lat' dir='ltr'>res</span> 
     </span>
     <span class='ocr_line' id='line_1_43' title="bbox 53 2083 1844 2138; baseline 0.001 -22"><span class='ocrx_word' id='word_1_523' title='bbox 53 2083 198 2138; x_wconf 68' lang='lat' dir='ltr'>profecto</span> <span class='ocrx_word' id='word_1_524' title='bbox 214 2085 444 2118; x_wconf 79' lang='lat' dir='ltr'>obscurissima</span> <span class='ocrx_word' id='word_1_525' title='bbox 460 2091 528 2123; x_wconf 79' lang='lat' dir='ltr'>est3</span> <span class='ocrx_word' id='word_1_526' title='bbox 554 2092 664 2129; x_wconf 88' lang='lat' dir='ltr'>posset</span> <span class='ocrx_word' id='word_1_527' title='bbox 687 2093 798 2121; x_wconf 83' lang='lat' dir='ltr'>autem</span> <span class='ocrx_word' id='word_1_528' title='bbox 822 2090 957 2122; x_wconf 83' lang='lat' dir='ltr'>schema</span> <span class='ocrx_word' id='word_1_529' title='bbox 978 2089 1042 2121; x_wconf 80' lang='lat' dir='ltr'>vile</span> <span class='ocrx_word' id='word_1_530' title='bbox 1067 2093 1101 2121; x_wconf 89' lang='lat' dir='ltr'>et</span> <span class='ocrx_word' id='word_1_531' title='bbox 1110 2088 1350 2138; x_wconf 80' lang='lat' dir='ltr'>qualecunque</span> <span class='ocrx_word' id='word_1_532' title='bbox 1373 2088 1456 2124; x_wconf 84' lang='lat' dir='ltr'>fieri,</span> <span class='ocrx_word' id='word_1_533' title='bbox 1478 2087 1576 2130; x_wconf 85' lang='lat' dir='ltr'>quale</span> <span class='ocrx_word' id='word_1_534' title='bbox 1600 2090 1651 2118; x_wconf 77' lang='lat' dir='ltr'>est</span> <span class='ocrx_word' id='word_1_535' title='bbox 1673 2087 1708 2118; x_wconf 89' lang='lat' dir='ltr'>in</span> <span class='ocrx_word' id='word_1_536' title='bbox 1725 2085 1844 2127; x_wconf 87' lang='lat' dir='ltr'>Ceper-</span> 
     </span>
     <span class='ocr_line' id='line_1_44' title="bbox 53 2131 1847 2176; baseline 0.002 -15"><span class='ocrx_word' id='word_1_537' title='bbox 53 2131 147 2167; x_wconf 87' lang='lat' dir='ltr'>nico,</span> <span class='ocrx_word' id='word_1_538' title='bbox 181 2132 267 2172; x_wconf 81' lang='lat' dir='ltr'>quod</span> <span class='ocrx_word' id='word_1_539' title='bbox 290 2136 324 2164; x_wconf 91' lang='lat' dir='ltr'>et</span> <span class='ocrx_word' id='word_1_540' title='bbox 346 2133 452 2175; x_wconf 86' lang='lat' dir='ltr'>ipsum</span> <span class='ocrx_word' id='word_1_541' title='bbox 475 2135 555 2166; x_wconf 83' lang='lat' dir='ltr'>satis</span> <span class='ocrx_word' id='word_1_542' title='bbox 579 2136 659 2167; x_wconf 90' lang='lat' dir='ltr'>rude</span> <span class='ocrx_word' id='word_1_543' title='bbox 684 2141 752 2171; x_wconf 88' lang='lat' dir='ltr'>est</span> <span class='ocrx_word' id='word_1_544' title='bbox 788 2137 916 2169; x_wconf 79' lang='lat' dir='ltr'>intento</span> <span class='ocrx_word' id='word_1_545' title='bbox 948 2141 1060 2168; x_wconf 87' lang='lat' dir='ltr'>tamen</span> <span class='ocrx_word' id='word_1_546' title='bbox 1093 2137 1163 2176; x_wconf 85' lang='lat' dir='ltr'>ejus</span> <span class='ocrx_word' id='word_1_547' title='bbox 1195 2135 1366 2167; x_wconf 73' lang='lat' dir='ltr'>satisfacit.</span> <span class='ocrx_word' id='word_1_548' title='bbox 1416 2135 1546 2168; x_wconf 86' lang='lat' dir='ltr'>Deinde</span> <span class='ocrx_word' id='word_1_549' title='bbox 1570 2134 1599 2166; x_wconf 88' lang='lat' dir='ltr'>si</span> <span class='ocrx_word' id='word_1_550' title='bbox 1620 2134 1847 2175; x_wconf 81' lang='lat' dir='ltr'>praemitteret</span> 
     </span>
     <span class='ocr_line' id='line_1_45' title="bbox 53 2177 1845 2225; baseline 0.001 -15"><span class='ocrx_word' id='word_1_551' title='bbox 53 2177 231 2218; x_wconf 79' lang='lat' dir='ltr'>aliqualem</span> <span class='ocrx_word' id='word_1_552' title='bbox 254 2179 501 2220; x_wconf 82' lang='lat' dir='ltr'>explicationem</span> <span class='ocrx_word' id='word_1_553' title='bbox 524 2185 772 2224; x_wconf 81' lang='lat' dir='ltr'>praecipuarum</span> <span class='ocrx_word' id='word_1_554' title='bbox 794 2185 1030 2225; x_wconf 85' lang='lat' dir='ltr'>proprietatum</span> <span class='ocrx_word' id='word_1_555' title='bbox 1061 2181 1233 2224; x_wconf 86' lang='lat' dir='ltr'>(quantum</span> <span class='ocrx_word' id='word_1_556' title='bbox 1257 2183 1301 2215; x_wconf 83' lang='lat' dir='ltr'>ad</span> <span class='ocrx_word' id='word_1_557' title='bbox 1323 2192 1479 2224; x_wconf 84' lang='lat' dir='ltr'>praesens</span> <span class='ocrx_word' id='word_1_558' title='bbox 1501 2182 1687 2214; x_wconf 81' lang='lat' dir='ltr'>institutum</span> <span class='ocrx_word' id='word_1_559' title='bbox 1709 2190 1845 2213; x_wconf 87' lang='lat' dir='ltr'>necesse</span> 
     </span>
     <span class='ocr_line' id='line_1_46' title="bbox 54 2221 1845 2270; baseline -0.001 -8"><span class='ocrx_word' id='word_1_560' title='bbox 54 2221 122 2262; x_wconf 59' lang='grc' dir='ltr'>0ῦῦ)</span> <span class='ocrx_word' id='word_1_561' title='bbox 145 2225 342 2267; x_wconf 69' lang='lat' dir='ltr'>regularium</span> <span class='ocrx_word' id='word_1_562' title='bbox 366 2236 542 2268; x_wconf 72' lang='lat' dir='ltr'>corporum,</span> <span class='ocrx_word' id='word_1_563' title='bbox 568 2239 640 2262; x_wconf 89' lang='lat' dir='ltr'>cuin</span> <span class='ocrx_word' id='word_1_564' title='bbox 666 2232 972 2263; x_wconf 78' lang='lat' dir='ltr'>commonstratione</span> <span class='ocrx_word' id='word_1_565' title='bbox 997 2230 1116 2262; x_wconf 88' lang='lat' dir='ltr'>calculi</span> <span class='ocrx_word' id='word_1_566' title='bbox 1136 2229 1329 2262; x_wconf 88' lang='lat' dir='ltr'>numerandi</span> <span class='ocrx_word' id='word_1_567' title='bbox 1351 2230 1611 2262; x_wconf 85' lang='lat' dir='ltr'>semidiametros</span> <span class='ocrx_word' id='word_1_568' title='bbox 1634 2228 1845 2270; x_wconf 79' lang='lat' dir='ltr'>sphaerarum</span> 
     </span>
     <span class='ocr_line' id='line_1_47' title="bbox 55 2271 1787 2328; baseline 0.002 -24"><span class='ocrx_word' id='word_1_569' title='bbox 55 2271 370 2328; x_wconf 74' lang='lat' dir='ltr'>circumscriptarum</span> <span class='ocrx_word' id='word_1_570' title='bbox 393 2279 428 2306; x_wconf 88' lang='lat' dir='ltr'>et</span> <span class='ocrx_word' id='word_1_571' title='bbox 450 2276 689 2317; x_wconf 82' lang='lat' dir='ltr'>inscriptamm.</span> <span class='ocrx_word' id='word_1_572' title='bbox 738 2277 811 2309; x_wconf 83' lang='lat' dir='ltr'>Hoc</span> <span class='ocrx_word' id='word_1_573' title='bbox 835 2279 922 2310; x_wconf 90' lang='lat' dir='ltr'>enim</span> <span class='ocrx_word' id='word_1_574' title='bbox 945 2279 1008 2310; x_wconf 84' lang='lat' dir='ltr'>nisi</span> <span class='ocrx_word' id='word_1_575' title='bbox 1031 2278 1107 2314; x_wconf 84' lang='lat' dir='ltr'>fiat,</span> <span class='ocrx_word' id='word_1_576' title='bbox 1133 2287 1185 2309; x_wconf 87' lang='lat' dir='ltr'>res</span> <span class='ocrx_word' id='word_1_577' title='bbox 1207 2277 1352 2318; x_wconf 79' lang='lat' dir='ltr'>profecto</span> <span class='ocrx_word' id='word_1_578' title='bbox 1377 2278 1465 2310; x_wconf 87' lang='lat' dir='ltr'>omni</span> <span class='ocrx_word' id='word_1_579' title='bbox 1489 2277 1562 2308; x_wconf 91' lang='lat' dir='ltr'>luce</span> <span class='ocrx_word' id='word_1_580' title='bbox 1586 2276 1703 2308; x_wconf 81' lang='lat' dir='ltr'>orbata</span> <span class='ocrx_word' id='word_1_581' title='bbox 1726 2280 1787 2308; x_wconf 84' lang='lat' dir='ltr'>est.</span> 
     </span>
    </p>

    <p class='ocr_par' dir='ltr' id='par_1_8' title="bbox 147 2318 1844 2366">
     <span class='ocr_line' id='line_1_48' title="bbox 147 2318 1844 2366; baseline 0.002 -16"><span class='ocrx_word' id='word_1_582' title='bbox 147 2318 327 2352; x_wconf 77' lang='lat' dir='ltr'>Praeterea</span> <span class='ocrx_word' id='word_1_583' title='bbox 349 2321 384 2352; x_wconf 91' lang='lat' dir='ltr'>iii</span> <span class='ocrx_word' id='word_1_584' title='bbox 408 2323 524 2354; x_wconf 88' lang='lat' dir='ltr'>ceteris</span> <span class='ocrx_word' id='word_1_585' title='bbox 541 2325 642 2356; x_wconf 87' lang='lat' dir='ltr'>etiam</span> <span class='ocrx_word' id='word_1_586' title='bbox 657 2326 772 2366; x_wconf 80' lang='lat' dir='ltr'>majori</span> <span class='ocrx_word' id='word_1_587' title='bbox 786 2326 1012 2366; x_wconf 77' lang='lat' dir='ltr'>perspicuitati</span> <span class='ocrx_word' id='word_1_588' title='bbox 1026 2325 1181 2357; x_wconf 83' lang='lat' dir='ltr'>studeret.</span> <span class='ocrx_word' id='word_1_589' title='bbox 1219 2324 1338 2356; x_wconf 86' lang='lat' dir='ltr'>Lector</span> <span class='ocrx_word' id='word_1_590' title='bbox 1362 2326 1449 2357; x_wconf 90' lang='lat' dir='ltr'>enim</span> <span class='ocrx_word' id='word_1_591' title='bbox 1473 2327 1620 2357; x_wconf 82' lang='lat' dir='ltr'>attentus</span> <span class='ocrx_word' id='word_1_592' title='bbox 1645 2323 1844 2355; x_wconf 86' lang='lat' dir='ltr'>obscuritate</span> 
     </span>
    </p>

    <p class='ocr_par' dir='ltr' id='par_1_9' title="bbox 54 2366 1842 2414">
     <span class='ocr_line' id='line_1_49' title="bbox 54 2366 1842 2414; baseline 0.002 -16"><span class='ocrx_word' id='word_1_593' title='bbox 54 2369 90 2399; x_wconf 81' lang='lat' dir='ltr'>et</span> <span class='ocrx_word' id='word_1_594' title='bbox 111 2366 326 2407; x_wconf 87' lang='lat' dir='ltr'>perplexitate</span> <span class='ocrx_word' id='word_1_595' title='bbox 349 2378 415 2400; x_wconf 88' lang='lat' dir='ltr'>non</span> <span class='ocrx_word' id='word_1_596' title='bbox 439 2368 663 2403; x_wconf 86' lang='lat' dir='ltr'>offendendus</span> <span class='ocrx_word' id='word_1_597' title='bbox 675 2377 742 2409; x_wconf 85' lang='lat' dir='ltr'>est,</span> <span class='ocrx_word' id='word_1_598' title='bbox 773 2372 831 2404; x_wconf 89' lang='lat' dir='ltr'>sed</span> <span class='ocrx_word' id='word_1_599' title='bbox 854 2373 1087 2413; x_wconf 85' lang='lat' dir='ltr'>perspicuitate</span> <span class='ocrx_word' id='word_1_600' title='bbox 1118 2377 1152 2404; x_wconf 88' lang='lat' dir='ltr'>et</span> <span class='ocrx_word' id='word_1_601' title='bbox 1174 2371 1276 2412; x_wconf 81' lang='lat' dir='ltr'>plana</span> <span class='ocrx_word' id='word_1_602' title='bbox 1300 2376 1399 2414; x_wconf 84' lang='lat' dir='ltr'>atque</span> <span class='ocrx_word' id='word_1_603' title='bbox 1423 2376 1539 2413; x_wconf 87' lang='lat' dir='ltr'>aperta</span> <span class='ocrx_word' id='word_1_604' title='bbox 1561 2371 1763 2403; x_wconf 83' lang='lat' dir='ltr'>tractatione</span> <span class='ocrx_word' id='word_1_605' title='bbox 1786 2379 1842 2402; x_wconf 87' lang='lat' dir='ltr'>ex-</span> 
     </span>
    </p>

    <p class='ocr_par' dir='ltr' id='par_1_10' title="bbox 2 2413 1844 2505">
     <span class='ocr_line' id='line_1_50' title="bbox 2 2413 1844 2462; baseline 0.003 -18"><span class='ocrx_word' id='word_1_606' title='bbox 2 2423 13 2431; x_wconf 64' lang='lat'><em>*</em></span> <span class='ocrx_word' id='word_1_607' title='bbox 39 2413 206 2445; x_wconf 66' lang='lat' dir='ltr'>‘uitandus</span> <span class='ocrx_word' id='word_1_608' title='bbox 230 2418 265 2446; x_wconf 90' lang='lat' dir='ltr'>et</span> <span class='ocrx_word' id='word_1_609' title='bbox 287 2415 473 2447; x_wconf 82' lang='lat' dir='ltr'>invitandus</span> <span class='ocrx_word' id='word_1_610' title='bbox 497 2421 558 2449; x_wconf 85' lang='lat' dir='ltr'>est.</span> <span class='ocrx_word' id='word_1_611' title='bbox 605 2418 680 2451; x_wconf 80' lang='lat' dir='ltr'>Hae</span> <span class='ocrx_word' id='word_1_612' title='bbox 709 2420 797 2451; x_wconf 91' lang='lat' dir='ltr'>enim</span> <span class='ocrx_word' id='word_1_613' title='bbox 826 2424 903 2451; x_wconf 89' lang='lat' dir='ltr'>sunt</span> <span class='ocrx_word' id='word_1_614' title='bbox 932 2419 1071 2451; x_wconf 80' lang='lat' dir='ltr'>deliciae</span> <span class='ocrx_word' id='word_1_615' title='bbox 1102 2424 1135 2451; x_wconf 90' lang='lat' dir='ltr'>et</span> <span class='ocrx_word' id='word_1_616' title='bbox 1166 2419 1338 2456; x_wconf 79' lang='lat' dir='ltr'>lautitiae,</span> <span class='ocrx_word' id='word_1_617' title='bbox 1375 2429 1457 2462; x_wconf 85' lang='lat' dir='ltr'>quas</span> <span class='ocrx_word' id='word_1_618' title='bbox 1487 2419 1531 2451; x_wconf 90' lang='lat' dir='ltr'>D.</span> <span class='ocrx_word' id='word_1_619' title='bbox 1556 2417 1742 2459; x_wconf 87' lang='lat' dir='ltr'>Kepplerus</span> <span class='ocrx_word' id='word_1_620' title='bbox 1774 2418 1844 2458; x_wconf 86' lang='lat' dir='ltr'>ipse</span> 
     </span>
     <span class='ocr_line' id='line_1_51' title="bbox 53 2460 1842 2514; baseline 0.004 -23"><span class='ocrx_word' id='word_1_621' title='bbox 53 2460 152 2514; x_wconf 68' lang='lat' dir='ltr'>nice</span> <span class='ocrx_word' id='word_1_622' title='bbox 174 2462 356 2503; x_wconf 87' lang='lat' dir='ltr'>propositas</span> <span class='ocrx_word' id='word_1_623' title='bbox 380 2467 484 2504; x_wconf 83' lang='lat' dir='ltr'>optat,</span> <span class='ocrx_word' id='word_1_624' title='bbox 509 2464 623 2505; x_wconf 89' lang='lat' dir='ltr'>quibus</span> <span class='ocrx_word' id='word_1_625' title='bbox 646 2476 712 2498; x_wconf 87' lang='lat' dir='ltr'>nou</span> <span class='ocrx_word' id='word_1_626' title='bbox 735 2470 807 2499; x_wconf 84' lang='lat' dir='ltr'>tota</span> <span class='ocrx_word' id='word_1_627' title='bbox 830 2475 962 2504; x_wconf 83' lang='lat' dir='ltr'>mensa,</span> <span class='ocrx_word' id='word_1_628' title='bbox 987 2477 1062 2500; x_wconf 90' lang='lat' dir='ltr'>cuin</span> <span class='ocrx_word' id='word_1_629' title='bbox 1086 2466 1233 2498; x_wconf 84' lang='lat' dir='ltr'>omnibus</span> <span class='ocrx_word' id='word_1_630' title='bbox 1256 2467 1291 2498; x_wconf 85' lang='lat' dir='ltr'>in</span> <span class='ocrx_word' id='word_1_631' title='bbox 1315 2468 1500 2499; x_wconf 83' lang='lat' dir='ltr'>universum</span> <span class='ocrx_word' id='word_1_632' title='bbox 1524 2465 1653 2498; x_wconf 77' lang='lat' dir='ltr'>ferculis</span> <span class='ocrx_word' id='word_1_633' title='bbox 1677 2468 1842 2501; x_wconf 79' lang='lat' dir='ltr'>contecta,</span> 
     </span>
    </p>
   </div>
   <div class='ocr_carea' id='block_1_5' title="bbox 0 2554 1844 3096">
    <p class='ocr_par' dir='ltr' id='par_1_11' title="bbox 0 2554 1841 2647">
     <span class='ocr_line' id='line_1_52' title="bbox 6 2554 1841 2602; baseline 0.002 -15"><span class='ocrx_word' id='word_1_634' title='bbox 6 2581 10 2593; x_wconf 21' lang='lat'>¹,</span> <span class='ocrx_word' id='word_1_635' title='bbox 147 2554 221 2588; x_wconf 81' lang='lat' dir='ltr'>Hoc</span> <span class='ocrx_word' id='word_1_636' title='bbox 244 2557 273 2588; x_wconf 88' lang='lat' dir='ltr'>si</span> <span class='ocrx_word' id='word_1_637' title='bbox 295 2556 421 2593; x_wconf 78' lang='lat' dir='ltr'>fecerit,</span> <span class='ocrx_word' id='word_1_638' title='bbox 445 2568 511 2589; x_wconf 88' lang='lat' dir='ltr'>non</span> <span class='ocrx_word' id='word_1_639' title='bbox 536 2558 656 2597; x_wconf 90' lang='lat' dir='ltr'>dubito,</span> <span class='ocrx_word' id='word_1_640' title='bbox 681 2560 759 2601; x_wconf 88' lang='lat' dir='ltr'>quin</span> <span class='ocrx_word' id='word_1_641' title='bbox 782 2561 853 2602; x_wconf 86' lang='lat' dir='ltr'>ipse</span> <span class='ocrx_word' id='word_1_642' title='bbox 878 2561 1007 2592; x_wconf 81' lang='lat' dir='ltr'>abunde</span> <span class='ocrx_word' id='word_1_643' title='bbox 1022 2561 1088 2592; x_wconf 87' lang='lat' dir='ltr'>voti</span> <span class='ocrx_word' id='word_1_644' title='bbox 1108 2561 1158 2592; x_wconf 83' lang='lat' dir='ltr'>sui</span> <span class='ocrx_word' id='word_1_645' title='bbox 1175 2570 1305 2602; x_wconf 89' lang='lat' dir='ltr'>compos</span> <span class='ocrx_word' id='word_1_646' title='bbox 1320 2561 1459 2598; x_wconf 75' lang='lat' dir='ltr'>iuturus,</span> <span class='ocrx_word' id='word_1_647' title='bbox 1484 2560 1666 2601; x_wconf 86' lang='lat' dir='ltr'>multusque</span> <span class='ocrx_word' id='word_1_648' title='bbox 1690 2559 1736 2591; x_wconf 84' lang='lat' dir='ltr'>ad</span> <span class='ocrx_word' id='word_1_649' title='bbox 1758 2568 1841 2592; x_wconf 90' lang='lat' dir='ltr'>rem-</span> 
     </span>
     <span class='ocr_line' id='line_1_53' title="bbox 53 2591 991 2643; baseline 0.007 -9.626"><span class='ocrx_word' id='word_1_650' title='bbox 53 2601 217 2643; x_wconf 82' lang='lat' dir='ltr'>publicam</span> <span class='ocrx_word' id='word_1_651' title='bbox 240 2591 507 2637; x_wconf 73' lang='lat' dir='ltr'>mathematicam</span> <span class='ocrx_word' id='word_1_652' title='bbox 531 2606 654 2637; x_wconf 79' lang='lat' dir='ltr'>fructus</span> <span class='ocrx_word' id='word_1_653' title='bbox 678 2607 838 2639; x_wconf 87' lang='lat' dir='ltr'>rediturus</span> <span class='ocrx_word' id='word_1_654' title='bbox 862 2609 916 2639; x_wconf 88' lang='lat' dir='ltr'>sit.</span> <span class='ocrx_word' id='word_1_655' title='bbox 945 2622 991 2628; x_wconf 90' lang='lat'>—</span> 
     </span>
    </p>

    <p class='ocr_par' dir='ltr' id='par_1_12' title="bbox 0 2648 1844 2736">
     <span class='ocr_line' id='line_1_54' title="bbox 0 2648 1844 2736; baseline 0.004 -55"><span class='ocrx_word' id='word_1_656' title='bbox 0 2656 32 2736; x_wconf 44' lang='grc' dir='ltr'><strong><em>ᾗ</em></strong></span> <span class='ocrx_word' id='word_1_657' title='bbox 60 2648 337 2733; x_wconf 52' lang='grc' dir='ltr'>1596Μιιὶεὶιέιιιιιι</span> <span class='ocrx_word' id='word_1_658' title='bbox 343 2652 538 2692; x_wconf 79' lang='lat' dir='ltr'>„judicium“</span> <span class='ocrx_word' id='word_1_659' title='bbox 566 2654 747 2685; x_wconf 83' lang='lat' dir='ltr'>transmisit</span> <span class='ocrx_word' id='word_1_660' title='bbox 762 2653 904 2695; x_wconf 87' lang='lat' dir='ltr'>Keplero</span> <span class='ocrx_word' id='word_1_661' title='bbox 920 2654 1111 2688; x_wconf 76' lang='lat' dir='ltr'>Matthaeus</span> <span class='ocrx_word' id='word_1_662' title='bbox 1132 2655 1451 2688; x_wconf 77' lang='lat' dir='ltr'>Hafenrefferus</span> <span class='ocrx_word' id='word_1_663' title='bbox 1470 2651 1519 2694; x_wconf 71' lang='grc' dir='ltr'>ιο)</span> <span class='ocrx_word' id='word_1_664' title='bbox 1544 2654 1596 2686; x_wconf 87' lang='lat' dir='ltr'>die</span> <span class='ocrx_word' id='word_1_665' title='bbox 1613 2651 1633 2685; x_wconf 82' lang='lat'><strong>6</strong></span> <span class='ocrx_word' id='word_1_666' title='bbox 1660 2650 1739 2695; x_wconf 76' lang='lat'>(16)</span> <span class='ocrx_word' id='word_1_667' title='bbox 1753 2653 1844 2688; x_wconf 83' lang='lat' dir='ltr'>Juuii</span> 
     </span>
    </p>

    <p class='ocr_par' dir='ltr' id='par_1_13' title="bbox 263 2698 526 2732">
     <span class='ocr_line' id='line_1_55' title="bbox 263 2698 526 2732; baseline 0.008 -2"><span class='ocrx_word' id='word_1_668' title='bbox 263 2698 381 2730; x_wconf 87' lang='lat' dir='ltr'>additis</span> <span class='ocrx_word' id='word_1_669' title='bbox 404 2699 526 2732; x_wconf 87' lang='lat' dir='ltr'>literis·</span> 
     </span>
    </p>

    <p class='ocr_par' dir='ltr' id='par_1_14' title="bbox 0 2723 1843 3080">
     <span class='ocr_line' id='line_1_56' title="bbox 149 2723 1841 2789; baseline 0.002 -10.678"><span class='ocrx_word' id='word_1_670' title='bbox 149 2743 346 2777; x_wconf 87' lang='lat' dir='ltr'>Venerande</span> <span class='ocrx_word' id='word_1_671' title='bbox 371 2751 404 2782; x_wconf 68' lang='lat' dir='ltr'>st</span> <span class='ocrx_word' id='word_1_672' title='bbox 428 2747 611 2779; x_wconf 86' lang='lat' dir='ltr'>doctissime</span> <span class='ocrx_word' id='word_1_673' title='bbox 635 2748 692 2785; x_wconf 80' lang='lat' dir='ltr'>vir,</span> <span class='ocrx_word' id='word_1_674' title='bbox 719 2748 847 2780; x_wconf 85' lang='lat' dir='ltr'>domine</span> <span class='ocrx_word' id='word_1_675' title='bbox 870 2748 972 2781; x_wconf 83' lang='lat' dir='ltr'>frater</span> <span class='ocrx_word' id='word_1_676' title='bbox 995 2749 1140 2781; x_wconf 81' lang='lat' dir='ltr'>colende.</span> <span class='ocrx_word' id='word_1_677' title='bbox 1178 2749 1228 2780; x_wconf 82' lang='lat' dir='ltr'>Ex</span> <span class='ocrx_word' id='word_1_678' title='bbox 1246 2749 1377 2780; x_wconf 85' lang='lat' dir='ltr'>decreto</span> <span class='ocrx_word' id='word_1_679' title='bbox 1394 2723 1582 2789; x_wconf 80' lang='lat' dir='ltr'>amplissimi</span> <span class='ocrx_word' id='word_1_680' title='bbox 1599 2751 1733 2780; x_wconf 58' lang='lat' dir='ltr'>sonabis</span> <span class='ocrx_word' id='word_1_681' title='bbox 1753 2758 1841 2782; x_wconf 88' lang='lat' dir='ltr'>com-</span> 
     </span>
     <span class='ocr_line' id='line_1_57' title="bbox 0 2791 1843 2878; baseline 0.003 -56"><span class='ocrx_word' id='word_1_682' title='bbox 0 2791 24 2878; x_wconf 52' lang='lat'>:2</span> <span class='ocrx_word' id='word_1_683' title='bbox 55 2791 171 2829; x_wconf 76' lang='lat' dir='ltr'>missus</span> <span class='ocrx_word' id='word_1_684' title='bbox 194 2795 245 2823; x_wconf 83' lang='lat' dir='ltr'>est</span> <span class='ocrx_word' id='word_1_685' title='bbox 266 2791 359 2824; x_wconf 87' lang='lat' dir='ltr'>labor</span> <span class='ocrx_word' id='word_1_686' title='bbox 382 2798 456 2826; x_wconf 85' lang='lat' dir='ltr'>tuus</span> <span class='ocrx_word' id='word_1_687' title='bbox 482 2794 665 2827; x_wconf 86' lang='lat' dir='ltr'>doctissimo</span> <span class='ocrx_word' id='word_1_688' title='bbox 688 2796 811 2836; x_wconf 82' lang='lat' dir='ltr'>pariter</span> <span class='ocrx_word' id='word_1_689' title='bbox 835 2801 870 2827; x_wconf 86' lang='lat' dir='ltr'>et</span> <span class='ocrx_word' id='word_1_690' title='bbox 898 2796 1146 2836; x_wconf 82' lang='lat' dir='ltr'>profundissimo</span> <span class='ocrx_word' id='word_1_691' title='bbox 1175 2795 1408 2827; x_wconf 78' lang='lat' dir='ltr'>mathematico</span> <span class='ocrx_word' id='word_1_692' title='bbox 1433 2795 1534 2827; x_wconf 82' lang='lat' dir='ltr'>Mieh.</span> <span class='ocrx_word' id='word_1_693' title='bbox 1559 2794 1752 2833; x_wconf 67' lang='lat' dir='ltr'>Messenio,</span> <span class='ocrx_word' id='word_1_694' title='bbox 1787 2798 1843 2839; x_wconf 83' lang='lat' dir='ltr'>qui</span> 
     </span>
     <span class='ocr_line' id='line_1_58' title="bbox 0 2837 1840 2887; baseline 0.003 -18.026"><span class='ocrx_word' id='word_1_695' title='bbox 0 2853 15 2884; x_wconf 43' lang='grc' dir='ltr'>ἱ</span> <span class='ocrx_word' id='word_1_696' title='bbox 38 2837 117 2869; x_wconf 86' lang='lat' dir='ltr'>hoc</span> <span class='ocrx_word' id='word_1_697' title='bbox 139 2842 174 2870; x_wconf 85' lang='lat' dir='ltr'>te</span> <span class='ocrx_word' id='word_1_698' title='bbox 197 2838 422 2872; x_wconf 82' lang='lat' dir='ltr'>honestissimo</span> <span class='ocrx_word' id='word_1_699' title='bbox 448 2841 613 2874; x_wconf 80' lang='lat' dir='ltr'>decoravit</span> <span class='ocrx_word' id='word_1_700' title='bbox 635 2843 829 2875; x_wconf 83' lang='lat' dir='ltr'>testimonio</span> <span class='ocrx_word' id='word_1_701' title='bbox 856 2843 941 2884; x_wconf 84' lang='lat' dir='ltr'>quod</span> <span class='ocrx_word' id='word_1_702' title='bbox 964 2847 1051 2874; x_wconf 86' lang='lat' dir='ltr'>totus</span> <span class='ocrx_word' id='word_1_703' title='bbox 1075 2843 1217 2874; x_wconf 88' lang='lat' dir='ltr'>inclutus</span> <span class='ocrx_word' id='word_1_704' title='bbox 1241 2847 1375 2874; x_wconf 86' lang='lat' dir='ltr'>senatus</span> <span class='ocrx_word' id='word_1_705' title='bbox 1399 2844 1598 2875; x_wconf 82' lang='lat' dir='ltr'>unanimiter</span> <span class='ocrx_word' id='word_1_706' title='bbox 1619 2843 1679 2875; x_wconf 65' lang='lat' dir='ltr'>tibi</span> <span class='ocrx_word' id='word_1_707' title='bbox 1703 2854 1840 2887; x_wconf 71' lang='lat' dir='ltr'>congra</span> 
     </span>
     <span class='ocr_line' id='line_1_59' title="bbox 0 2882 1843 2931; baseline 0.004 -15"><span class='ocrx_word' id='word_1_708' title='bbox 0 2882 41 2928; x_wconf 55' lang='lat' dir='ltr'>‘Jss&#39;</span> <span class='ocrx_word' id='word_1_709' title='bbox 55 2884 199 2920; x_wconf 85' lang='lat' dir='ltr'>tulatur</span> <span class='ocrx_word' id='word_1_710' title='bbox 234 2890 333 2928; x_wconf 81' lang='lat' dir='ltr'>atque</span> <span class='ocrx_word' id='word_1_711' title='bbox 364 2892 575 2930; x_wconf 80' lang='lat' dir='ltr'>augmentum</span> <span class='ocrx_word' id='word_1_712' title='bbox 605 2890 762 2921; x_wconf 88' lang='lat' dir='ltr'>donorum</span> <span class='ocrx_word' id='word_1_713' title='bbox 794 2890 922 2921; x_wconf 88' lang='lat' dir='ltr'>tu&#39;orum</span> <span class='ocrx_word' id='word_1_714' title='bbox 946 2899 986 2922; x_wconf 88' lang='lat' dir='ltr'>ex</span> <span class='ocrx_word' id='word_1_715' title='bbox 1010 2890 1117 2921; x_wconf 82' lang='lat' dir='ltr'>animo</span> <span class='ocrx_word' id='word_1_716' title='bbox 1149 2894 1383 2931; x_wconf 79' lang='lat' dir='ltr'>comprecatur</span> <span class='ocrx_word' id='word_1_717' title='bbox 1433 2889 1542 2930; x_wconf 85' lang='lat' dir='ltr'>Quam</span> <span class='ocrx_word' id='word_1_718' title='bbox 1571 2883 1760 2924; x_wconf 83' lang='lat' dir='ltr'>admirabile</span> <span class='ocrx_word' id='word_1_719' title='bbox 1790 2896 1843 2924; x_wconf 89' lang='lat' dir='ltr'>est</span> 
     </span>
     <span class='ocr_line' id='line_1_60' title="bbox 55 2932 1840 2979; baseline 0.004 -14.869"><span class='ocrx_word' id='word_1_720' title='bbox 55 2935 167 2964; x_wconf 79' lang='lat' dir='ltr'>autem</span> <span class='ocrx_word' id='word_1_721' title='bbox 190 2932 252 2964; x_wconf 79' lang='lat' dir='ltr'>hoc</span> <span class='ocrx_word' id='word_1_722' title='bbox 276 2944 393 2966; x_wconf 78' lang='lat' dir='ltr'>novum</span> <span class='ocrx_word' id='word_1_723' title='bbox 415 2935 581 2967; x_wconf 84' lang='lat' dir='ltr'>inventum</span> <span class='ocrx_word' id='word_1_724' title='bbox 599 2942 702 2971; x_wconf 83' lang='lat' dir='ltr'>tuum.</span> <span class='ocrx_word' id='word_1_725' title='bbox 728 2941 797 2968; x_wconf 83' lang='lat' dir='ltr'>tam</span> <span class='ocrx_word' id='word_1_726' title='bbox 814 2936 894 2968; x_wconf 87' lang='lat' dir='ltr'>utile</span> <span class='ocrx_word' id='word_1_727' title='bbox 911 2947 982 2968; x_wconf 84' lang='lat' dir='ltr'>esse</span> <span class='ocrx_word' id='word_1_728' title='bbox 1001 2937 1148 2968; x_wconf 89' lang='lat' dir='ltr'>omnibus</span> <span class='ocrx_word' id='word_1_729' title='bbox 1166 2937 1340 2969; x_wconf 84' lang='lat' dir='ltr'>lectoribus</span> <span class='ocrx_word' id='word_1_730' title='bbox 1357 2937 1445 2969; x_wconf 88' lang='lat' dir='ltr'>idem</span> <span class='ocrx_word' id='word_1_731' title='bbox 1468 2937 1683 2979; x_wconf 82' lang='lat' dir='ltr'>amplissimus</span> <span class='ocrx_word' id='word_1_732' title='bbox 1706 2944 1840 2971; x_wconf 82' lang='lat' dir='ltr'>senatus</span> 
     </span>
     <span class='ocr_line' id='line_1_61' title="bbox 42 2974 1839 3027; baseline 0.004 -17"><span class='ocrx_word' id='word_1_733' title='bbox 42 2974 200 3022; x_wconf 53' lang='lat' dir='ltr'>exoptat.</span> <span class='ocrx_word' id='word_1_734' title='bbox 237 2974 337 3012; x_wconf 83' lang='lat' dir='ltr'>Jube&#39;t</span> <span class='ocrx_word' id='word_1_735' title='bbox 358 2982 468 3023; x_wconf 84' lang='lat' dir='ltr'>itaque</span> <span class='ocrx_word' id='word_1_736' title='bbox 492 2986 530 3013; x_wconf 92' lang='grc' dir='ltr'>ιιι</span> <span class='ocrx_word' id='word_1_737' title='bbox 553 2984 731 3015; x_wconf 88' lang='lat' dir='ltr'>secundum</span> <span class='ocrx_word' id='word_1_738' title='bbox 756 2984 994 3015; x_wconf 81' lang='lat' dir='ltr'>admonitiones</span> <span class='ocrx_word' id='word_1_739' title='bbox 1017 2983 1183 3015; x_wconf 81' lang='lat' dir='ltr'>Maestlini</span> <span class='ocrx_word' id='word_1_740' title='bbox 1207 2988 1243 3016; x_wconf 85' lang='lat' dir='ltr'>et</span> <span class='ocrx_word' id='word_1_741' title='bbox 1258 2983 1428 3026; x_wconf 86' lang='lat' dir='ltr'>Gopernici</span> <span class='ocrx_word' id='word_1_742' title='bbox 1450 2985 1646 3026; x_wconf 80' lang='lat' dir='ltr'>hypotheses</span> <span class='ocrx_word' id='word_1_743' title='bbox 1670 2989 1705 3018; x_wconf 92' lang='lat' dir='ltr'>et</span> <span class='ocrx_word' id='word_1_744' title='bbox 1727 2995 1839 3027; x_wconf 84' lang='lat' dir='ltr'>corpo-</span> 
     </span>
     <span class='ocr_line' id='line_1_62' title="bbox 25 3026 1839 3096; baseline 0.003 -37"><span class='ocrx_word' id='word_1_745' title='bbox 25 3034 129 3059; x_wconf 81' lang='lat' dir='ltr'>rum</span> <span class='ocrx_word' id='word_1_746' title='bbox 151 3026 347 3071; x_wconf 78' lang='lat' dir='ltr'>regularium</span> <span class='ocrx_word' id='word_1_747' title='bbox 371 3028 587 3064; x_wconf 84' lang='lat' dir='ltr'>dimensiones</span> <span class='ocrx_word' id='word_1_748' title='bbox 612 3033 704 3075; x_wconf 83' lang='lat' dir='ltr'>quasi</span> <span class='ocrx_word' id='word_1_749' title='bbox 727 3031 939 3074; x_wconf 80' lang='lat' dir='ltr'>praefationis</span> <span class='ocrx_word' id='word_1_750' title='bbox 962 3030 1033 3065; x_wconf 86' lang='lat' dir='ltr'>loco</span> <span class='ocrx_word' id='word_1_751' title='bbox 1066 3031 1279 3096; x_wconf 85' lang='lat' dir='ltr'>praemittas,</span> <span class='ocrx_word' id='word_1_752' title='bbox 1315 3035 1350 3067; x_wconf 84' lang='lat' dir='ltr'>et</span> <span class='ocrx_word' id='word_1_753' title='bbox 1381 3031 1459 3064; x_wconf 82' lang='lat' dir='ltr'>alibi</span> <span class='ocrx_word' id='word_1_754' title='bbox 1488 3032 1731 3080; x_wconf 72' lang='lat' dir='ltr'>quibuscunque</span> <span class='ocrx_word' id='word_1_755' title='bbox 1758 3033 1839 3067; x_wconf 86' lang='lat' dir='ltr'>locis</span> 
     </span>
    </p>
   </div>
   <div class='ocr_carea' id='block_1_6' title="bbox 0 2891 48 3268">
    <p class='ocr_par' dir='ltr' id='par_1_15' title="bbox 0 2891 48 3268">
     <span class='ocr_line' id='line_1_63' title="bbox 0 2891 48 3268; baseline 0 0"><span class='ocrx_word' id='word_1_756' title='bbox 0 2891 48 3268; x_wconf 95' lang='lat' dir='ltr'> </span> 
     </span>
    </p>
   </div>
  </div>
 </body>
</html>
