1982 3268
797 83 1010 122 Pmoemimn.
1744 79 1800 123 27

8 190 142 237 Bia-hs
164 191 200 239 in
214 190 358 234 Bspoffi.
376 192 508 224 Astrou.
526 195 666 230 asserat,
691 190 888 224 Mercurium
903 190 1198 224 subtercurrentem
1214 189 1337 223 Veneri
1352 191 1456 223 visum
1480 199 1572 227 ωας
1597 188 1666 222 alia
1689 193 1800 223 tamen

10 231 126 272 -iin
130 235 265 282 varior
286 240 435 282 quaene
459 239 613 274 exoritur
638 238 680 270 de
703 237 916 271 inexcusabili
941 238 1063 271 orbium
1086 237 1200 270 borum
1218 238 1424 279 planetarum
1438 236 1678 279 penetratione.
1702 246 1799 279 quam

249 289 285 319 ct
307 286 591 320 eoeentrieitatum
623 285 763 327 ipsorum
793 286 975 327 proportio,
1009 285 1261 326 astipulantibus
1289 284 1416 318 calculo
1447 290 1482 316 et
1511 283 1799 318 observationibus,

9 330 139 369 mino
161 332 318 375 postulat.
365 333 450 366 Eam
472 342 535 367 nec
559 332 774 375 Albateguius
806 342 877 374 cap
905 331 938 365 5.
970 342 1032 366 nec
1058 331 1305 387 Alphraganus,
1337 331 1417 364 Diff.
1445 331 1499 363 21.
1535 331 1654 374 aliique
1687 332 1800 373 magni

6 378 255 436 maniatici*
268 384 342 413 utut
365 391 402 413 se
425 384 611 422 torqueant,
636 379 810 412 defendere
834 379 954 412 valent.
1003 379 1212 422 physicorum
1236 380 1322 411 euim
1345 378 1399 411 hic
1423 379 1566 412 invictae
1597 378 1799 411 demonstra-

7 427 114 461 h'onoe
136 428 380 469 penetran'ones
403 438 471 460 non
494 427 691 464 admittuut3
716 427 915 469 geometriae
939 430 1052 460 autem
1076 426 1235 460 certitudo
1261 424 1361 469 (quae
1386 426 1420 459 in
1444 425 1531 458 omni
1548 430 1671 468 quanto
1687 425 1802 469 togula

7 474 154 511 veritatis
170 472 237 515 est)
261 475 385 508 orbium
402 474 615 507 coarctationi
633 474 838 507 contradicit«
875 474 937 507 His
953 474 1050 511 addo,
1075 473 1161 517 quod
1183 478 1221 506 ut
1245 474 1293 506 dis
1294 474 1423 506 tantiae
1447 473 1658 515 sphaerarum
1683 473 1800 506 dubiae

6 526 100 559 snut,
133 522 182 555 its
205 525 240 555 et
262 522 339 555 ordo
363 522 470 556 nullus
494 526 601 554 certus
626 525 687 554 est.
734 521 822 554 Nam
846 521 921 554 Sole
952 526 986 553 et
1016 522 1115 554 Luna
1145 522 1306 563 exeeptis,
1342 522 1375 553 in
1407 521 1524 553 ceteris
1558 520 1703 561 ejusdem
1738 523 1800 555 est.

5 569 72 604 sive
95 566 151 610 (ut
172 565 462 613 καραδοξοταῐφ
485 569 631 610 exemplo
656 567 779 608 dicam)
806 568 982 602 Saturnum
1006 579 1105 610 supra
1128 568 1346 608 Mercurium,
1381 570 1448 601 sive
1472 568 1559 600 hunc
1583 577 1683 609 supra
1711 567 1799 600 illum

99 662 188 703 Quid
211 663 252 696 de
275 663 480 704 rapidissima
504 667 538 698 et
561 663 793 696 inaestimabili
816 663 991 696 velocitate
1014 664 1110 705 hujus
1134 668 1203 696 tam
1236 668 1350 695 vastae
1386 662 1497 694 mundi
1529 662 1621 694 molis
1655 661 1800 704 quotidie

3 721 42 750 ιο
57 711 274 745 aarum&
298 710 430 745 dicam?
467 710 532 744 Ubi
551 711 654 752 primo
679 710 851 743 ineffabilis
877 711 1034 744 velocitas
1060 721 1187 743 omnem
1212 711 1311 743 fidem
1334 714 1477 752 superat.
1517 708 1799 742 Semidiametrum

3 756 164 806 opham
193 757 331 791 fixarum
363 758 532 791 stellarum
565 757 779 800 Albategnius
816 756 955 794 19000,
990 757 1218 800 Alphraganus
1244 755 1361 789 20110
1394 757 1644 789 semidiametris
1678 755 1799 788 Terrae

5 801 169 843 intimat,
193 809 229 839 ot
243 804 373 848 quidem
387 815 454 838 uon
469 806 637 845 minorem,
661 805 720 838 sed
734 804 831 860 longe
855 796 1012 846 majorem
1032 815 1103 839 esse
1121 806 1346 838 conveniebat.
1382 804 1468 836 Hinc
1487 814 1564 846 ergo
1582 813 1623 836 ea
1639 803 1799 845 sphaerae

3 850 100 894 Νι·
119 852 298 896 pernicitas
323 853 467 895 exurgit,
502 862 568 895 qua
596 852 762 895 quaelibet
791 854 825 885 in
859 853 1050 886 circulorum
1080 854 1166 886 inter
1187 853 1278 894 polos
1302 852 1415 885 mundi
1438 851 1546 884 medio
1571 852 1678 893 posita
1702 850 1799 883 stella

3 900 100 937 nien
121 899 222 934 horae
244 899 393 942 scrupulo
417 899 577 938 secundo,
608 901 674 933 sive
706 897 798 931 3600
827 904 920 942 parte
944 902 1039 933 unius
1062 900 1162 932 horae
1188 898 1267 942 (quo
1290 899 1443 942 temporis
1467 898 1606 941 spatiolo
1638 899 1689 931 rix
1712 899 1799 940 quis-

5 956 103 991 quam
125 947 191 982 tria
212 947 267 980 vel
289 951 428 991 quatuor
450 947 561 983 verba.
585 947 663 980 lieet
686 948 915 989 praecipitanti
939 957 1086 980 sermone
1110 947 1273 990 loquatur,
1298 944 1493 1002 profabitur)
1519 946 1605 978 ultra
1627 945 1801 978 duodecies

6 998 140 1028 emtum
153 994 305 1043 milliaria
320 995 511 1038 germanica
526 996 682 1036 rapiatur.
710 993 847 1036 Oportet
872 1000 983 1028 autem
1008 995 1119 1028 ultimo
1145 994 1236 1026 coelo
1261 1005 1320 1027 seu
1343 994 1445 1036 primo
1467 993 1586 1026 mobili
1613 993 1680 1025 orbi
1704 993 1800 1036 longe

1 1034 172 1091 menori.
194 1042 295 1075 muno
320 1042 565 1075 concitatiorem
588 1043 695 1074 inesse
721 1052 858 1075 cursum.
898 1042 964 1075 Sed
980 1044 1050 1084 quis
1074 1043 1144 1074 istis
1160 1042 1258 1074 fidem
1274 1040 1432 1074 habebit?
1470 1040 1611 1077 Deinde,
1638 1038 1801 1083 quaenam

6 1085 59 1122 e'st
79 1089 146 1122 ista
168 1094 309 1123 naturae
332 1089 534 1131 impotentia,
560 1098 645 1130 quae
668 1090 825 1121 immenso
850 1091 973 1131 corpori
998 1090 1131 1122 coelesti
1153 1089 1337 1130 hujusmodi
1361 1092 1472 1121 mente
1491 1087 1798 1130 incompreheusibi-

5 1136 71 1169 lem
93 1136 302 1170 velocitatem
326 1136 495 1169 infundere
519 1137 644 1178 potuit,
677 1137 831 1178 punctulo
857 1141 967 1169 tamen
991 1138 1123 1174 mundi,
1155 1138 1278 1178 corpori
1302 1147 1348 1169 sc.
1379 1141 1526 1174 terreno,
1562 1135 1602 1167 de
1626 1135 1687 1167 hoc
1710 1139 1800 1167 motu

7 1184 180 1227 quiequam
204 1185 444 1217 communicare
468 1194 532 1216 non
557 1181 690 1225 potuit?
740 1183 908 1224 Quomodo
933 1184 1001 1218 fieri
1024 1189 1152 1226 potest,
1186 1189 1223 1216 ut
1247 1189 1316 1216 toto
1340 1184 1451 1216 mundi
1481 1187 1678 1223 systemate,
1713 1182 1800 1214 nullo

7 1231 79 1272 ejus
102 1232 190 1268 orbe,
214 1240 278 1264 nee
302 1231 403 1264 etiam
427 1231 515 1286 ignei
539 1231 692 1268 elementi
717 1231 857 1273 sphaera
882 1230 926 1271 (si
942 1241 1007 1273 qua
1023 1230 1089 1271 est)
1114 1241 1175 1264 nec
1193 1232 1277 1264 aeris
1300 1231 1462 1272 superiore
1486 1231 1619 1273 regione
1645 1231 1800 1271 exceptis.

7 1278 279 1322 mmm-gimo.
311 1278 375 1311 hoc
398 1279 530 1310 unicum
553 1278 744 1332 punctulum
768 1288 834 1310 nou
859 1279 1090 1311 convertatur?
1137 1279 1254 1320 Itaque
1278 1279 1379 1311 multo
1403 1278 1598 1319 probabilius
1625 1281 1659 1309 et
1682 1278 1801 1309 rationi

6 1326 113 1369 magis
136 1331 393 1360 emoutaueum
417 1330 479 1362 est,
503 1325 590 1367 quod
612 1326 769 1358 immenso
794 1326 855 1358 hoc
879 1327 999 1358 mundo
1024 1336 1046 1359 a
1060 1326 1253 1370 quotidiana
1267 1326 1331 1359 hac
1348 1325 1525 1367 rapiditate
1541 1325 1688 1362 liberato,
1714 1324 1801 1357 solus

5 1371 61 1407 bie
82 1367 231 1416 globulus
255 1383 294 1406 eo
316 1377 409 1405 motu
432 1372 585 1410 incedat;
618 1372 745 1405 facilius
770 1374 856 1405 enim
879 1378 1019 1406 naturae
1050 1373 1129 1411 fuit,
1163 1374 1251 1406 hunc
1276 1374 1306 1406 ei
1330 1378 1452 1405 motum
1482 1372 1616 1410 indere,
1650 1382 1712 1414 quo
1736 1382 1801 1403 uno

5 1419 166 1462 mmo.
189 1429 249 1453 seu
263 1429 471 1463 sexagesuna
485 1423 578 1461 parte
593 1419 704 1456 horae
729 1421 763 1452 in
780 1430 900 1463 magno
917 1422 987 1461 ejus
1010 1421 1129 1453 circulo
1148 1421 1311 1463 quadrans
1330 1422 1426 1452 unius
1451 1420 1631 1462 germanici
1655 1419 1800 1451 milliaris

5 1469 212 1510 maneat:
243 1476 343 1510 quam
365 1467 574 1500 velocitatem
597 1467 730 1500 nubium
754 1467 879 1500 volatus
903 1477 1001 1510 saepe
1026 1472 1167 1510 aequat,
1193 1478 1257 1500 non
1282 1477 1356 1500 raro
1379 1472 1532 1509 superat,
1557 1466 1700 1498 fulminis
1723 1476 1800 1498 vero
1863 1499 1873 1502 ,

5 1521 103 1547 cam
123 1514 490 1557 incomprehensibiliter
511 1515 621 1547 vincit.
668 1514 845 1547 Innmuera
869 1514 935 1547 alia
957 1521 1108 1552 transeo,
1138 1525 1273 1557 quorum
1296 1526 1362 1547 non
1386 1524 1495 1556 pauca
1520 1513 1741 1555 copemieus.
1766 1518 1802 1546 et

4 1559 164 1597 Rheon:
186 1562 222 1595 in
245 1571 308 1595 sua
330 1561 547 1598 Narratione,
575 1567 673 1604 atque
697 1561 859 1604 Keplerus
884 1567 994 1595 noster
1017 1565 1051 1595 in
1074 1563 1249 1595 Prodromo
1273 1563 1425 1595 recitant.

7 1642 13 1647 ,
101 1609 372 1642 Excellentissimi
394 1609 543 1641 nonnulli
568 1619 607 1641 ex
630 1610 863 1642 recentioribus
892 1610 1119 1642 mathematici
1151 1610 1360 1665 languoribus
1392 1609 1442 1641 his
1474 1609 1615 1651 aliquam
1639 1607 1801 1641 medelam

7 1654 161 1689 adlabere
185 1661 365 1694 conantum
400 1661 435 1689 et
458 1656 593 1688 Terram
617 1657 746 1698 quidem
771 1666 845 1690 cum
870 1658 1010 1699 antiquis
1040 1657 1292 1699 hypothesibus.
1323 1658 1358 1689 in
1391 1658 1532 1689 Lunai-is
1568 1659 1602 1688 et
1625 1655 1801 1688 stelliferae

3 1699 177 1744 *hau-e,
199 1713 262 1737 nec
284 1713 350 1736 non
373 1704 474 1736 totius
498 1704 639 1735 universi
662 1704 804 1736 medium
827 1709 990 1746 reponunt
1012 1705 1225 1744 immobilem,
1254 1704 1362 1737 Solem
1387 1707 1497 1736 autem
1523 1713 1597 1736 cum
1622 1702 1801 1745 Copernico

7 1754 188 1784 morum
209 1751 416 1793 planetarum
440 1755 603 1790 centrum,
636 1751 785 1783 mobilem
809 1756 940 1788 tamen,
973 1753 1186 1794 profitemur.-
1222 1751 1383 1794 Magnum
1406 1761 1487 1784 saue
1519 1756 1587 1786 est,
1617 1761 1679 1782 nec
1702 1750 1801 1790 laude

3 1805 71 1836 ιιι
90 1798 260 1840 privandi.
294 1799 348 1841 qui
370 1799 405 1831 id
428 1802 588 1830 statuunt.
628 1798 759 1831 Verum
782 1799 846 1831 hac
868 1799 1097 1841 hypothesium
1128 1800 1358 1832 emendatione
1388 1799 1467 1831 nihil
1493 1799 1554 1830 nisi
1582 1802 1744 1830 vetustam
1768 1802 1802 1829 et

177 1845 326 1888 togulam
347 1856 431 1878 novo
454 1855 564 1887 panno
588 1846 780 1883 resarciunt,
806 1849 899 1888 qu'us
923 1852 1058 1888 ruptura
1080 1852 1156 1888 post
1178 1849 1283 1888 maJor
1299 1846 1368 1879 fieri
1385 1847 1478 1879 solet.
1515 1845 1602 1878 Nam
1626 1845 1690 1877 hac
1714 1845 1799 1887 posi-

0 1920 1 1923 ,
77 1882 268 1934 eprofeoto
299 1897 446 1925 motuum
479 1897 594 1925 centra
626 1897 660 1925 et
690 1894 825 1926 virentes
855 1894 1007 1926 motrices
1038 1894 1255 1928 dissolvuntur
1290 1898 1324 1926 et
1354 1893 1596 1929 distrahuntur,
1631 1892 1733 1924 ceteri
1768 1896 1802 1924 et

4 1935 114 1973 fietus
137 1943 172 1994 et
194 1940 287 1972 orbes
312 1938 395 1980 (sive
419 1940 569 1982 quicquid
593 1940 627 1972 id
651 1941 711 1977 sit,
735 1941 821 1982 quod
845 1941 967 1973 orbium
992 1941 1157 1983 quandam
1180 1942 1343 1974 rationem
1366 1939 1506 1979 habeat)
1531 1939 1632 1972 multo
1655 1939 1801 1981 pluribus

122 2001 142 2009 ¹
165 1987 249 2015 ·‹‘=='1.
278 1987 484 2020 involvuntur
506 1988 615 2025 tricis,
640 1997 702 2020 nee
728 1997 800 2020 cum
824 1989 973 2026 ratione,
1012 1995 1070 2021 aut
1093 1989 1355 2031 magnitudinum
1378 1993 1587 2029 motuumque
1621 1991 1656 2019 et
1680 1987 1801 2019 ordinis

18 2039 57 2082 J)
93 2003 313 2077 proportione,
337 2035 508 2077 quiequam
533 2044 607 2067 cum
631 2035 732 2068 altero
758 2036 972 2068 consociatur.
1012 2035 1135 2076 Quibus
1151 2046 1252 2068 unum
1269 2035 1331 2068 hoc
1347 2035 1484 2078 Kepleri
1507 2035 1609 2067 nostri
1633 2035 1801 2066 inventum

59 2090 144 2114 ιο.
191 2081 232 2114 In
254 2091 338 2124 quo.
363 2092 420 2124 pro
446 2081 616 2138 Copernici
638 2083 846 2118 recentioris,
870 2088 904 2115 et
928 2083 1108 2115 Aristarchi
1132 2083 1343 2115 vetustissimi
1365 2083 1590 2115 mathematici
1615 2082 1799 2114 sententiae

7 2133 12 2141 ’
58 2143 71 2154 ··
90 2144 93 2154 ι
126 2143 152 2155 ··
190 2128 271 2161 'one
296 2127 350 2170 (ut
365 2129 406 2161 de
423 2129 494 2161 aliis
515 2131 585 2170 Jam
601 2129 697 2169 nihil)
722 2129 982 2172 elegantissimus
1006 2132 1147 2172 partium
1162 2130 1285 2162 vmundi
1311 2131 1397 2169 ordo,
1423 2131 1501 2162 item
1525 2129 1743 2171 pulcherrima
1768 2133 1802 2161 et

19 2192 37 2202 ..
60 2190 85 2202 ,η
128 2192 134 2213 ⁴.
175 2181 222 2203 mc>
258 2176 521 2218 magnitudinum
544 2181 580 2208 et
602 2181 748 2209 motuum
770 2178 944 2218 proportio,
969 2187 1114 2210 consona
1137 2178 1278 2220 quinque
1303 2178 1486 2219 corporibus
1510 2177 1725 2218 regularibus,
1750 2178 1799 2208 in-

18 2256 23 2258 ,
41 2245 44 2247 -
73 2220 453 2255 iosissimemonstratm:
489 2223 584 2255 Haec
607 2233 669 2257 nec
693 2225 728 2255 iu
752 2225 893 2266 antiquis
916 2225 1159 2266 hypothesibus,
1182 2234 1244 2256 neo
1269 2226 1305 2257 in
1327 2226 1544 2257 recentiorum
1562 2224 1799 2256 emendationi-

91 2267 206 2302 haberi
229 2274 289 2302 aut
310 2271 432 2311 sperari
454 2280 606 2313 unquam
621 2276 766 2313 possunt.
804 2271 864 2303 Cui
890 2282 965 2314 ergo
991 2274 1092 2304 tutius
1117 2271 1282 2305 fidendum
1305 2271 1584 2305 existimabimus?
1621 2271 1721 2308 liene,
1746 2271 1800 2312 qui

61 2332 65 2343 ·
119 2318 205 2348 mes
228 2316 400 2348 nonnullas
424 2317 641 2350 absurditates
665 2319 767 2351 vitare
800 2319 944 2351 volentes
978 2320 1011 2351 in
1043 2320 1205 2361 graviores
1237 2329 1274 2351 se
1302 2321 1542 2361 praecipitant,
1577 2326 1657 2360 quas
1688 2323 1800 2350 tamen

36 2408 37 2411 Ἴ
60 2377 73 2389 »⁴
92 2363 236 2395 lantibus
252 2363 363 2395 fulcris
379 2363 585 2401 suffulciunt,
610 2365 751 2408 nihilque
769 2375 843 2397 cum
858 2367 985 2398 ratione
1007 2366 1140 2403 dicunt;
1166 2376 1210 2398 an
1234 2376 1309 2398 vero
1334 2367 1375 2404 ei,
1402 2367 1456 2408 qui
1480 2367 1550 2398 sine
1575 2367 1702 2398 ratione
1719 2365 1798 2396 nihil

29 2426 31 2431 ·
73 2425 86 2437 -·
135 2433 145 2446 ‚
177 2411 287 2442 omnia
307 2411 408 2443 solide
433 2411 623 2448 confirmat,
655 2417 689 2444 et
718 2422 803 2455 quae
827 2413 956 2455 quidem
981 2413 1123 2446 absurda
1146 2414 1309 2452 videntur,
1345 2413 1447 2447 solide
1471 2412 1617 2446 refutem
1667 2413 1799 2444 Amicus

21 2459 79 2507 '⁴
94 2456 229 2495 Pisto,
254 2459 379 2490 amicus
403 2457 572 2495 Socrates,
597 2459 703 2501 magis
726 2463 838 2492 tamen
863 2460 970 2492 amica
994 2461 1136 2493 Veritas.

42 2504 66 2548 ³2
93 2503 197 2538 Haec
220 2514 295 2548 ego,
316 2505 437 2538 Lector
459 2505 625 2543 benevole,
650 2506 775 2539 erudito
799 2507 935 2548 Kepleri
955 2507 1140 2545 Prodromo,
1165 2509 1344 2540 continenti
1369 2509 1604 2549 expositionem
1628 2507 1799 2539 abstrusis-

22 2554 57 2602 ’Μ
115 2566 152 2579 w·
194 2555 335 2589 naturae
367 2553 592 2594 mysteriorum
622 2552 783 2586 hactenus
808 2563 830 2586 a
853 2555 982 2586 nemine
1006 2556 1209 2587 inventorum
1234 2559 1293 2586 aut
1317 2555 1632 2591 animadversorum,
1666 2555 1799 2595 subjun-

61 2615 85 2646 3·
141 2598 237 2636 duxi,
253 2599 396 2632 indubia
418 2609 496 2641 spe,
523 2604 560 2631 ut
584 2604 663 2635 ante
687 2600 770 2637 dixi,
794 2602 906 2639 fietus,
933 2611 991 2633 nos
1014 2602 1110 2643 hujus
1134 2602 1280 2642 mysterii
1305 2604 1477 2635 occasione
1503 2601 1559 2642 (de
1577 2603 1695 2634 ceteris
1713 2602 1797 2633 anti-

28 2647 59 2683 {j
103 2648 139 2679 et
158 2647 392 2679 recentioribus
424 2646 655 2688 hypothesibus
687 2657 748 2690 ego
776 2650 847 2689 jam
879 2648 1000 2680 dudum
1031 2648 1215 2690 desperavi)
1247 2650 1435 2691 propediem
1468 2650 1700 2681 astronomiam
1730 2652 1800 2680 tam

85 2708 89 2711 ·
120 2708 134 2719 ··
175 2690 219 2733 (ιι
249 2694 344 2726 modo
373 2694 443 2726 ulla
474 2694 641 2735 expolitior
663 2698 697 2726 et
721 2694 898 2735 perfectior
926 2697 1110 2738 repurgatio
1143 2701 1177 2729 et
1205 2697 1310 2728 forma
1334 2699 1403 2737 ejus
1428 2696 1551 2737 sperari
1576 2700 1610 2728 et
1634 2697 1799 2738 expectari

71 2776 74 2778 ,
108 2737 126 2780 )
150 2744 188 2772 ut
209 2750 307 2782 quam
330 2741 575 2777 nitidissimam,
600 2741 765 2773 habituros
791 2752 873 2774 esse.

52 2825 57 2831 ἰ
104 2785 267 2826 Quoniam
290 2791 401 2821 autem
423 2789 458 2821 in
481 2788 543 2820 hoc
567 2788 740 2820 Prodromo
764 2788 999 2830 M.Kep1erus
1023 2799 1122 2832 saepe
1148 2790 1190 2822 ad
1215 2790 1347 2831 Georgii
1368 2789 1532 2821 Joachimi
1556 2789 1688 2822 Rhetici
1711 2789 1797 2822 Nar-

83 2850 105 2863 ιιἸ
192 2835 346 2876 appellat,
371 2845 468 2877 quam
493 2833 699 2872 anno1539,
725 2840 794 2868 tum
819 2845 893 2867 cum
910 2836 1085 2878 Coperuico
1110 2838 1231 2873 vivens,
1257 2843 1433 2877 antequam
1457 2846 1533 2868 suos
1548 2836 1799 2870 Revolutiouum

30 2885 99 2934 ‘'i''
121 2879 317 2922 Oopemieus
342 2882 505 2918 edidisset.
531 2883 574 2914 ad
590 2882 790 2915 Schonerum
814 2884 998 2924 scripserat,
1022 2884 1080 2915 illa
1103 2894 1178 2915 vero
1201 2883 1355 2915 Narratio
1379 2894 1445 2915 non
1469 2885 1503 2915 in
1527 2885 1670 2916 omm'um
1692 2886 1797 2917 mani-

30 2863 256 2970 [stoi-satur.
297 2929 367 2972 Ego
392 2939 486 2970 eam,
518 2939 586 2962 una
618 2940 693 2962 cum
716 2930 870 2962 Encomio
893 2930 1066 2962 Borussiae
1101 2931 1143 2962 ab
1175 2931 1290 2962 eodem
1312 2930 1452 2963 Rhetico
1483 2932 1685 2972 conscripto,
1721 2932 1799 2964 huic

60 2973 218 3018 Weri
238 2975 413 3008 Prodromo
437 2975 532 3017 (licet
554 2977 623 3017 ipso
646 2977 764 3015 inscio,
791 2981 844 3014 et,
879 2978 955 3019 quia
980 2978 1134 3014 absente,
1165 2975 1365 3018 inconsulto)
1399 2978 1643 3020 adiungendam
1667 2980 1797 3011 omnino

61 3023 70 3027 “’
88 3061 98 3067 ⁹
123 3038 128 3043 ·
157 3022 221 3051 ·‘=·‹·
244 3024 368 3055 censui.
403 3023 505 3065 quue
522 3027 617 3056 tanto
632 3026 748 3066 magis,
773 3025 858 3066 quod
882 3024 1030 3056 videbam
1055 3034 1072 3055 e
1098 3024 1221 3055 duobus
1244 3025 1295 3056 his
1316 3025 1443 3066 scriptis
1460 3035 1614 3068 magnam
1631 3025 1797 3058 Prodromi

37 3071 71 3113 ἕξ
172 3069 229 3103 ubi
252 3069 343 3102 stilus
367 3071 407 3103 ob
430 3071 623 3106 brevitatem
646 3072 802 3104 nonnulla
826 3072 965 3113 abrupit,
989 3071 1160 3117 plurimum
1183 3071 1263 3110 lucis
1288 3076 1497 3119 accepturam
1523 3082 1605 3108 esse.
1646 3073 1795 3114 Accedit,
