<?xml version="1.0" encoding="UTF-8"?>
<!DOCTYPE html PUBLIC "-//W3C//DTD XHTML 1.0 Transitional//EN"
    "http://www.w3.org/TR/xhtml1/DTD/xhtml1-transitional.dtd">
<html xmlns="http://www.w3.org/1999/xhtml" xml:lang="en" lang="en">
 <head>
  <title>
</title>
<meta http-equiv="Content-Type" content="text/html;charset=utf-8" />
  <meta name='ocr-system' content='tesseract 3.04.00' />
  <meta name='ocr-capabilities' content='ocr_page ocr_carea ocr_par ocr_line ocrx_word'/>
</head>
<body>
  <div class='ocr_page' id='page_1' title='image "./operaomniaedidit01kepluoft/operaomniaedidit01kepluoft_0334.png"; bbox 0 0 2028 3242; ppageno 0'>
   <div class='ocr_carea' id='block_1_1' title="bbox 135 39 1373 84">
    <p class='ocr_par' dir='ltr' id='par_1_1' title="bbox 135 39 1373 84">
     <span class='ocr_line' id='line_1_1' title="bbox 135 39 1373 84; baseline 0.006 -16"><span class='ocrx_word' id='word_1_1' title='bbox 135 39 221 82; x_wconf 76' lang='lat'>312</span> <span class='ocrx_word' id='word_1_2' title='bbox 691 40 825 72; x_wconf 88' lang='lat' dir='ltr'>Literae</span> <span class='ocrx_word' id='word_1_3' title='bbox 849 40 987 82; x_wconf 87' lang='lat' dir='ltr'>Kepleri</span> <span class='ocrx_word' id='word_1_4' title='bbox 1012 41 1212 84; x_wconf 86' lang='lat' dir='ltr'>aliorumque</span> <span class='ocrx_word' id='word_1_5' title='bbox 1235 45 1373 75; x_wconf 84' lang='lat' dir='ltr'>mutuae</span> 
     </span>
    </p>
   </div>
   <div class='ocr_carea' id='block_1_2' title="bbox 197 143 1759 258">
    <p class='ocr_par' dir='ltr' id='par_1_2' title="bbox 197 143 1759 258">
     <span class='ocr_line' id='line_1_2' title="bbox 197 143 1759 204; baseline 0.003 -18"><span class='ocrx_word' id='word_1_6' title='bbox 197 144 321 188; x_wconf 83' lang='lat'>1600.</span> <span class='ocrx_word' id='word_1_7' title='bbox 386 143 426 186; x_wconf 87' lang='grc'>6.</span> <span class='ocrx_word' id='word_1_8' title='bbox 453 145 547 186; x_wconf 87' lang='lat' dir='ltr'>Jan.</span> <span class='ocrx_word' id='word_1_9' title='bbox 601 145 683 185; x_wconf 84' lang='lat' dir='ltr'>lter</span> <span class='ocrx_word' id='word_1_10' title='bbox 713 144 920 198; x_wconf 86' lang='lat' dir='ltr'>ingressus</span> <span class='ocrx_word' id='word_1_11' title='bbox 954 158 1054 187; x_wconf 91' lang='lat' dir='ltr'>sum.</span> <span class='ocrx_word' id='word_1_12' title='bbox 1120 144 1159 187; x_wconf 91' lang='lat'>3.</span> <span class='ocrx_word' id='word_1_13' title='bbox 1180 148 1277 189; x_wconf 88' lang='lat' dir='ltr'>Feb.</span> <span class='ocrx_word' id='word_1_14' title='bbox 1309 147 1402 189; x_wconf 88' lang='lat' dir='ltr'>veni</span> <span class='ocrx_word' id='word_1_15' title='bbox 1434 149 1487 190; x_wconf 86' lang='lat' dir='ltr'>ad</span> <span class='ocrx_word' id='word_1_16' title='bbox 1517 149 1759 204; x_wconf 87' lang='lat' dir='ltr'>Tychonem.</span> 
     </span>
     <span class='ocr_line' id='line_1_3' title="bbox 385 202 1560 258; baseline 0.003 -13"><span class='ocrx_word' id='word_1_17' title='bbox 385 203 426 245; x_wconf 90' lang='lat'>5.</span> <span class='ocrx_word' id='word_1_18' title='bbox 448 203 546 245; x_wconf 87' lang='lat' dir='ltr'>Feb.</span> <span class='ocrx_word' id='word_1_19' title='bbox 602 202 750 244; x_wconf 91' lang='lat' dir='ltr'>Omnia</span> <span class='ocrx_word' id='word_1_20' title='bbox 782 217 883 258; x_wconf 90' lang='lat' dir='ltr'>quae</span> <span class='ocrx_word' id='word_1_21' title='bbox 917 205 1106 257; x_wconf 83' lang='lat' dir='ltr'>optabam</span> <span class='ocrx_word' id='word_1_22' title='bbox 1138 207 1243 247; x_wconf 87' lang='lat' dir='ltr'>ultro</span> <span class='ocrx_word' id='word_1_23' title='bbox 1275 207 1371 252; x_wconf 80' lang='lat' dir='ltr'>mibi</span> <span class='ocrx_word' id='word_1_24' title='bbox 1404 208 1560 250; x_wconf 89' lang='lat' dir='ltr'>detulit.</span> 
     </span>
    </p>
   </div>
   <div class='ocr_carea' id='block_1_3' title="bbox 381 263 1781 378">
    <p class='ocr_par' dir='ltr' id='par_1_3' title="bbox 381 263 1781 378">
     <span class='ocr_line' id='line_1_4' title="bbox 385 263 1781 316; baseline 0.005 -14"><span class='ocrx_word' id='word_1_25' title='bbox 385 263 519 315; x_wconf 85' lang='lat' dir='ltr'>Aprili</span> <span class='ocrx_word' id='word_1_26' title='bbox 557 275 700 303; x_wconf 89' lang='lat' dir='ltr'>nomen</span> <span class='ocrx_word' id='word_1_27' title='bbox 737 276 868 303; x_wconf 90' lang='lat' dir='ltr'>meum</span> <span class='ocrx_word' id='word_1_28' title='bbox 907 264 958 303; x_wconf 87' lang='lat' dir='ltr'>ad</span> <span class='ocrx_word' id='word_1_29' title='bbox 992 263 1261 306; x_wconf 89' lang='lat' dir='ltr'>Corraducem</span> <span class='ocrx_word' id='word_1_30' title='bbox 1295 267 1459 316; x_wconf 88' lang='lat' dir='ltr'>detulit;</span> <span class='ocrx_word' id='word_1_31' title='bbox 1493 267 1671 309; x_wconf 79' lang='lat' dir='ltr'>assensit</span> <span class='ocrx_word' id='word_1_32' title='bbox 1699 267 1781 309; x_wconf 88' lang='lat' dir='ltr'>ille.</span> 
     </span>
     <span class='ocr_line' id='line_1_5' title="bbox 381 321 1452 378; baseline 0.005 -16"><span class='ocrx_word' id='word_1_33' title='bbox 381 321 503 362; x_wconf 86' lang='lat' dir='ltr'>Junio</span> <span class='ocrx_word' id='word_1_34' title='bbox 535 322 635 362; x_wconf 88' lang='lat' dir='ltr'>redii</span> <span class='ocrx_word' id='word_1_35' title='bbox 669 321 870 371; x_wconf 79' lang='lat' dir='ltr'><strong>Gratiam,</strong></span> <span class='ocrx_word' id='word_1_36' title='bbox 906 323 1090 376; x_wconf 89' lang='lat' dir='ltr'>deposito</span> <span class='ocrx_word' id='word_1_37' title='bbox 1124 325 1199 365; x_wconf 90' lang='lat' dir='ltr'>hoc</span> <span class='ocrx_word' id='word_1_38' title='bbox 1231 326 1452 378; x_wconf 87' lang='lat' dir='ltr'>proposito.</span> 
     </span>
    </p>
   </div>
   <div class='ocr_carea' id='block_1_4' title="bbox 382 381 1941 498">
    <p class='ocr_par' dir='ltr' id='par_1_4' title="bbox 382 381 1941 498">
     <span class='ocr_line' id='line_1_6' title="bbox 382 381 1939 438; baseline 0.003 -17"><span class='ocrx_word' id='word_1_39' title='bbox 382 381 490 422; x_wconf 88' lang='lat' dir='ltr'>Julio</span> <span class='ocrx_word' id='word_1_40' title='bbox 524 394 613 421; x_wconf 91' lang='lat' dir='ltr'>cum</span> <span class='ocrx_word' id='word_1_41' title='bbox 643 381 684 431; x_wconf 65' lang='grc'>’11</span> <span class='ocrx_word' id='word_1_42' title='bbox 703 382 781 422; x_wconf 89' lang='lat' dir='ltr'>iret</span> <span class='ocrx_word' id='word_1_43' title='bbox 811 395 883 435; x_wconf 89' lang='lat' dir='ltr'>per</span> <span class='ocrx_word' id='word_1_44' title='bbox 913 383 946 422; x_wconf 95' lang='lat' dir='ltr'>I.</span> <span class='ocrx_word' id='word_1_45' title='bbox 982 381 1137 423; x_wconf 86' lang='lat' dir='ltr'>Caesar</span> <span class='ocrx_word' id='word_1_46' title='bbox 1163 385 1342 438; x_wconf 91' lang='lat' dir='ltr'>Tychoni</span> <span class='ocrx_word' id='word_1_47' title='bbox 1375 385 1423 426; x_wconf 92' lang='lat' dir='ltr'>de</span> <span class='ocrx_word' id='word_1_48' title='bbox 1450 398 1514 426; x_wconf 89' lang='lat' dir='ltr'>me</span> <span class='ocrx_word' id='word_1_49' title='bbox 1539 385 1722 426; x_wconf 72' lang='lat' dir='ltr'>vocando</span> <span class='ocrx_word' id='word_1_50' title='bbox 1748 386 1939 427; x_wconf 82' lang='lat' dir='ltr'>assensit.</span> 
     </span>
     <span class='ocr_line' id='line_1_7' title="bbox 506 439 1941 498; baseline 0.004 -18"><span class='ocrx_word' id='word_1_51' title='bbox 506 439 596 492; x_wconf 84' lang='lat' dir='ltr'>Ego</span> <span class='ocrx_word' id='word_1_52' title='bbox 629 441 786 481; x_wconf 87' lang='lat' dir='ltr'>interea</span> <span class='ocrx_word' id='word_1_53' title='bbox 818 441 856 481; x_wconf 93' lang='lat' dir='ltr'>in</span> <span class='ocrx_word' id='word_1_54' title='bbox 891 440 1027 495; x_wconf 90' lang='lat' dir='ltr'>Styria</span> <span class='ocrx_word' id='word_1_55' title='bbox 1060 443 1197 495; x_wconf 88' lang='lat' dir='ltr'>accepi</span> <span class='ocrx_word' id='word_1_56' title='bbox 1227 444 1458 496; x_wconf 88' lang='lat' dir='ltr'>pecuniam,</span> <span class='ocrx_word' id='word_1_57' title='bbox 1505 442 1592 486; x_wconf 81' lang='grc'>200</span> <span class='ocrx_word' id='word_1_58' title='bbox 1622 444 1826 494; x_wconf 85' lang='lat' dir='ltr'><strong>thaleros,</strong></span> <span class='ocrx_word' id='word_1_59' title='bbox 1869 458 1941 498; x_wconf 86' lang='lat' dir='ltr'>pro</span> 
     </span>
    </p>
   </div>
   <div class='ocr_carea' id='block_1_5' title="bbox 509 499 1942 611">
    <p class='ocr_par' dir='ltr' id='par_1_5' title="bbox 509 499 1942 611">
     <span class='ocr_line' id='line_1_8' title="bbox 510 499 1942 555; baseline 0.006 -17"><span class='ocrx_word' id='word_1_60' title='bbox 510 499 723 553; x_wconf 86' lang='lat' dir='ltr'>Mysterio.</span> <span class='ocrx_word' id='word_1_61' title='bbox 789 501 1008 553; x_wconf 90' lang='lat' dir='ltr'>Utrumque</span> <span class='ocrx_word' id='word_1_62' title='bbox 1041 507 1227 555; x_wconf 90' lang='lat' dir='ltr'>coeptum</span> <span class='ocrx_word' id='word_1_63' title='bbox 1261 504 1467 555; x_wconf 87' lang='lat' dir='ltr'>superiore</span> <span class='ocrx_word' id='word_1_64' title='bbox 1498 503 1599 546; x_wconf 91' lang='lat' dir='ltr'>Dec.</span> <span class='ocrx_word' id='word_1_65' title='bbox 1632 509 1675 544; x_wconf 87' lang='lat' dir='ltr'>et</span> <span class='ocrx_word' id='word_1_66' title='bbox 1704 504 1820 554; x_wconf 89' lang='lat' dir='ltr'>Jan.,</span> <span class='ocrx_word' id='word_1_67' title='bbox 1852 517 1942 546; x_wconf 87' lang='lat' dir='ltr'>cum</span> 
     </span>
     <span class='ocr_line' id='line_1_9' title="bbox 509 558 996 611; baseline 0.006 -14"><span class='ocrx_word' id='word_1_68' title='bbox 509 558 548 607; x_wconf 68' lang='lat' dir='ltr'>‘Li</span> <span class='ocrx_word' id='word_1_69' title='bbox 579 559 758 611; x_wconf 85' lang='lat' dir='ltr'>proxime</span> <span class='ocrx_word' id='word_1_70' title='bbox 791 560 822 599; x_wconf 93' lang='lat' dir='ltr'>I.</span> <span class='ocrx_word' id='word_1_71' title='bbox 856 565 996 600; x_wconf 88' lang='lat' dir='ltr'>staret.</span> 
     </span>
    </p>
   </div>
   <div class='ocr_carea' id='block_1_6' title="bbox 355 614 1568 731">
    <p class='ocr_par' dir='ltr' id='par_1_6' title="bbox 355 614 1568 731">
     <span class='ocr_line' id='line_1_10' title="bbox 389 614 1568 671; baseline 0.004 -14"><span class='ocrx_word' id='word_1_72' title='bbox 389 614 429 658; x_wconf 84' lang='lat'>7.</span> <span class='ocrx_word' id='word_1_73' title='bbox 450 617 558 670; x_wconf 89' lang='lat' dir='ltr'>Aug.</span> <span class='ocrx_word' id='word_1_74' title='bbox 612 617 752 671; x_wconf 85' lang='lat' dir='ltr'>Styria</span> <span class='ocrx_word' id='word_1_75' title='bbox 784 631 870 659; x_wconf 91' lang='lat' dir='ltr'>sum</span> <span class='ocrx_word' id='word_1_76' title='bbox 903 620 1053 671; x_wconf 88' lang='lat' dir='ltr'>ejectus</span> <span class='ocrx_word' id='word_1_77' title='bbox 1087 620 1284 660; x_wconf 88' lang='lat' dir='ltr'>communi</span> <span class='ocrx_word' id='word_1_78' title='bbox 1316 621 1568 662; x_wconf 84' lang='lat' dir='ltr'>calamitate.</span> 
     </span>
     <span class='ocr_line' id='line_1_11' title="bbox 355 674 1267 731; baseline 0.003 -15"><span class='ocrx_word' id='word_1_79' title='bbox 355 674 423 716; x_wconf 89' lang='lat'>30.</span> <span class='ocrx_word' id='word_1_80' title='bbox 447 676 561 730; x_wconf 85' lang='lat' dir='ltr'>Sept.</span> <span class='ocrx_word' id='word_1_81' title='bbox 607 678 692 719; x_wconf 87' lang='lat' dir='ltr'>Iter</span> <span class='ocrx_word' id='word_1_82' title='bbox 723 690 809 718; x_wconf 88' lang='lat' dir='ltr'>sum</span> <span class='ocrx_word' id='word_1_83' title='bbox 840 678 1047 730; x_wconf 84' lang='lat' dir='ltr'>ingressus</span> <span class='ocrx_word' id='word_1_84' title='bbox 1078 679 1267 731; x_wconf 88' lang='lat' dir='ltr'>Pragam.</span> 
     </span>
    </p>
   </div>
   <div class='ocr_carea' id='block_1_7' title="bbox 135 731 1943 1130">
    <p class='ocr_par' dir='ltr' id='par_1_7' title="bbox 135 731 1943 1130">
     <span class='ocr_line' id='line_1_12' title="bbox 197 731 1941 792; baseline 0.003 -17"><span class='ocrx_word' id='word_1_85' title='bbox 197 731 321 775; x_wconf 87' lang='grc'>1601.</span> <span class='ocrx_word' id='word_1_86' title='bbox 347 732 417 776; x_wconf 83' lang='grc'>26.</span> <span class='ocrx_word' id='word_1_87' title='bbox 441 735 534 776; x_wconf 90' lang='lat' dir='ltr'>Oct.</span> <span class='ocrx_word' id='word_1_88' title='bbox 590 731 720 776; x_wconf 83' lang='lat' dir='ltr'>Biduo</span> <span class='ocrx_word' id='word_1_89' title='bbox 762 742 855 790; x_wconf 86' lang='lat' dir='ltr'>post</span> <span class='ocrx_word' id='word_1_90' title='bbox 894 742 1061 778; x_wconf 91' lang='lat' dir='ltr'>mortem</span> <span class='ocrx_word' id='word_1_91' title='bbox 1095 738 1295 792; x_wconf 87' lang='lat' dir='ltr'>Tychonis</span> <span class='ocrx_word' id='word_1_92' title='bbox 1334 740 1472 791; x_wconf 90' lang='lat' dir='ltr'>jussus</span> <span class='ocrx_word' id='word_1_93' title='bbox 1504 752 1594 787; x_wconf 33' lang='lat' dir='ltr'>sum·</span> <span class='ocrx_word' id='word_1_94' title='bbox 1624 742 1838 791; x_wconf 82' lang='lat' dir='ltr'>expectare</span> <span class='ocrx_word' id='word_1_95' title='bbox 1871 753 1941 780; x_wconf 88' lang='lat' dir='ltr'>sa-</span> 
     </span>
     <span class='ocr_line' id='line_1_13' title="bbox 508 794 1941 839; baseline 0.003 -5"><span class='ocrx_word' id='word_1_96' title='bbox 508 794 649 835; x_wconf 89' lang='lat' dir='ltr'>larium</span> <span class='ocrx_word' id='word_1_97' title='bbox 683 795 887 836; x_wconf 78' lang='lat' dir='ltr'>Caesaris.</span> <span class='ocrx_word' id='word_1_98' title='bbox 950 797 998 836; x_wconf 94' lang='lat' dir='ltr'>Id</span> <span class='ocrx_word' id='word_1_99' title='bbox 1030 798 1202 837; x_wconf 90' lang='lat' dir='ltr'>nondum</span> <span class='ocrx_word' id='word_1_100' title='bbox 1235 798 1511 838; x_wconf 88' lang='lat' dir='ltr'>confirmatum</span> <span class='ocrx_word' id='word_1_101' title='bbox 1552 803 1617 839; x_wconf 88' lang='lat' dir='ltr'>est</span> <span class='ocrx_word' id='word_1_102' title='bbox 1652 799 1728 839; x_wconf 87' lang='lat' dir='ltr'>hoc</span> <span class='ocrx_word' id='word_1_103' title='bbox 1775 797 1813 839; x_wconf 90' lang='grc'>1.</span> <span class='ocrx_word' id='word_1_104' title='bbox 1847 798 1941 839; x_wconf 92' lang='lat' dir='ltr'>Oct.</span> 
     </span>
     <span class='ocr_line' id='line_1_14' title="bbox 512 851 1058 907; baseline 0.004 -13"><span class='ocrx_word' id='word_1_105' title='bbox 512 851 639 902; x_wconf 80' lang='lat'>1602,</span> <span class='ocrx_word' id='word_1_106' title='bbox 674 868 749 907; x_wconf 90' lang='lat' dir='ltr'>quo</span> <span class='ocrx_word' id='word_1_107' title='bbox 781 855 882 895; x_wconf 90' lang='lat' dir='ltr'>haec</span> <span class='ocrx_word' id='word_1_108' title='bbox 915 856 1058 896; x_wconf 86' lang='lat' dir='ltr'>scribo.</span> 
     </span>
     <span class='ocr_line' id='line_1_15' title="bbox 253 912 1674 966; baseline 0.004 -15"><span class='ocrx_word' id='word_1_109' title='bbox 253 912 404 960; x_wconf 87' lang='lat' dir='ltr'>Habes,</span> <span class='ocrx_word' id='word_1_110' title='bbox 440 914 544 966; x_wconf 90' lang='lat' dir='ltr'>quod</span> <span class='ocrx_word' id='word_1_111' title='bbox 575 914 729 965; x_wconf 87' lang='lat' dir='ltr'>petisti.</span> <span class='ocrx_word' id='word_1_112' title='bbox 765 936 820 944; x_wconf 84' lang='lat'>-——</span> <span class='ocrx_word' id='word_1_113' title='bbox 1668 961 1674 965; x_wconf 58' lang='grc'>,</span> 
     </span>
     <span class='ocr_line' id='line_1_16' title="bbox 254 969 1942 1027; baseline 0.002 -16"><span class='ocrx_word' id='word_1_114' title='bbox 254 971 496 1012; x_wconf 89' lang='lat' dir='ltr'>Maestlinus</span> <span class='ocrx_word' id='word_1_115' title='bbox 529 977 646 1012; x_wconf 87' lang='lat' dir='ltr'>natus</span> <span class='ocrx_word' id='word_1_116' title='bbox 680 978 742 1013; x_wconf 92' lang='lat' dir='ltr'>est</span> <span class='ocrx_word' id='word_1_117' title='bbox 774 973 847 1013; x_wconf 92' lang='lat' dir='ltr'>sub</span> <span class='ocrx_word' id='word_1_118' title='bbox 882 971 1039 1024; x_wconf 65' lang='grc' dir='ltr'>όΘςς</span> <span class='ocrx_word' id='word_1_119' title='bbox 1071 972 1110 1012; x_wconf 90' lang='grc'>111</span> <span class='ocrx_word' id='word_1_120' title='bbox 1140 969 1308 1022; x_wconf 47' lang='grc'>1702,</span> <span class='ocrx_word' id='word_1_121' title='bbox 1335 975 1367 1021; x_wconf 88' lang='grc'>)</span> <span class='ocrx_word' id='word_1_122' title='bbox 1399 973 1439 1013; x_wconf 86' lang='grc'>111</span> <span class='ocrx_word' id='word_1_123' title='bbox 1472 971 1590 1023; x_wconf 84' lang='lat'>2⁰11,</span> <span class='ocrx_word' id='word_1_124' title='bbox 1624 973 1664 1023; x_wconf 66' lang='grc'>’1-1</span> <span class='ocrx_word' id='word_1_125' title='bbox 1694 973 1735 1015; x_wconf 89' lang='grc'>111</span> <span class='ocrx_word' id='word_1_126' title='bbox 1755 983 1812 1023; x_wconf 63' lang='grc' dir='ltr'>Θ,</span> <span class='ocrx_word' id='word_1_127' title='bbox 1844 971 1872 1027; x_wconf 78' lang='grc'>15</span> <span class='ocrx_word' id='word_1_128' title='bbox 1904 974 1942 1015; x_wconf 90' lang='lat' dir='ltr'>in</span> 
     </span>
     <span class='ocr_line' id='line_1_17' title="bbox 135 1027 1943 1085; baseline 0.002 -15"><span class='ocrx_word' id='word_1_129' title='bbox 135 1027 291 1079; x_wconf 56' lang='lat' dir='ltr'>4⁰m3</span> <span class='ocrx_word' id='word_1_130' title='bbox 343 1037 439 1083; x_wconf 90' lang='lat' dir='ltr'>puto</span> <span class='ocrx_word' id='word_1_131' title='bbox 471 1031 621 1084; x_wconf 88' lang='lat' dir='ltr'>primas</span> <span class='ocrx_word' id='word_1_132' title='bbox 654 1038 792 1084; x_wconf 87' lang='lat' dir='ltr'>partes</span> <span class='ocrx_word' id='word_1_133' title='bbox 827 1035 858 1082; x_wconf 68' lang='grc' dir='ltr'>Ω</span> <span class='ocrx_word' id='word_1_134' title='bbox 892 1032 1012 1073; x_wconf 87' lang='lat' dir='ltr'>oriri:</span> <span class='ocrx_word' id='word_1_135' title='bbox 1062 1032 1099 1073; x_wconf 85' lang='lat'>1.</span> <span class='ocrx_word' id='word_1_136' title='bbox 1134 1031 1249 1085; x_wconf 87' lang='lat' dir='ltr'>Sept.</span> <span class='ocrx_word' id='word_1_137' title='bbox 1276 1031 1408 1082; x_wconf 82' lang='lat'>1551;</span> <span class='ocrx_word' id='word_1_138' title='bbox 1453 1033 1502 1073; x_wconf 91' lang='lat' dir='ltr'>de</span> <span class='ocrx_word' id='word_1_139' title='bbox 1546 1033 1646 1074; x_wconf 87' lang='lat' dir='ltr'>hora</span> <span class='ocrx_word' id='word_1_140' title='bbox 1685 1046 1761 1074; x_wconf 89' lang='lat' dir='ltr'>non</span> <span class='ocrx_word' id='word_1_141' title='bbox 1801 1034 1943 1074; x_wconf 88' lang='lat' dir='ltr'>admo-</span> 
     </span>
     <span class='ocr_line' id='line_1_18' title="bbox 137 1090 505 1130; baseline 0.003 -1"><span class='ocrx_word' id='word_1_142' title='bbox 137 1090 230 1129; x_wconf 89' lang='lat' dir='ltr'>dum</span> <span class='ocrx_word' id='word_1_143' title='bbox 263 1097 396 1130; x_wconf 89' lang='lat' dir='ltr'>certus</span> <span class='ocrx_word' id='word_1_144' title='bbox 429 1097 505 1130; x_wconf 90' lang='lat' dir='ltr'>est.</span> 
     </span>
    </p>
   </div>
   <div class='ocr_carea' id='block_1_8' title="bbox 252 1148 1652 1208">
    <p class='ocr_par' dir='ltr' id='par_1_8' title="bbox 252 1148 1652 1208">
     <span class='ocr_line' id='line_1_19' title="bbox 252 1148 1652 1208; baseline 0.001 -19"><span class='ocrx_word' id='word_1_145' title='bbox 252 1149 496 1191; x_wconf 90' lang='lat' dir='ltr'>Paradeiser</span> <span class='ocrx_word' id='word_1_146' title='bbox 527 1156 646 1190; x_wconf 88' lang='lat' dir='ltr'>natus</span> <span class='ocrx_word' id='word_1_147' title='bbox 679 1155 744 1190; x_wconf 88' lang='lat' dir='ltr'>est</span> <span class='ocrx_word' id='word_1_148' title='bbox 776 1148 998 1191; x_wconf 87' lang='lat' dir='ltr'>Corinthia.</span> <span class='ocrx_word' id='word_1_149' title='bbox 1064 1149 1241 1190; x_wconf 86' lang='lat' dir='ltr'>Genesin</span> <span class='ocrx_word' id='word_1_150' title='bbox 1273 1150 1359 1202; x_wconf 91' lang='lat' dir='ltr'>ipse</span> <span class='ocrx_word' id='word_1_151' title='bbox 1391 1151 1488 1208; x_wconf 73' lang='lat' dir='ltr'>mibi</span> <span class='ocrx_word' id='word_1_152' title='bbox 1526 1150 1652 1191; x_wconf 89' lang='lat' dir='ltr'>dedit.</span> 
     </span>
    </p>
   </div>
   <div class='ocr_carea' id='block_1_9' title="bbox 134 1243 1951 2849">
    <p class='ocr_par' dir='ltr' id='par_1_9' title="bbox 134 1243 1947 1856">
     <span class='ocr_line' id='line_1_20' title="bbox 229 1243 1943 1288; baseline 0 -12"><span class='ocrx_word' id='word_1_153' title='bbox 229 1245 483 1282; x_wconf 85' lang='lat' dir='ltr'>Fabricius,</span> <span class='ocrx_word' id='word_1_154' title='bbox 509 1245 694 1277; x_wconf 80' lang='lat' dir='ltr'>indefessus</span> <span class='ocrx_word' id='word_1_155' title='bbox 718 1247 752 1277; x_wconf 94' lang='lat' dir='ltr'>in</span> <span class='ocrx_word' id='word_1_156' title='bbox 779 1245 963 1283; x_wconf 78' lang='lat' dir='ltr'>scribendo,</span> <span class='ocrx_word' id='word_1_157' title='bbox 991 1250 1071 1278; x_wconf 88' lang='lat' dir='ltr'>ante</span> <span class='ocrx_word' id='word_1_158' title='bbox 1097 1247 1254 1285; x_wconf 85' lang='lat' dir='ltr'>acceptas</span> <span class='ocrx_word' id='word_1_159' title='bbox 1279 1244 1340 1276; x_wconf 83' lang='lat' dir='ltr'>has</span> <span class='ocrx_word' id='word_1_160' title='bbox 1357 1244 1495 1286; x_wconf 88' lang='lat' dir='ltr'>Kepleri</span> <span class='ocrx_word' id='word_1_161' title='bbox 1517 1244 1644 1281; x_wconf 76' lang='lat' dir='ltr'>literas,</span> <span class='ocrx_word' id='word_1_162' title='bbox 1669 1245 1757 1277; x_wconf 86' lang='lat' dir='ltr'>inter</span> <span class='ocrx_word' id='word_1_163' title='bbox 1786 1243 1838 1277; x_wconf 82' lang='lat'>11.</span> <span class='ocrx_word' id='word_1_164' title='bbox 1857 1245 1943 1288; x_wconf 82' lang='lat' dir='ltr'>Aug.</span> 
     </span>
     <span class='ocr_line' id='line_1_21' title="bbox 137 1289 1944 1335; baseline 0.001 -11"><span class='ocrx_word' id='word_1_165' title='bbox 137 1296 169 1324; x_wconf 85' lang='lat' dir='ltr'>et</span> <span class='ocrx_word' id='word_1_166' title='bbox 196 1291 250 1323; x_wconf 85' lang='lat'>18.</span> <span class='ocrx_word' id='word_1_167' title='bbox 279 1292 361 1324; x_wconf 87' lang='lat' dir='ltr'>Nov.</span> <span class='ocrx_word' id='word_1_168' title='bbox 389 1294 559 1334; x_wconf 90' lang='lat' dir='ltr'>quinquies</span> <span class='ocrx_word' id='word_1_169' title='bbox 585 1294 715 1334; x_wconf 84' lang='lat' dir='ltr'>scripsit</span> <span class='ocrx_word' id='word_1_170' title='bbox 741 1291 814 1332; x_wconf 89' lang='lat'>(15.</span> <span class='ocrx_word' id='word_1_171' title='bbox 835 1298 869 1325; x_wconf 86' lang='lat' dir='ltr'>et</span> <span class='ocrx_word' id='word_1_172' title='bbox 886 1291 943 1324; x_wconf 82' lang='lat'>26.</span> <span class='ocrx_word' id='word_1_173' title='bbox 963 1294 1066 1335; x_wconf 62' lang='lat' dir='ltr'>Aug„</span> <span class='ocrx_word' id='word_1_174' title='bbox 1091 1290 1123 1324; x_wconf 83' lang='lat'>4.</span> <span class='ocrx_word' id='word_1_175' title='bbox 1152 1296 1185 1324; x_wconf 88' lang='lat' dir='ltr'>et</span> <span class='ocrx_word' id='word_1_176' title='bbox 1210 1290 1242 1323; x_wconf 90' lang='lat'>8.</span> <span class='ocrx_word' id='word_1_177' title='bbox 1263 1290 1350 1329; x_wconf 90' lang='lat' dir='ltr'>Oct.‚</span> <span class='ocrx_word' id='word_1_178' title='bbox 1381 1289 1434 1323; x_wconf 80' lang='lat'>14.</span> <span class='ocrx_word' id='word_1_179' title='bbox 1453 1290 1574 1332; x_wconf 61' lang='lat' dir='ltr'>Now),</span> <span class='ocrx_word' id='word_1_180' title='bbox 1599 1301 1758 1333; x_wconf 85' lang='lat' dir='ltr'>responsa</span> <span class='ocrx_word' id='word_1_181' title='bbox 1775 1296 1944 1334; x_wconf 81' lang='lat' dir='ltr'>expetens,</span> 
     </span>
     <span class='ocr_line' id='line_1_22' title="bbox 136 1339 1945 1381; baseline 0 -9"><span class='ocrx_word' id='word_1_182' title='bbox 136 1349 239 1372; x_wconf 86' lang='lat' dir='ltr'>novas</span> <span class='ocrx_word' id='word_1_183' title='bbox 264 1341 475 1381; x_wconf 81' lang='lat' dir='ltr'>quaestiones</span> <span class='ocrx_word' id='word_1_184' title='bbox 502 1340 638 1372; x_wconf 83' lang='lat' dir='ltr'>addens,</span> <span class='ocrx_word' id='word_1_185' title='bbox 691 1340 835 1380; x_wconf 79' lang='lat' dir='ltr'>Quaeso,</span> <span class='ocrx_word' id='word_1_186' title='bbox 861 1341 976 1372; x_wconf 88' lang='lat' dir='ltr'>scribit</span> <span class='ocrx_word' id='word_1_187' title='bbox 1003 1339 1058 1372; x_wconf 78' lang='lat'>14.</span> <span class='ocrx_word' id='word_1_188' title='bbox 1084 1339 1185 1379; x_wconf 62' lang='lat' dir='ltr'>Now,</span> <span class='ocrx_word' id='word_1_189' title='bbox 1222 1339 1265 1371; x_wconf 87' lang='lat' dir='ltr'>ad</span> <span class='ocrx_word' id='word_1_190' title='bbox 1299 1340 1411 1372; x_wconf 89' lang='lat' dir='ltr'>omnia</span> <span class='ocrx_word' id='word_1_191' title='bbox 1440 1339 1519 1371; x_wconf 91' lang='lat' dir='ltr'>mihi</span> <span class='ocrx_word' id='word_1_192' title='bbox 1551 1340 1774 1380; x_wconf 75' lang='lat' dir='ltr'>respondeas:</span> <span class='ocrx_word' id='word_1_193' title='bbox 1808 1340 1945 1373; x_wconf 86' lang='lat' dir='ltr'>habebis</span> 
     </span>
     <span class='ocr_line' id='line_1_23' title="bbox 135 1384 1946 1430; baseline 0.001 -12"><span class='ocrx_word' id='word_1_194' title='bbox 135 1398 187 1419; x_wconf 86' lang='lat' dir='ltr'>me</span> <span class='ocrx_word' id='word_1_195' title='bbox 213 1387 246 1418; x_wconf 91' lang='lat' dir='ltr'>in</span> <span class='ocrx_word' id='word_1_196' title='bbox 272 1391 438 1428; x_wconf 87' lang='lat' dir='ltr'>posterum</span> <span class='ocrx_word' id='word_1_197' title='bbox 464 1392 634 1420; x_wconf 88' lang='lat' dir='ltr'>strenuum</span> <span class='ocrx_word' id='word_1_198' title='bbox 660 1388 860 1430; x_wconf 83' lang='lat' dir='ltr'>astrologiae</span> <span class='ocrx_word' id='word_1_199' title='bbox 886 1388 1102 1420; x_wconf 82' lang='lat' dir='ltr'>defensorem.</span> <span class='ocrx_word' id='word_1_200' title='bbox 1154 1387 1385 1420; x_wconf 82' lang='lat' dir='ltr'>Astronomica</span> <span class='ocrx_word' id='word_1_201' title='bbox 1411 1386 1469 1418; x_wconf 89' lang='lat' dir='ltr'>abs</span> <span class='ocrx_word' id='word_1_202' title='bbox 1494 1390 1528 1419; x_wconf 90' lang='lat' dir='ltr'>te</span> <span class='ocrx_word' id='word_1_203' title='bbox 1547 1390 1702 1428; x_wconf 87' lang='lat' dir='ltr'>expecto;</span> <span class='ocrx_word' id='word_1_204' title='bbox 1725 1387 1822 1420; x_wconf 68' lang='lat' dir='ltr'>video</span> <span class='ocrx_word' id='word_1_205' title='bbox 1847 1384 1946 1428; x_wconf 82' lang='lat' dir='ltr'>enim,</span> 
     </span>
     <span class='ocr_line' id='line_1_24' title="bbox 139 1434 1944 1478; baseline 0.001 -13"><span class='ocrx_word' id='word_1_206' title='bbox 139 1439 172 1466; x_wconf 89' lang='lat' dir='ltr'>te</span> <span class='ocrx_word' id='word_1_207' title='bbox 198 1435 351 1466; x_wconf 83' lang='lat' dir='ltr'>divinitus</span> <span class='ocrx_word' id='word_1_208' title='bbox 390 1436 434 1466; x_wconf 92' lang='lat' dir='ltr'>ad</span> <span class='ocrx_word' id='word_1_209' title='bbox 460 1435 673 1467; x_wconf 86' lang='lat' dir='ltr'>excolendam</span> <span class='ocrx_word' id='word_1_210' title='bbox 712 1436 946 1467; x_wconf 86' lang='lat' dir='ltr'>astronomiam</span> <span class='ocrx_word' id='word_1_211' title='bbox 978 1436 1166 1467; x_wconf 85' lang='lat' dir='ltr'>ordinatum</span> <span class='ocrx_word' id='word_1_212' title='bbox 1201 1444 1284 1467; x_wconf 89' lang='lat' dir='ltr'>esse.</span> <span class='ocrx_word' id='word_1_213' title='bbox 1334 1434 1609 1466; x_wconf 86' lang='lat' dir='ltr'>Mathematicum</span> <span class='ocrx_word' id='word_1_214' title='bbox 1634 1434 1738 1467; x_wconf 86' lang='lat' dir='ltr'>habes</span> <span class='ocrx_word' id='word_1_215' title='bbox 1763 1435 1944 1478; x_wconf 78' lang='lat' dir='ltr'>ingenium,</span> 
     </span>
     <span class='ocr_line' id='line_1_25' title="bbox 137 1481 1946 1524; baseline 0.001 -11"><span class='ocrx_word' id='word_1_216' title='bbox 137 1482 471 1523; x_wconf 89' lang='lat' dir='ltr'>contemplationibus</span> <span class='ocrx_word' id='word_1_217' title='bbox 504 1487 616 1523; x_wconf 88' lang='lat' dir='ltr'>aptum</span> <span class='ocrx_word' id='word_1_218' title='bbox 652 1488 685 1514; x_wconf 90' lang='lat' dir='ltr'>et</span> <span class='ocrx_word' id='word_1_219' title='bbox 710 1483 866 1515; x_wconf 88' lang='lat' dir='ltr'>deditum.</span> <span class='ocrx_word' id='word_1_220' title='bbox 919 1482 1015 1522; x_wconf 87' lang='lat' dir='ltr'>Quod</span> <span class='ocrx_word' id='word_1_221' title='bbox 1039 1483 1140 1524; x_wconf 84' lang='lat' dir='ltr'>igitur</span> <span class='ocrx_word' id='word_1_222' title='bbox 1164 1481 1303 1514; x_wconf 84' lang='lat' dir='ltr'>feliciter</span> <span class='ocrx_word' id='word_1_223' title='bbox 1327 1482 1496 1523; x_wconf 85' lang='lat' dir='ltr'>incepisti,</span> <span class='ocrx_word' id='word_1_224' title='bbox 1529 1481 1717 1514; x_wconf 73' lang='lat' dir='ltr'>felicissime</span> <span class='ocrx_word' id='word_1_225' title='bbox 1740 1482 1874 1523; x_wconf 82' lang='lat' dir='ltr'>perfice.</span> <span class='ocrx_word' id='word_1_226' title='bbox 1899 1497 1946 1503; x_wconf 90' lang='lat'>—</span> 
     </span>
     <span class='ocr_line' id='line_1_26' title="bbox 138 1528 1946 1572; baseline 0 -11"><span class='ocrx_word' id='word_1_227' title='bbox 138 1529 276 1570; x_wconf 86' lang='lat' dir='ltr'>Spectat</span> <span class='ocrx_word' id='word_1_228' title='bbox 300 1529 350 1560; x_wconf 89' lang='lat' dir='ltr'>his</span> <span class='ocrx_word' id='word_1_229' title='bbox 377 1530 550 1562; x_wconf 87' lang='lat' dir='ltr'>Fabricius</span> <span class='ocrx_word' id='word_1_230' title='bbox 576 1530 711 1572; x_wconf 90' lang='lat' dir='ltr'>Kepleri</span> <span class='ocrx_word' id='word_1_231' title='bbox 738 1534 895 1566; x_wconf 88' lang='lat' dir='ltr'>conatus,</span> <span class='ocrx_word' id='word_1_232' title='bbox 933 1534 1041 1562; x_wconf 90' lang='lat' dir='ltr'>motus</span> <span class='ocrx_word' id='word_1_233' title='bbox 1066 1529 1274 1570; x_wconf 86' lang='lat' dir='ltr'>planetarum</span> <span class='ocrx_word' id='word_1_234' title='bbox 1305 1529 1509 1570; x_wconf 87' lang='lat' dir='ltr'>inquirendi,</span> <span class='ocrx_word' id='word_1_235' title='bbox 1544 1539 1624 1572; x_wconf 88' lang='lat' dir='ltr'>quos</span> <span class='ocrx_word' id='word_1_236' title='bbox 1649 1528 1704 1561; x_wconf 89' lang='lat' dir='ltr'>ille</span> <span class='ocrx_word' id='word_1_237' title='bbox 1729 1529 1764 1561; x_wconf 87' lang='lat' dir='ltr'>in</span> <span class='ocrx_word' id='word_1_238' title='bbox 1787 1530 1946 1572; x_wconf 83' lang='lat' dir='ltr'>prioribus</span> 
     </span>
     <span class='ocr_line' id='line_1_27' title="bbox 135 1576 1944 1618; baseline 0.001 -11"><span class='ocrx_word' id='word_1_239' title='bbox 135 1577 271 1615; x_wconf 85' lang='lat' dir='ltr'>dixerat,</span> <span class='ocrx_word' id='word_1_240' title='bbox 298 1578 475 1618; x_wconf 89' lang='lat' dir='ltr'>respiciens</span> <span class='ocrx_word' id='word_1_241' title='bbox 494 1577 678 1609; x_wconf 80' lang='lat' dir='ltr'>Commeat.</span> <span class='ocrx_word' id='word_1_242' title='bbox 696 1582 844 1610; x_wconf 89' lang='lat' dir='ltr'>motuum</span> <span class='ocrx_word' id='word_1_243' title='bbox 874 1577 1006 1614; x_wconf 88' lang='lat' dir='ltr'>Martis,</span> <span class='ocrx_word' id='word_1_244' title='bbox 1033 1577 1076 1609; x_wconf 89' lang='lat' dir='ltr'>ad</span> <span class='ocrx_word' id='word_1_245' title='bbox 1101 1586 1186 1618; x_wconf 87' lang='lat' dir='ltr'>quae</span> <span class='ocrx_word' id='word_1_246' title='bbox 1211 1577 1380 1609; x_wconf 88' lang='lat' dir='ltr'>literarum</span> <span class='ocrx_word' id='word_1_247' title='bbox 1405 1577 1573 1618; x_wconf 87' lang='lat' dir='ltr'>utriusque</span> <span class='ocrx_word' id='word_1_248' title='bbox 1597 1580 1723 1618; x_wconf 83' lang='lat' dir='ltr'>partes,</span> <span class='ocrx_word' id='word_1_249' title='bbox 1748 1576 1827 1610; x_wconf 84' lang='lat' dir='ltr'>illuc</span> <span class='ocrx_word' id='word_1_250' title='bbox 1851 1586 1944 1618; x_wconf 85' lang='lat' dir='ltr'>spec-</span> 
     </span>
     <span class='ocr_line' id='line_1_28' title="bbox 135 1621 1944 1668; baseline 0.001 -14"><span class='ocrx_word' id='word_1_251' title='bbox 135 1627 258 1658; x_wconf 73' lang='lat' dir='ltr'>tantes,</span> <span class='ocrx_word' id='word_1_252' title='bbox 284 1634 498 1656; x_wconf 87' lang='lat' dir='ltr'>reservamus.</span> <span class='ocrx_word' id='word_1_253' title='bbox 549 1625 638 1657; x_wconf 90' lang='lat' dir='ltr'>Dein</span> <span class='ocrx_word' id='word_1_254' title='bbox 662 1627 790 1668; x_wconf 84' lang='lat' dir='ltr'>pergit:</span> <span class='ocrx_word' id='word_1_255' title='bbox 835 1624 1170 1667; x_wconf 86' lang='lat' dir='ltr'>„Cosmographicam</span> <span class='ocrx_word' id='word_1_256' title='bbox 1206 1624 1471 1656; x_wconf 86' lang='lat' dir='ltr'>dissertationem</span> <span class='ocrx_word' id='word_1_257' title='bbox 1503 1621 1602 1664; x_wconf 85' lang='lat' dir='ltr'>(dicit</span> <span class='ocrx_word' id='word_1_258' title='bbox 1624 1622 1854 1664; x_wconf 87' lang='lat' dir='ltr'>Prodromum)</span> <span class='ocrx_word' id='word_1_259' title='bbox 1889 1634 1944 1657; x_wconf 89' lang='lat' dir='ltr'>ex-</span> 
     </span>
     <span class='ocr_line' id='line_1_29' title="bbox 134 1671 1946 1714; baseline 0.001 -12"><span class='ocrx_word' id='word_1_260' title='bbox 134 1675 249 1712; x_wconf 87' lang='lat' dir='ltr'>pecto,</span> <span class='ocrx_word' id='word_1_261' title='bbox 291 1671 331 1704; x_wconf 90' lang='lat' dir='ltr'>de</span> <span class='ocrx_word' id='word_1_262' title='bbox 357 1682 422 1713; x_wconf 92' lang='lat' dir='ltr'>qua</span> <span class='ocrx_word' id='word_1_263' title='bbox 446 1683 555 1704; x_wconf 90' lang='lat' dir='ltr'>meum</span> <span class='ocrx_word' id='word_1_264' title='bbox 578 1673 738 1713; x_wconf 90' lang='lat' dir='ltr'>judicium</span> <span class='ocrx_word' id='word_1_265' title='bbox 763 1673 821 1704; x_wconf 87' lang='lat' dir='ltr'>tibi</span> <span class='ocrx_word' id='word_1_266' title='bbox 847 1673 1014 1714; x_wconf 86' lang='lat' dir='ltr'>aperiam,</span> <span class='ocrx_word' id='word_1_267' title='bbox 1051 1673 1105 1703; x_wconf 91' lang='lat' dir='ltr'>ubi</span> <span class='ocrx_word' id='word_1_268' title='bbox 1131 1671 1317 1714; x_wconf 70' lang='lat' dir='ltr'>perleget-0,</span> <span class='ocrx_word' id='word_1_269' title='bbox 1357 1675 1391 1704; x_wconf 89' lang='lat' dir='ltr'>et</span> <span class='ocrx_word' id='word_1_270' title='bbox 1415 1672 1443 1703; x_wconf 90' lang='lat' dir='ltr'>si</span> <span class='ocrx_word' id='word_1_271' title='bbox 1467 1681 1553 1713; x_wconf 88' lang='lat' dir='ltr'>quae</span> <span class='ocrx_word' id='word_1_272' title='bbox 1576 1675 1710 1712; x_wconf 88' lang='lat' dir='ltr'>praeter</span> <span class='ocrx_word' id='word_1_273' title='bbox 1733 1671 1946 1704; x_wconf 83' lang='lat' dir='ltr'>Prodromum</span> 
     </span>
     <span class='ocr_line' id='line_1_30' title="bbox 135 1718 1947 1762; baseline 0.001 -13"><span class='ocrx_word' id='word_1_274' title='bbox 135 1718 340 1759; x_wconf 89' lang='lat' dir='ltr'>postmodum</span> <span class='ocrx_word' id='word_1_275' title='bbox 367 1720 507 1757; x_wconf 89' lang='lat' dir='ltr'>edidisti,</span> <span class='ocrx_word' id='word_1_276' title='bbox 534 1724 572 1751; x_wconf 89' lang='lat' dir='ltr'>ut</span> <span class='ocrx_word' id='word_1_277' title='bbox 596 1721 647 1752; x_wconf 74' lang='lat' dir='ltr'>sic&#39;</span> <span class='ocrx_word' id='word_1_278' title='bbox 668 1730 760 1752; x_wconf 90' lang='lat' dir='ltr'>meas</span> <span class='ocrx_word' id='word_1_279' title='bbox 786 1721 1004 1762; x_wconf 86' lang='lat' dir='ltr'>cogitationes</span> <span class='ocrx_word' id='word_1_280' title='bbox 1031 1720 1072 1751; x_wconf 91' lang='lat' dir='ltr'>de</span> <span class='ocrx_word' id='word_1_281' title='bbox 1096 1720 1161 1751; x_wconf 91' lang='lat' dir='ltr'>tuis</span> <span class='ocrx_word' id='word_1_282' title='bbox 1186 1718 1350 1751; x_wconf 87' lang='lat' dir='ltr'>laboribus</span> <span class='ocrx_word' id='word_1_283' title='bbox 1376 1719 1502 1760; x_wconf 87' lang='lat' dir='ltr'>aperire</span> <span class='ocrx_word' id='word_1_284' title='bbox 1526 1719 1647 1760; x_wconf 88' lang='lat' dir='ltr'>possim</span> <span class='ocrx_word' id='word_1_285' title='bbox 1664 1719 1874 1752; x_wconf 88' lang='lat' dir='ltr'>commodius.</span> <span class='ocrx_word' id='word_1_286' title='bbox 1901 1735 1947 1741; x_wconf 87' lang='lat'>—</span> 
     </span>
     <span class='ocr_line' id='line_1_31' title="bbox 135 1765 1945 1810; baseline 0.001 -14"><span class='ocrx_word' id='word_1_287' title='bbox 135 1765 214 1797; x_wconf 89' lang='lat' dir='ltr'>Dat.</span> <span class='ocrx_word' id='word_1_288' title='bbox 231 1766 372 1802; x_wconf 87' lang='lat' dir='ltr'>Esenae,</span> <span class='ocrx_word' id='word_1_289' title='bbox 401 1765 432 1798; x_wconf 89' lang='lat'>1.</span> <span class='ocrx_word' id='word_1_290' title='bbox 451 1767 581 1798; x_wconf 86' lang='lat' dir='ltr'>milliari</span> <span class='ocrx_word' id='word_1_291' title='bbox 606 1777 626 1799; x_wconf 89' lang='lat' dir='ltr'>a</span> <span class='ocrx_word' id='word_1_292' title='bbox 642 1768 738 1808; x_wconf 88' lang='lat' dir='ltr'>priori</span> <span class='ocrx_word' id='word_1_293' title='bbox 761 1767 833 1799; x_wconf 93' lang='grc'>1000</span> <span class='ocrx_word' id='word_1_294' title='bbox 860 1765 1014 1807; x_wconf 87' lang='lat' dir='ltr'>(Aurica)</span> <span class='ocrx_word' id='word_1_295' title='bbox 1041 1767 1231 1804; x_wconf 90' lang='lat' dir='ltr'>distantem,</span> <span class='ocrx_word' id='word_1_296' title='bbox 1258 1776 1320 1808; x_wconf 91' lang='lat' dir='ltr'>quo</span> <span class='ocrx_word' id='word_1_297' title='bbox 1345 1766 1386 1798; x_wconf 89' lang='lat' dir='ltr'>ob</span> <span class='ocrx_word' id='word_1_298' title='bbox 1410 1766 1530 1798; x_wconf 89' lang='lat' dir='ltr'>bellum</span> <span class='ocrx_word' id='word_1_299' title='bbox 1554 1766 1589 1798; x_wconf 89' lang='lat' dir='ltr'>in</span> <span class='ocrx_word' id='word_1_300' title='bbox 1605 1766 1711 1799; x_wconf 86' lang='lat' dir='ltr'>Frisia</span> <span class='ocrx_word' id='word_1_301' title='bbox 1734 1766 1882 1810; x_wconf 81' lang='lat' dir='ltr'>migravi.</span> <span class='ocrx_word' id='word_1_302' title='bbox 1901 1781 1945 1788; x_wconf 92' lang='grc'><strong>-</strong></span> 
     </span>
     <span class='ocr_line' id='line_1_32' title="bbox 135 1812 1017 1856; baseline 0.002 -13"><span class='ocrx_word' id='word_1_303' title='bbox 135 1812 178 1843; x_wconf 90' lang='lat' dir='ltr'>D.</span> <span class='ocrx_word' id='word_1_304' title='bbox 205 1813 385 1850; x_wconf 88' lang='lat' dir='ltr'>Fabricius,</span> <span class='ocrx_word' id='word_1_305' title='bbox 413 1815 567 1856; x_wconf 86' lang='lat' dir='ltr'>profugus</span> <span class='ocrx_word' id='word_1_306' title='bbox 594 1819 626 1846; x_wconf 90' lang='lat' dir='ltr'>et</span> <span class='ocrx_word' id='word_1_307' title='bbox 651 1825 707 1855; x_wconf 92' lang='lat' dir='ltr'>pro</span> <span class='ocrx_word' id='word_1_308' title='bbox 733 1819 879 1855; x_wconf 90' lang='lat' dir='ltr'>tempore</span> <span class='ocrx_word' id='word_1_309' title='bbox 904 1814 1017 1846; x_wconf 88' lang='lat' dir='ltr'>nihil.“</span> 
     </span>
    </p>

    <p class='ocr_par' dir='ltr' id='par_1_10' title="bbox 135 1860 1949 2043">
     <span class='ocr_line' id='line_1_33' title="bbox 229 1860 1947 1903; baseline 0.001 -12"><span class='ocrx_word' id='word_1_310' title='bbox 229 1860 371 1895; x_wconf 78' lang='lat' dir='ltr'>Deinde,</span> <span class='ocrx_word' id='word_1_311' title='bbox 399 1863 544 1902; x_wconf 89' lang='lat' dir='ltr'>acceptis</span> <span class='ocrx_word' id='word_1_312' title='bbox 571 1862 707 1903; x_wconf 87' lang='lat' dir='ltr'>Kepleri</span> <span class='ocrx_word' id='word_1_313' title='bbox 731 1862 851 1898; x_wconf 90' lang='lat' dir='ltr'>literis,</span> <span class='ocrx_word' id='word_1_314' title='bbox 878 1862 930 1893; x_wconf 89' lang='lat' dir='ltr'>die</span> <span class='ocrx_word' id='word_1_315' title='bbox 964 1860 1013 1892; x_wconf 86' lang='grc'>18.</span> <span class='ocrx_word' id='word_1_316' title='bbox 1030 1861 1112 1893; x_wconf 85' lang='lat' dir='ltr'>Nov.</span> <span class='ocrx_word' id='word_1_317' title='bbox 1139 1861 1265 1903; x_wconf 81' lang='lat' dir='ltr'>gratias</span> <span class='ocrx_word' id='word_1_318' title='bbox 1291 1861 1452 1892; x_wconf 85' lang='lat' dir='ltr'>maximas</span> <span class='ocrx_word' id='word_1_319' title='bbox 1477 1860 1668 1901; x_wconf 88' lang='lat' dir='ltr'>praemittit,</span> <span class='ocrx_word' id='word_1_320' title='bbox 1695 1863 1730 1893; x_wconf 89' lang='lat' dir='ltr'>et</span> <span class='ocrx_word' id='word_1_321' title='bbox 1753 1860 1800 1892; x_wconf 85' lang='lat' dir='ltr'>sic</span> <span class='ocrx_word' id='word_1_322' title='bbox 1823 1860 1947 1902; x_wconf 78' lang='lat' dir='ltr'>pergit:</span> 
     </span>
     <span class='ocr_line' id='line_1_34' title="bbox 135 1906 1947 1949; baseline 0.001 -11"><span class='ocrx_word' id='word_1_323' title='bbox 135 1906 272 1939; x_wconf 89' lang='lat' dir='ltr'>Utinam</span> <span class='ocrx_word' id='word_1_324' title='bbox 297 1908 416 1949; x_wconf 90' lang='lat' dir='ltr'>ubique</span> <span class='ocrx_word' id='word_1_325' title='bbox 450 1913 596 1940; x_wconf 88' lang='lat' dir='ltr'>mentem</span> <span class='ocrx_word' id='word_1_326' title='bbox 629 1913 722 1940; x_wconf 88' lang='lat' dir='ltr'>tuam</span> <span class='ocrx_word' id='word_1_327' title='bbox 757 1913 791 1941; x_wconf 89' lang='lat' dir='ltr'>et</span> <span class='ocrx_word' id='word_1_328' title='bbox 824 1909 1086 1949; x_wconf 86' lang='lat' dir='ltr'>speculationum</span> <span class='ocrx_word' id='word_1_329' title='bbox 1112 1908 1329 1940; x_wconf 88' lang='lat' dir='ltr'>subtilitatem</span> <span class='ocrx_word' id='word_1_330' title='bbox 1355 1908 1485 1949; x_wconf 89' lang='lat' dir='ltr'>assequi</span> <span class='ocrx_word' id='word_1_331' title='bbox 1510 1917 1662 1949; x_wconf 89' lang='lat' dir='ltr'>possem,</span> <span class='ocrx_word' id='word_1_332' title='bbox 1695 1907 1889 1949; x_wconf 88' lang='lat' dir='ltr'>praesertim</span> <span class='ocrx_word' id='word_1_333' title='bbox 1913 1908 1947 1940; x_wconf 93' lang='lat' dir='ltr'>in</span> 
     </span>
     <span class='ocr_line' id='line_1_35' title="bbox 137 1955 1949 1998; baseline 0.001 -13"><span class='ocrx_word' id='word_1_334' title='bbox 137 1958 386 1995; x_wconf 85' lang='lat' dir='ltr'>aspectuum</span> <span class='ocrx_word' id='word_1_335' title='bbox 411 1956 662 1998; x_wconf 86' lang='lat' dir='ltr'>imaginatione,</span> <span class='ocrx_word' id='word_1_336' title='bbox 688 1966 773 1998; x_wconf 87' lang='lat' dir='ltr'>quae</span> <span class='ocrx_word' id='word_1_337' title='bbox 798 1960 835 1987; x_wconf 87' lang='lat' dir='ltr'>ut</span> <span class='ocrx_word' id='word_1_338' title='bbox 861 1965 947 1987; x_wconf 87' lang='lat' dir='ltr'>nova</span> <span class='ocrx_word' id='word_1_339' title='bbox 973 1960 1023 1987; x_wconf 85' lang='lat' dir='ltr'>est</span> <span class='ocrx_word' id='word_1_340' title='bbox 1049 1960 1083 1987; x_wconf 91' lang='lat' dir='ltr'>et</span> <span class='ocrx_word' id='word_1_341' title='bbox 1108 1965 1222 1987; x_wconf 88' lang='lat' dir='ltr'>recens</span> <span class='ocrx_word' id='word_1_342' title='bbox 1249 1956 1307 1986; x_wconf 91' lang='lat' dir='ltr'>abs</span> <span class='ocrx_word' id='word_1_343' title='bbox 1333 1959 1367 1987; x_wconf 88' lang='lat' dir='ltr'>te</span> <span class='ocrx_word' id='word_1_344' title='bbox 1393 1955 1602 1997; x_wconf 80' lang='lat' dir='ltr'>excogitata,</span> <span class='ocrx_word' id='word_1_345' title='bbox 1640 1956 1689 1986; x_wconf 85' lang='lat' dir='ltr'>ita</span> <span class='ocrx_word' id='word_1_346' title='bbox 1712 1955 1827 1996; x_wconf 81' lang='lat' dir='ltr'>paucis</span> <span class='ocrx_word' id='word_1_347' title='bbox 1853 1955 1949 1987; x_wconf 78' lang='lat' dir='ltr'>obvia</span> 
     </span>
     <span class='ocr_line' id='line_1_36' title="bbox 143 2005 384 2043; baseline -0.004 -10"><span class='ocrx_word' id='word_1_348' title='bbox 143 2005 176 2033; x_wconf 81' lang='lat' dir='ltr'>et</span> <span class='ocrx_word' id='word_1_349' title='bbox 199 2007 384 2043; x_wconf 90' lang='lat' dir='ltr'>perspecta.</span> 
     </span>
    </p>

    <p class='ocr_par' dir='ltr' id='par_1_11' title="bbox 140 2048 1951 2506">
     <span class='ocr_line' id='line_1_37' title="bbox 237 2048 1946 2092; baseline 0.001 -13"><span class='ocrx_word' id='word_1_350' title='bbox 237 2048 424 2090; x_wconf 88' lang='lat' dir='ltr'>Descriptio</span> <span class='ocrx_word' id='word_1_351' title='bbox 461 2049 680 2082; x_wconf 87' lang='lat' dir='ltr'>accidentium</span> <span class='ocrx_word' id='word_1_352' title='bbox 712 2051 882 2092; x_wconf 84' lang='lat' dir='ltr'>genesis</span> <span class='ocrx_word' id='word_1_353' title='bbox 919 2054 1038 2089; x_wconf 89' lang='lat' dir='ltr'>tuae,</span> <span class='ocrx_word' id='word_1_354' title='bbox 1076 2052 1174 2092; x_wconf 88' lang='lat' dir='ltr'>priori</span> <span class='ocrx_word' id='word_1_355' title='bbox 1208 2051 1414 2087; x_wconf 86' lang='lat' dir='ltr'>accuratior,</span> <span class='ocrx_word' id='word_1_356' title='bbox 1452 2060 1519 2082; x_wconf 91' lang='lat' dir='ltr'>non</span> <span class='ocrx_word' id='word_1_357' title='bbox 1554 2050 1616 2083; x_wconf 86' lang='lat' dir='ltr'>erit</span> <span class='ocrx_word' id='word_1_358' title='bbox 1641 2050 1764 2092; x_wconf 81' lang='lat' dir='ltr'>absque</span> <span class='ocrx_word' id='word_1_359' title='bbox 1790 2048 1946 2083; x_wconf 83' lang='lat' dir='ltr'>utilitate.</span> 
     </span>
     <span class='ocr_line' id='line_1_38' title="bbox 143 2095 1947 2141; baseline 0.001 -14"><span class='ocrx_word' id='word_1_360' title='bbox 143 2095 242 2127; x_wconf 90' lang='lat' dir='ltr'>Tales</span> <span class='ocrx_word' id='word_1_361' title='bbox 268 2097 354 2127; x_wconf 90' lang='lat' dir='ltr'>euim</span> <span class='ocrx_word' id='word_1_362' title='bbox 380 2097 623 2129; x_wconf 87' lang='lat' dir='ltr'>observationes</span> <span class='ocrx_word' id='word_1_363' title='bbox 649 2098 693 2129; x_wconf 88' lang='lat' dir='ltr'>ad</span> <span class='ocrx_word' id='word_1_364' title='bbox 710 2098 999 2130; x_wconf 85' lang='lat' dir='ltr'>demonstrandam</span> <span class='ocrx_word' id='word_1_365' title='bbox 1025 2099 1223 2141; x_wconf 88' lang='lat' dir='ltr'>astrologiae</span> <span class='ocrx_word' id='word_1_366' title='bbox 1248 2099 1422 2130; x_wconf 85' lang='lat' dir='ltr'>veritatem</span> <span class='ocrx_word' id='word_1_367' title='bbox 1446 2098 1586 2130; x_wconf 86' lang='lat' dir='ltr'>idoneae</span> <span class='ocrx_word' id='word_1_368' title='bbox 1611 2101 1646 2130; x_wconf 84' lang='lat' dir='ltr'>et</span> <span class='ocrx_word' id='word_1_369' title='bbox 1669 2097 1768 2139; x_wconf 88' lang='lat' dir='ltr'>plane</span> <span class='ocrx_word' id='word_1_370' title='bbox 1792 2106 1947 2130; x_wconf 87' lang='lat' dir='ltr'>necessa·</span> 
     </span>
     <span class='ocr_line' id='line_1_39' title="bbox 142 2143 1948 2188; baseline 0.001 -14"><span class='ocrx_word' id='word_1_371' title='bbox 142 2144 211 2174; x_wconf 84' lang='lat' dir='ltr'>riae</span> <span class='ocrx_word' id='word_1_372' title='bbox 237 2147 323 2174; x_wconf 89' lang='lat' dir='ltr'>sunt.</span> <span class='ocrx_word' id='word_1_373' title='bbox 375 2143 451 2175; x_wconf 90' lang='lat' dir='ltr'>Non</span> <span class='ocrx_word' id='word_1_374' title='bbox 475 2144 625 2185; x_wconf 88' lang='lat' dir='ltr'>putabis,</span> <span class='ocrx_word' id='word_1_375' title='bbox 658 2155 710 2176; x_wconf 88' lang='lat' dir='ltr'>me</span> <span class='ocrx_word' id='word_1_376' title='bbox 736 2146 784 2176; x_wconf 89' lang='lat' dir='ltr'>sic</span> <span class='ocrx_word' id='word_1_377' title='bbox 809 2145 1007 2188; x_wconf 87' lang='lat' dir='ltr'>astrologiae</span> <span class='ocrx_word' id='word_1_378' title='bbox 1031 2147 1205 2178; x_wconf 88' lang='lat' dir='ltr'>veritatem</span> <span class='ocrx_word' id='word_1_379' title='bbox 1229 2146 1393 2188; x_wconf 90' lang='lat' dir='ltr'>inquirere</span> <span class='ocrx_word' id='word_1_380' title='bbox 1419 2149 1453 2178; x_wconf 90' lang='lat' dir='ltr'>et</span> <span class='ocrx_word' id='word_1_381' title='bbox 1478 2145 1702 2177; x_wconf 89' lang='lat' dir='ltr'>demonstrare</span> <span class='ocrx_word' id='word_1_382' title='bbox 1727 2144 1830 2182; x_wconf 82' lang='lat' dir='ltr'>velle,</span> <span class='ocrx_word' id='word_1_383' title='bbox 1856 2145 1948 2187; x_wconf 86' lang='lat' dir='ltr'>quasi</span> 
     </span>
     <span class='ocr_line' id='line_1_40' title="bbox 143 2191 1947 2234; baseline 0.001 -13"><span class='ocrx_word' id='word_1_384' title='bbox 143 2199 164 2222; x_wconf 91' lang='lat' dir='ltr'>a</span> <span class='ocrx_word' id='word_1_385' title='bbox 188 2191 284 2230; x_wconf 88' lang='lat' dir='ltr'>priori</span> <span class='ocrx_word' id='word_1_386' title='bbox 310 2200 422 2223; x_wconf 92' lang='lat' dir='ltr'>omnes</span> <span class='ocrx_word' id='word_1_387' title='bbox 449 2195 585 2223; x_wconf 87' lang='lat' dir='ltr'>eventus</span> <span class='ocrx_word' id='word_1_388' title='bbox 611 2196 771 2233; x_wconf 88' lang='lat' dir='ltr'>tanquam</span> <span class='ocrx_word' id='word_1_389' title='bbox 797 2197 885 2224; x_wconf 88' lang='lat' dir='ltr'>certe</span> <span class='ocrx_word' id='word_1_390' title='bbox 910 2203 1039 2234; x_wconf 89' lang='lat' dir='ltr'>semper</span> <span class='ocrx_word' id='word_1_391' title='bbox 1063 2194 1208 2225; x_wconf 79' lang='lat' dir='ltr'>secuturi</span> <span class='ocrx_word' id='word_1_392' title='bbox 1233 2194 1386 2234; x_wconf 88' lang='lat' dir='ltr'>praesciri</span> <span class='ocrx_word' id='word_1_393' title='bbox 1404 2193 1542 2234; x_wconf 90' lang='lat' dir='ltr'>possint,</span> <span class='ocrx_word' id='word_1_394' title='bbox 1569 2192 1654 2234; x_wconf 90' lang='lat' dir='ltr'>quod</span> <span class='ocrx_word' id='word_1_395' title='bbox 1670 2192 1867 2234; x_wconf 89' lang='lat' dir='ltr'>impossibile</span> <span class='ocrx_word' id='word_1_396' title='bbox 1885 2196 1947 2230; x_wconf 86' lang='lat' dir='ltr'>est,</span> 
     </span>
     <span class='ocr_line' id='line_1_41' title="bbox 143 2238 1949 2283; baseline 0.001 -15"><span class='ocrx_word' id='word_1_397' title='bbox 143 2246 216 2269; x_wconf 90' lang='lat' dir='ltr'>cum</span> <span class='ocrx_word' id='word_1_398' title='bbox 241 2238 494 2280; x_wconf 87' lang='lat' dir='ltr'>propinquarum</span> <span class='ocrx_word' id='word_1_399' title='bbox 520 2248 696 2270; x_wconf 90' lang='lat' dir='ltr'>causarum</span> <span class='ocrx_word' id='word_1_400' title='bbox 723 2249 900 2272; x_wconf 87' lang='lat' dir='ltr'>concursus</span> <span class='ocrx_word' id='word_1_401' title='bbox 925 2241 1068 2272; x_wconf 88' lang='lat' dir='ltr'>maxime</span> <span class='ocrx_word' id='word_1_402' title='bbox 1093 2242 1294 2283; x_wconf 75' lang='lat' dir='ltr'>requiratur;</span> <span class='ocrx_word' id='word_1_403' title='bbox 1322 2241 1380 2272; x_wconf 91' lang='lat' dir='ltr'>sed</span> <span class='ocrx_word' id='word_1_404' title='bbox 1405 2240 1468 2272; x_wconf 93' lang='lat' dir='ltr'>hoc</span> <span class='ocrx_word' id='word_1_405' title='bbox 1490 2240 1674 2277; x_wconf 89' lang='lat' dir='ltr'>ostendam,</span> <span class='ocrx_word' id='word_1_406' title='bbox 1699 2239 1781 2271; x_wconf 88' lang='lat' dir='ltr'>nihil</span> <span class='ocrx_word' id='word_1_407' title='bbox 1805 2239 1949 2271; x_wconf 85' lang='lat' dir='ltr'>omnium</span> 
     </span>
     <span class='ocr_line' id='line_1_42' title="bbox 142 2285 1948 2330; baseline 0.002 -15"><span class='ocrx_word' id='word_1_408' title='bbox 142 2285 211 2316; x_wconf 88' lang='lat' dir='ltr'>fieri</span> <span class='ocrx_word' id='word_1_409' title='bbox 238 2290 297 2316; x_wconf 87' lang='lat' dir='ltr'>aut</span> <span class='ocrx_word' id='word_1_410' title='bbox 321 2286 414 2317; x_wconf 90' lang='lat' dir='ltr'>nobis</span> <span class='ocrx_word' id='word_1_411' title='bbox 441 2287 587 2323; x_wconf 87' lang='lat' dir='ltr'>evenire,</span> <span class='ocrx_word' id='word_1_412' title='bbox 625 2288 687 2318; x_wconf 91' lang='lat' dir='ltr'>nisi</span> <span class='ocrx_word' id='word_1_413' title='bbox 725 2297 745 2318; x_wconf 93' lang='lat' dir='ltr'>a</span> <span class='ocrx_word' id='word_1_414' title='bbox 771 2288 878 2319; x_wconf 86' lang='lat' dir='ltr'>causis</span> <span class='ocrx_word' id='word_1_415' title='bbox 905 2288 1109 2330; x_wconf 85' lang='lat' dir='ltr'>astrologicis</span> <span class='ocrx_word' id='word_1_416' title='bbox 1134 2298 1200 2319; x_wconf 89' lang='lat' dir='ltr'>non</span> <span class='ocrx_word' id='word_1_417' title='bbox 1226 2288 1357 2330; x_wconf 91' lang='lat' dir='ltr'>quidem</span> <span class='ocrx_word' id='word_1_418' title='bbox 1382 2287 1559 2320; x_wconf 80' lang='lat' dir='ltr'>actualiter</span> <span class='ocrx_word' id='word_1_419' title='bbox 1583 2291 1708 2323; x_wconf 81' lang='lat' dir='ltr'>ortum,</span> <span class='ocrx_word' id='word_1_420' title='bbox 1740 2287 1800 2319; x_wconf 84' lang='lat' dir='ltr'>sed</span> <span class='ocrx_word' id='word_1_421' title='bbox 1824 2287 1948 2319; x_wconf 83' lang='lat' dir='ltr'>excita-</span> 
     </span>
     <span class='ocr_line' id='line_1_43' title="bbox 143 2333 1948 2377; baseline 0.001 -14"><span class='ocrx_word' id='word_1_422' title='bbox 143 2336 224 2369; x_wconf 87' lang='lat' dir='ltr'>tum,</span> <span class='ocrx_word' id='word_1_423' title='bbox 251 2333 277 2363; x_wconf 90' lang='lat' dir='ltr'>si</span> <span class='ocrx_word' id='word_1_424' title='bbox 303 2334 476 2365; x_wconf 91' lang='lat' dir='ltr'>commoda</span> <span class='ocrx_word' id='word_1_425' title='bbox 500 2334 688 2365; x_wconf 80' lang='lat' dir='ltr'>inferiorum</span> <span class='ocrx_word' id='word_1_426' title='bbox 715 2334 883 2375; x_wconf 87' lang='lat' dir='ltr'>dispositio</span> <span class='ocrx_word' id='word_1_427' title='bbox 910 2334 1014 2367; x_wconf 88' lang='lat' dir='ltr'>allata</span> <span class='ocrx_word' id='word_1_428' title='bbox 1039 2336 1146 2372; x_wconf 83' lang='lat' dir='ltr'>fuerit,</span> <span class='ocrx_word' id='word_1_429' title='bbox 1174 2345 1268 2377; x_wconf 88' lang='lat' dir='ltr'>quae,</span> <span class='ocrx_word' id='word_1_430' title='bbox 1295 2339 1332 2367; x_wconf 86' lang='lat' dir='ltr'>ut</span> <span class='ocrx_word' id='word_1_431' title='bbox 1356 2335 1552 2377; x_wconf 85' lang='lat' dir='ltr'>proximiora</span> <span class='ocrx_word' id='word_1_432' title='bbox 1575 2334 1680 2372; x_wconf 88' lang='lat' dir='ltr'>nobis,</span> <span class='ocrx_word' id='word_1_433' title='bbox 1705 2334 1756 2366; x_wconf 84' lang='lat' dir='ltr'>ita</span> <span class='ocrx_word' id='word_1_434' title='bbox 1778 2335 1846 2367; x_wconf 79' lang='lat' dir='ltr'>fere</span> <span class='ocrx_word' id='word_1_435' title='bbox 1863 2343 1948 2366; x_wconf 82' lang='lat' dir='ltr'>sem-</span> 
     </span>
     <span class='ocr_line' id='line_1_44' title="bbox 141 2379 1950 2424; baseline 0.001 -14"><span class='ocrx_word' id='word_1_436' title='bbox 141 2389 199 2420; x_wconf 91' lang='lat' dir='ltr'>per</span> <span class='ocrx_word' id='word_1_437' title='bbox 221 2379 367 2411; x_wconf 86' lang='lat' dir='ltr'>fortiora.</span> <span class='ocrx_word' id='word_1_438' title='bbox 419 2381 517 2413; x_wconf 90' lang='lat' dir='ltr'>Hanc</span> <span class='ocrx_word' id='word_1_439' title='bbox 542 2381 720 2414; x_wconf 89' lang='lat' dir='ltr'>utilitatem</span> <span class='ocrx_word' id='word_1_440' title='bbox 746 2382 925 2424; x_wconf 81' lang='lat' dir='ltr'>astrologia</span> <span class='ocrx_word' id='word_1_441' title='bbox 949 2383 1042 2414; x_wconf 88' lang='lat' dir='ltr'>nobis</span> <span class='ocrx_word' id='word_1_442' title='bbox 1069 2383 1228 2424; x_wconf 90' lang='lat' dir='ltr'>praebere</span> <span class='ocrx_word' id='word_1_443' title='bbox 1253 2387 1373 2424; x_wconf 91' lang='lat' dir='ltr'>potest,</span> <span class='ocrx_word' id='word_1_444' title='bbox 1399 2386 1438 2414; x_wconf 92' lang='lat' dir='ltr'>ut</span> <span class='ocrx_word' id='word_1_445' title='bbox 1461 2386 1621 2423; x_wconf 82' lang='lat' dir='ltr'>tempora,</span> <span class='ocrx_word' id='word_1_446' title='bbox 1648 2381 1780 2424; x_wconf 86' lang='lat' dir='ltr'>quando</span> <span class='ocrx_word' id='word_1_447' title='bbox 1805 2381 1882 2413; x_wconf 88' lang='lat' dir='ltr'>boni</span> <span class='ocrx_word' id='word_1_448' title='bbox 1898 2380 1950 2413; x_wconf 80' lang='lat' dir='ltr'>vel</span> 
     </span>
     <span class='ocr_line' id='line_1_45' title="bbox 143 2427 1951 2471; baseline 0.002 -14"><span class='ocrx_word' id='word_1_449' title='bbox 143 2427 220 2458; x_wconf 89' lang='lat' dir='ltr'>mali</span> <span class='ocrx_word' id='word_1_450' title='bbox 247 2427 334 2468; x_wconf 90' lang='lat' dir='ltr'>quid,</span> <span class='ocrx_word' id='word_1_451' title='bbox 361 2429 489 2460; x_wconf 89' lang='lat' dir='ltr'>ratione</span> <span class='ocrx_word' id='word_1_452' title='bbox 518 2429 612 2466; x_wconf 88' lang='lat' dir='ltr'>coeli,</span> <span class='ocrx_word' id='word_1_453' title='bbox 640 2434 800 2471; x_wconf 90' lang='lat' dir='ltr'>tanquam</span> <span class='ocrx_word' id='word_1_454' title='bbox 826 2439 949 2462; x_wconf 68' lang='lat' dir='ltr'>cfausae</span> <span class='ocrx_word' id='word_1_455' title='bbox 974 2430 1132 2462; x_wconf 89' lang='lat' dir='ltr'>irritantis</span> <span class='ocrx_word' id='word_1_456' title='bbox 1159 2435 1192 2462; x_wconf 86' lang='lat' dir='ltr'>et</span> <span class='ocrx_word' id='word_1_457' title='bbox 1218 2429 1424 2470; x_wconf 81' lang='lat' dir='ltr'>adjuvantis,</span> <span class='ocrx_word' id='word_1_458' title='bbox 1451 2430 1642 2471; x_wconf 81' lang='lat' dir='ltr'>contingere</span> <span class='ocrx_word' id='word_1_459' title='bbox 1667 2429 1790 2470; x_wconf 90' lang='lat' dir='ltr'>possit,</span> <span class='ocrx_word' id='word_1_460' title='bbox 1816 2428 1951 2471; x_wconf 83' lang='lat' dir='ltr'>cog-nita</span> 
     </span>
     <span class='ocr_line' id='line_1_46' title="bbox 140 2474 333 2506; baseline 0.005 -1"><span class='ocrx_word' id='word_1_461' title='bbox 140 2474 333 2506; x_wconf 88' lang='lat' dir='ltr'>babeamus.</span> 
     </span>
    </p>

    <p class='ocr_par' dir='ltr' id='par_1_12' title="bbox 141 2521 1951 2707">
     <span class='ocr_line' id='line_1_47' title="bbox 234 2521 1950 2565; baseline 0.001 -12"><span class='ocrx_word' id='word_1_462' title='bbox 234 2522 294 2553; x_wconf 86' lang='lat' dir='ltr'>His</span> <span class='ocrx_word' id='word_1_463' title='bbox 320 2522 419 2554; x_wconf 88' lang='lat' dir='ltr'>finem</span> <span class='ocrx_word' id='word_1_464' title='bbox 444 2523 546 2554; x_wconf 82' lang='lat' dir='ltr'>facit:</span> <span class='ocrx_word' id='word_1_465' title='bbox 592 2523 777 2562; x_wconf 88' lang='lat' dir='ltr'>Fabricius,</span> <span class='ocrx_word' id='word_1_466' title='bbox 815 2534 872 2565; x_wconf 90' lang='lat' dir='ltr'>pro</span> <span class='ocrx_word' id='word_1_467' title='bbox 897 2527 1043 2564; x_wconf 89' lang='lat' dir='ltr'>tempore</span> <span class='ocrx_word' id='word_1_468' title='bbox 1069 2524 1224 2565; x_wconf 90' lang='lat' dir='ltr'>principis</span> <span class='ocrx_word' id='word_1_469' title='bbox 1260 2523 1386 2555; x_wconf 89' lang='lat' dir='ltr'>aulicus</span> <span class='ocrx_word' id='word_1_470' title='bbox 1412 2523 1640 2560; x_wconf 84' lang='lat' dir='ltr'>concionator;</span> <span class='ocrx_word' id='word_1_471' title='bbox 1680 2521 1789 2555; x_wconf 88' lang='lat' dir='ltr'>habeo</span> <span class='ocrx_word' id='word_1_472' title='bbox 1813 2522 1950 2555; x_wconf 78' lang='lat' dir='ltr'>liberam</span> 
     </span>
     <span class='ocr_line' id='line_1_48' title="bbox 141 2569 1950 2613; baseline 0.001 -13"><span class='ocrx_word' id='word_1_473' title='bbox 141 2569 174 2600; x_wconf 92' lang='lat' dir='ltr'>in</span> <span class='ocrx_word' id='word_1_474' title='bbox 201 2578 275 2601; x_wconf 88' lang='lat' dir='ltr'>arce</span> <span class='ocrx_word' id='word_1_475' title='bbox 300 2579 460 2608; x_wconf 88' lang='lat' dir='ltr'>mensam,</span> <span class='ocrx_word' id='word_1_476' title='bbox 491 2580 593 2612; x_wconf 90' lang='lat' dir='ltr'>quare</span> <span class='ocrx_word' id='word_1_477' title='bbox 618 2571 666 2603; x_wconf 89' lang='lat' dir='ltr'>bis</span> <span class='ocrx_word' id='word_1_478' title='bbox 691 2571 769 2603; x_wconf 88' lang='lat' dir='ltr'>mihi</span> <span class='ocrx_word' id='word_1_479' title='bbox 795 2571 941 2613; x_wconf 86' lang='lat' dir='ltr'>quotidie</span> <span class='ocrx_word' id='word_1_480' title='bbox 966 2572 999 2602; x_wconf 91' lang='lat' dir='ltr'>in</span> <span class='ocrx_word' id='word_1_481' title='bbox 1026 2571 1136 2603; x_wconf 88' lang='lat' dir='ltr'>aulam</span> <span class='ocrx_word' id='word_1_482' title='bbox 1155 2571 1298 2604; x_wconf 87' lang='lat' dir='ltr'>eundum</span> <span class='ocrx_word' id='word_1_483' title='bbox 1324 2574 1385 2607; x_wconf 83' lang='lat' dir='ltr'>est,</span> <span class='ocrx_word' id='word_1_484' title='bbox 1413 2574 1447 2602; x_wconf 90' lang='lat' dir='ltr'>et</span> <span class='ocrx_word' id='word_1_485' title='bbox 1471 2570 1519 2601; x_wconf 88' lang='lat' dir='ltr'>sic</span> <span class='ocrx_word' id='word_1_486' title='bbox 1534 2573 1726 2611; x_wconf 86' lang='lat' dir='ltr'>praesentes</span> <span class='ocrx_word' id='word_1_487' title='bbox 1742 2569 1845 2602; x_wconf 87' lang='lat' dir='ltr'>horae</span> <span class='ocrx_word' id='word_1_488' title='bbox 1862 2570 1950 2602; x_wconf 84' lang='lat' dir='ltr'>diur-</span> 
     </span>
     <span class='ocr_line' id='line_1_49' title="bbox 142 2617 1951 2660; baseline 0.001 -12"><span class='ocrx_word' id='word_1_489' title='bbox 142 2626 205 2648; x_wconf 88' lang='lat' dir='ltr'>nae</span> <span class='ocrx_word' id='word_1_490' title='bbox 232 2617 354 2658; x_wconf 89' lang='lat' dir='ltr'>absque</span> <span class='ocrx_word' id='word_1_491' title='bbox 380 2617 526 2649; x_wconf 88' lang='lat' dir='ltr'>ulteriori</span> <span class='ocrx_word' id='word_1_492' title='bbox 560 2618 671 2660; x_wconf 89' lang='lat' dir='ltr'>aliqua</span> <span class='ocrx_word' id='word_1_493' title='bbox 705 2618 851 2650; x_wconf 85' lang='lat' dir='ltr'>utilitate</span> <span class='ocrx_word' id='word_1_494' title='bbox 878 2618 1077 2650; x_wconf 90' lang='lat' dir='ltr'>dilabuntur.</span> <span class='ocrx_word' id='word_1_495' title='bbox 1129 2618 1240 2658; x_wconf 84' lang='lat' dir='ltr'>Quare</span> <span class='ocrx_word' id='word_1_496' title='bbox 1265 2619 1395 2650; x_wconf 84' lang='lat' dir='ltr'>veniam</span> <span class='ocrx_word' id='word_1_497' title='bbox 1421 2617 1514 2649; x_wconf 87' lang='lat' dir='ltr'>dabis</span> <span class='ocrx_word' id='word_1_498' title='bbox 1538 2617 1635 2654; x_wconf 89' lang='lat' dir='ltr'>mihi,</span> <span class='ocrx_word' id='word_1_499' title='bbox 1670 2627 1758 2650; x_wconf 90' lang='lat' dir='ltr'>nunc</span> <span class='ocrx_word' id='word_1_500' title='bbox 1783 2618 1847 2650; x_wconf 88' lang='lat' dir='ltr'>mei</span> <span class='ocrx_word' id='word_1_501' title='bbox 1869 2619 1951 2659; x_wconf 72' lang='grc' dir='ltr'>ι111115</span> 
     </span>
     <span class='ocr_line' id='line_1_50' title="bbox 142 2666 1177 2707; baseline 0.003 -13"><span class='ocrx_word' id='word_1_502' title='bbox 142 2674 208 2695; x_wconf 91' lang='lat' dir='ltr'>non</span> <span class='ocrx_word' id='word_1_503' title='bbox 233 2674 304 2695; x_wconf 87' lang='lat' dir='ltr'>sum</span> <span class='ocrx_word' id='word_1_504' title='bbox 329 2669 366 2696; x_wconf 90' lang='lat' dir='ltr'>ut</span> <span class='ocrx_word' id='word_1_505' title='bbox 393 2669 506 2701; x_wconf 84' lang='lat' dir='ltr'>antea,</span> <span class='ocrx_word' id='word_1_506' title='bbox 534 2667 742 2707; x_wconf 89' lang='lat' dir='ltr'>mancipatus</span> <span class='ocrx_word' id='word_1_507' title='bbox 769 2666 863 2707; x_wconf 89' lang='lat' dir='ltr'>quasi</span> <span class='ocrx_word' id='word_1_508' title='bbox 889 2666 1002 2697; x_wconf 89' lang='lat' dir='ltr'>aulicis</span> <span class='ocrx_word' id='word_1_509' title='bbox 1028 2666 1177 2697; x_wconf 89' lang='lat' dir='ltr'>miseriis.</span> 
     </span>
    </p>

    <p class='ocr_par' dir='ltr' id='par_1_13' title="bbox 143 2709 1951 2849">
     <span class='ocr_line' id='line_1_51' title="bbox 238 2709 1951 2754; baseline 0.002 -12"><span class='ocrx_word' id='word_1_510' title='bbox 238 2712 290 2742; x_wconf 90' lang='lat' dir='ltr'>Ad</span> <span class='ocrx_word' id='word_1_511' title='bbox 315 2711 375 2743; x_wconf 88' lang='lat' dir='ltr'>has</span> <span class='ocrx_word' id='word_1_512' title='bbox 401 2713 587 2754; x_wconf 88' lang='lat' dir='ltr'>prioresque</span> <span class='ocrx_word' id='word_1_513' title='bbox 613 2713 709 2744; x_wconf 87' lang='lat' dir='ltr'>simul</span> <span class='ocrx_word' id='word_1_514' title='bbox 734 2713 847 2745; x_wconf 87' lang='lat' dir='ltr'>literas</span> <span class='ocrx_word' id='word_1_515' title='bbox 873 2713 1044 2754; x_wconf 87' lang='lat' dir='ltr'>respondit</span> <span class='ocrx_word' id='word_1_516' title='bbox 1068 2712 1289 2754; x_wconf 90' lang='lat' dir='ltr'>Keplerus</span> <span class='ocrx_word' id='word_1_517' title='bbox 1317 2712 1346 2743; x_wconf 88' lang='lat' dir='ltr'>d.</span> <span class='ocrx_word' id='word_1_518' title='bbox 1367 2710 1399 2742; x_wconf 79' lang='lat'>2.</span> <span class='ocrx_word' id='word_1_519' title='bbox 1418 2710 1503 2743; x_wconf 85' lang='lat' dir='ltr'>Deo.</span> <span class='ocrx_word' id='word_1_520' title='bbox 1533 2709 1635 2748; x_wconf 81' lang='lat'>1602,</span> <span class='ocrx_word' id='word_1_521' title='bbox 1663 2711 1819 2754; x_wconf 82' lang='lat' dir='ltr'>colligens</span> <span class='ocrx_word' id='word_1_522' title='bbox 1843 2713 1951 2745; x_wconf 81' lang='lat' dir='ltr'>varias</span> 
     </span>
     <span class='ocr_line' id='line_1_52' title="bbox 143 2757 1951 2802; baseline 0.002 -14"><span class='ocrx_word' id='word_1_523' title='bbox 143 2757 282 2789; x_wconf 87' lang='lat' dir='ltr'>Fabricii</span> <span class='ocrx_word' id='word_1_524' title='bbox 309 2760 530 2800; x_wconf 86' lang='lat' dir='ltr'>quaestiones.</span> <span class='ocrx_word' id='word_1_525' title='bbox 583 2759 655 2799; x_wconf 85' lang='lat' dir='ltr'>Quo</span> <span class='ocrx_word' id='word_1_526' title='bbox 681 2761 807 2792; x_wconf 83' lang='lat' dir='ltr'>facilior</span> <span class='ocrx_word' id='word_1_527' title='bbox 834 2761 876 2792; x_wconf 87' lang='lat' dir='ltr'>sit</span> <span class='ocrx_word' id='word_1_528' title='bbox 900 2764 1109 2801; x_wconf 87' lang='lat' dir='ltr'>conspectus,</span> <span class='ocrx_word' id='word_1_529' title='bbox 1137 2761 1344 2801; x_wconf 82' lang='lat' dir='ltr'>adjunximus</span> <span class='ocrx_word' id='word_1_530' title='bbox 1362 2758 1496 2801; x_wconf 83' lang='lat' dir='ltr'>singulis</span> <span class='ocrx_word' id='word_1_531' title='bbox 1514 2758 1654 2790; x_wconf 85' lang='lat' dir='ltr'>Fabricii</span> <span class='ocrx_word' id='word_1_532' title='bbox 1671 2760 1803 2792; x_wconf 86' lang='lat' dir='ltr'>monitis</span> <span class='ocrx_word' id='word_1_533' title='bbox 1818 2769 1951 2802; x_wconf 84' lang='lat' dir='ltr'>respon-</span> 
     </span>
     <span class='ocr_line' id='line_1_53' title="bbox 143 2805 1042 2849; baseline 0.003 -14"><span class='ocrx_word' id='word_1_534' title='bbox 143 2805 248 2837; x_wconf 89' lang='lat' dir='ltr'>siones</span> <span class='ocrx_word' id='word_1_535' title='bbox 274 2806 421 2847; x_wconf 87' lang='lat' dir='ltr'>Kepleri,</span> <span class='ocrx_word' id='word_1_536' title='bbox 447 2808 626 2847; x_wconf 81' lang='lat' dir='ltr'>praemisso</span> <span class='ocrx_word' id='word_1_537' title='bbox 653 2808 789 2849; x_wconf 88' lang='lat' dir='ltr'>Kepleri</span> <span class='ocrx_word' id='word_1_538' title='bbox 813 2808 875 2840; x_wconf 90' lang='lat' dir='ltr'>hoc</span> <span class='ocrx_word' id='word_1_539' title='bbox 901 2807 1042 2839; x_wconf 89' lang='lat' dir='ltr'>exordio.</span> 
     </span>
    </p>
   </div>
   <div class='ocr_carea' id='block_1_10' title="bbox 141 2865 1951 3095">
    <p class='ocr_par' dir='ltr' id='par_1_14' title="bbox 141 2865 1951 3095">
     <span class='ocr_line' id='line_1_54' title="bbox 259 2865 1950 2974; baseline 0.002 -13"><span class='ocrx_word' id='word_1_540' title='bbox 259 2921 372 2967; x_wconf 82' lang='lat' dir='ltr'>Quas</span> <span class='ocrx_word' id='word_1_541' title='bbox 405 2923 615 2974; x_wconf 87' lang='lat' dir='ltr'>magnifico</span> <span class='ocrx_word' id='word_1_542' title='bbox 638 2923 891 2965; x_wconf 74' lang='lat' dir='ltr'>cancellario</span> <span class='ocrx_word' id='word_1_543' title='bbox 922 2865 1066 2964; x_wconf 40' lang='lat' dir='ltr'>{sti}</span> <span class='ocrx_word' id='word_1_544' title='bbox 1095 2866 1241 2964; x_wconf 50' lang='grc'>011000</span> <span class='ocrx_word' id='word_1_545' title='bbox 1273 2922 1413 2963; x_wconf 86' lang='lat' dir='ltr'>literas</span> <span class='ocrx_word' id='word_1_546' title='bbox 1448 2922 1605 2970; x_wconf 88' lang='lat' dir='ltr'>dedisti,</span> <span class='ocrx_word' id='word_1_547' title='bbox 1642 2921 1682 2964; x_wconf 88' lang='lat'>8.</span> <span class='ocrx_word' id='word_1_548' title='bbox 1703 2923 1807 2963; x_wconf 87' lang='lat' dir='ltr'>Nov.</span> <span class='ocrx_word' id='word_1_549' title='bbox 1841 2928 1950 2964; x_wconf 87' lang='lat' dir='ltr'>recte</span> 
     </span>
     <span class='ocr_line' id='line_1_55' title="bbox 142 2980 1950 3035; baseline 0.002 -18"><span class='ocrx_word' id='word_1_550' title='bbox 142 2980 290 3031; x_wconf 75' lang='lat' dir='ltr'>accepi.</span> <span class='ocrx_word' id='word_1_551' title='bbox 343 2980 378 3020; x_wconf 91' lang='grc' dir='ltr'>Ο</span> <span class='ocrx_word' id='word_1_552' title='bbox 407 2982 685 3023; x_wconf 86' lang='lat' dir='ltr'>calamitosum</span> <span class='ocrx_word' id='word_1_553' title='bbox 710 2983 868 3035; x_wconf 88' lang='lat' dir='ltr'>patriae</span> <span class='ocrx_word' id='word_1_554' title='bbox 891 2989 1051 3023; x_wconf 83' lang='lat' dir='ltr'>vestrae</span> <span class='ocrx_word' id='word_1_555' title='bbox 1073 2988 1238 3030; x_wconf 90' lang='lat' dir='ltr'>statum,</span> <span class='ocrx_word' id='word_1_556' title='bbox 1261 2981 1401 3034; x_wconf 90' lang='lat' dir='ltr'>quibus</span> <span class='ocrx_word' id='word_1_557' title='bbox 1428 2987 1512 3021; x_wconf 91' lang='lat' dir='ltr'>tam</span> <span class='ocrx_word' id='word_1_558' title='bbox 1533 2981 1598 3021; x_wconf 89' lang='lat' dir='ltr'>diu</span> <span class='ocrx_word' id='word_1_559' title='bbox 1617 2981 1765 3022; x_wconf 88' lang='lat' dir='ltr'>bellum</span> <span class='ocrx_word' id='word_1_560' title='bbox 1789 2982 1830 3022; x_wconf 91' lang='lat' dir='ltr'>in</span> <span class='ocrx_word' id='word_1_561' title='bbox 1849 2982 1950 3022; x_wconf 87' lang='lat' dir='ltr'>vici-</span> 
     </span>
     <span class='ocr_line' id='line_1_56' title="bbox 141 3037 1951 3095; baseline 0.003 -19"><span class='ocrx_word' id='word_1_562' title='bbox 141 3037 207 3077; x_wconf 82' lang='lat' dir='ltr'>nia</span> <span class='ocrx_word' id='word_1_563' title='bbox 240 3040 401 3078; x_wconf 87' lang='lat' dir='ltr'>tandem</span> <span class='ocrx_word' id='word_1_564' title='bbox 434 3040 470 3079; x_wconf 90' lang='lat' dir='ltr'>in</span> <span class='ocrx_word' id='word_1_565' title='bbox 505 3040 632 3081; x_wconf 89' lang='lat' dir='ltr'>sinum</span> <span class='ocrx_word' id='word_1_566' title='bbox 665 3048 728 3082; x_wconf 87' lang='lat' dir='ltr'>est</span> <span class='ocrx_word' id='word_1_567' title='bbox 748 3048 964 3094; x_wconf 78' lang='lat' dir='ltr'>receptum.</span> <span class='ocrx_word' id='word_1_568' title='bbox 1033 3041 1200 3082; x_wconf 87' lang='lat' dir='ltr'>Scilicet</span> <span class='ocrx_word' id='word_1_569' title='bbox 1231 3040 1386 3095; x_wconf 24' lang='lat' dir='ltr'>hicnille</span> <span class='ocrx_word' id='word_1_570' title='bbox 1408 3045 1540 3081; x_wconf 89' lang='lat' dir='ltr'>terrae</span> <span class='ocrx_word' id='word_1_571' title='bbox 1560 3045 1704 3089; x_wconf 88' lang='lat' dir='ltr'>motus,</span> <span class='ocrx_word' id='word_1_572' title='bbox 1739 3053 1814 3093; x_wconf 90' lang='lat' dir='ltr'>quo</span> <span class='ocrx_word' id='word_1_573' title='bbox 1841 3046 1951 3082; x_wconf 89' lang='lat' dir='ltr'>totus</span> 
     </span>
    </p>
   </div>
  </div>
 </body>
</html>
