2028 3242
859 84 975 113 contra
997 80 1127 114 Ursum.
1807 80 1892 123 257

88 199 162 228 nec
196 186 328 239 ipsum
363 191 514 239 potest.
575 186 682 226 Nam
719 186 778 227 sic
816 186 975 239 quidem
1013 186 1180 238 planeta
1216 185 1475 238 retrogradus
1512 185 1645 236 fieret,
1690 192 1736 228 at
1777 187 1894 233 simul

89 243 343 286 latitudinem
385 245 595 297 aequalem
637 245 817 286 efficeret
857 244 1207 298 retrogradationi.
1278 245 1365 285 Nec
1407 244 1571 284 tertium
1609 258 1701 285 esse
1741 252 1892 298 potest.

88 303 195 346 Nam
229 304 396 357 planeta
432 304 471 344 in
510 303 635 344 latum
664 304 875 345 veheretur
906 304 966 344 cis
1005 308 1047 344 et
1076 303 1183 344 ultra
1214 303 1454 355 eclipticam.
1515 303 1563 343 In
1599 304 1662 345 his
1694 305 1894 357 angustiis

90 361 211 403 aliter
239 368 423 404 statuere
453 375 534 403 non
559 375 739 430 possum,
773 375 892 416 quam
925 362 1030 416 qnod
1061 367 1133 402 aut
1161 362 1409 402 Aristoteles
1441 362 1494 402 ad
1523 361 1681 404 Eudoxi
1711 363 1895 404 delinea-

90 420 238 462 tionem
274 422 517 475 respiciens,
562 421 627 475 qui
666 421 813 462 lineam
856 434 907 461 ex
937 422 1063 461 Terra
1096 433 1169 473 per
1208 427 1349 462 centra
1379 421 1645 473 epicyclorum
1683 423 1892 472 educebat,

89 480 200 521 illam
237 493 354 522 axem
384 480 580 537 sphaerae
620 493 692 521 seu
723 480 890 533 epicycli
921 479 1231 528 existimaverit,
1275 479 1444 532 ideoque
1481 479 1597 531 polos
1628 480 1699 521 illa
1730 488 1891 532 puncta,

20 582 26 587 ,
89 539 231 592 quibus
261 539 370 581 linea
399 539 616 592 epicyclum
643 539 831 588 secabat;
862 545 932 579 aut
950 545 1073 587 certe,
1106 539 1200 606 quia
1229 539 1384 579 ratione
1405 538 1541 590 optica
1571 539 1655 578 tale
1675 540 1892 592 episphae-

91 597 177 639 rion
207 597 249 639 in
273 597 385 651 justo
416 598 498 638 situ
528 597 580 638 ad
610 598 773 650 planum
804 598 1016 650 eclipticae
1035 597 1137 638 visui
1154 597 1541 650 perpendiculariter
1560 597 1762 650 objectum
1781 599 1892 651 pingi

90 657 245 710 nequit,
283 657 375 710 quin
404 657 487 709 poli
519 663 562 696 et
592 663 773 697 centrum
812 658 991 710 adeoque
1035 662 1146 697 totus
1177 657 1267 697 axis
1297 657 1336 697 in
1368 669 1487 698 unum
1517 663 1707 708 punctum
1739 658 1891 698 coinci-

90 716 202 765 dant,
233 714 321 768 ipse
353 715 476 756 etiam
492 716 742 756 Aristoteles
774 723 913 756 centra
944 722 986 756 et
1015 716 1131 768 polos
1161 716 1400 763 confuderit,
1432 728 1520 756 cum
1544 715 1713 762 videret,
1746 716 1892 757 lineam

89 787 140 815 ex
170 774 296 815 Terra
330 787 404 828 per
440 774 606 829 epicycli
646 781 827 816 centrum
864 781 997 815 actam
1036 775 1074 815 in
1112 775 1338 827 eclipticam
1375 774 1478 815 duci.
1540 775 1682 827 Itaque
1726 776 1890 825 factum,

89 838 135 874 ut
163 833 430 883 existimaret,
463 841 614 874 motum
646 834 844 886 sphaerae
877 835 941 881 (ut
972 834 1008 874 is
1039 834 1260 886 epicyclum
1291 834 1490 886 appellat)
1522 846 1612 874 esse
1644 833 1752 874 circa
1781 835 1894 876 illam

90 892 245 934 lineam.
305 892 563 934 Necessitate
595 893 730 945 itaque
762 893 899 933 adacti
930 893 1005 932 hoc
1035 893 1085 932 de
1105 893 1330 933 Aristotele
1361 892 1619 944 suspicemur,
1653 899 1696 933 et
1726 893 1786 934 sic
1816 906 1892 934 ex-

88 950 282 1004 plicemus
310 950 534 997 Eudoxum,
568 951 711 992 tertiae
743 952 943 1004 sphaerae
975 953 1097 1004 (quae
1118 952 1319 1007 epicyclus
1346 951 1467 992 fuerit
1495 964 1580 999 seu,
1614 957 1660 991 ut
1676 952 1894 993 Aristoteli

88 1010 332 1062 placeamus,
365 1009 678 1063 episphaerium)
711 1017 888 1051 centrum
920 1017 963 1051 et
1006 1011 1167 1063 planum
1202 1010 1377 1051 medium
1416 1011 1457 1050 in
1487 1011 1650 1062 planum
1680 1011 1892 1063 eclipticae

92 1069 365 1122 competiisse,
407 1075 453 1110 ut
484 1069 613 1110 lineae
644 1082 695 1110 ex
726 1069 852 1110 Terra
880 1082 953 1122 per
983 1076 1162 1110 centrum
1202 1069 1319 1121 hujus
1351 1069 1517 1122 epicycli
1550 1070 1703 1122 ejectae
1725 1070 1774 1119 in
1805 1070 1892 1110 sin-

90 1127 195 1180 gulis
229 1127 407 1181 planetis
447 1127 628 1181 singulae
662 1128 827 1177 fuerint,
874 1129 913 1169 in
955 1128 987 1177 ῼ
1026 1141 1121 1169 vero
1157 1133 1201 1168 et
1230 1130 1259 1178 ἕ
1296 1128 1557 1169 coincideriut
1594 1135 1637 1168 et
1671 1141 1752 1169 una
1787 1129 1895 1169 linea

93 1186 255 1228 fuerint.
315 1186 363 1227 In
393 1187 470 1227 hac
501 1200 594 1227 vero
626 1187 748 1228 tertia
778 1187 885 1228 aliud
917 1187 1211 1240 episphaerium
1230 1187 1355 1227 fuisse
1373 1187 1648 1236 constitutum,
1683 1188 1794 1240 cujus
1812 1187 1895 1240 poli

90 1260 117 1286 a
154 1245 258 1298 polis
297 1245 444 1286 tertiae
482 1246 722 1287 declinarint
763 1252 876 1286 tanto
916 1247 1069 1299 spatio,
1115 1252 1304 1300 quantum
1334 1246 1561 1286 sufficiebat
1600 1246 1893 1287 latitudinibus.

89 1303 147 1345 Et
184 1305 314 1357 quarti
354 1304 512 1358 quidem
551 1311 662 1345 motu
702 1305 743 1344 in
781 1306 1068 1358 consequentia
1102 1306 1306 1357 planetam
1348 1311 1391 1345 et
1429 1306 1468 1345 in
1511 1306 1635 1345 latum
1666 1305 1822 1357 digredi
1852 1311 1896 1345 et

92 1364 371 1416 retrogradum
402 1363 442 1403 in
473 1363 552 1404 imo
584 1363 750 1418 epicyeli
781 1364 882 1412 fieri,
927 1364 1037 1404 tertii
1067 1377 1162 1404 vero
1193 1371 1301 1404 motu
1334 1363 1375 1404 id
1406 1364 1528 1412 effici,
1571 1370 1615 1404 ut
1644 1364 1812 1416 planeta
1841 1364 1897 1405 sit

93 1421 132 1462 in
162 1421 337 1464 maxima
367 1421 602 1471 latitudine,
634 1423 723 1475 jam
753 1423 859 1476 apud
890 1422 1045 1471 Solem,
1077 1423 1163 1476 jam
1193 1423 1234 1464 in
1265 1423 1352 1476 ejus
1384 1423 1590 1476 opposito,
1615 1423 1702 1475 jam
1731 1423 1772 1464 iu
1803 1429 1894 1464 sta-

92 1481 268 1523 tionibus
297 1481 370 1523 ac.

209 1539 399 1593 Sequitur
428 1539 467 1579 in
487 1540 732 1581 Aristotele:
765 1503 989 1593 „Calippus
1020 1545 1152 1580 autem
1184 1539 1425 1592 positionem
1456 1540 1615 1593 quidem
1634 1540 1895 1592 sphaerarum

93 1599 262 1640 eandem
291 1611 380 1640 cum
409 1598 578 1639 Eu'doxo
609 1599 755 1651 posuit,
789 1605 873 1639 tum
903 1604 946 1639 et
978 1599 1192 1639 intervalla
1222 1598 1381 1639 eadem:
1420 1611 1540 1650 porro
1570 1599 1620 1645 ei,
1653 1611 1755 1652 quae
1778 1599 1894 1640 Jovis

94 1662 137 1699 et
177 1670 279 1711 quae
301 1654 500 1705 Saturni,
544 1658 712 1699 eandem
749 1658 1010 1710 sphaerarum
1050 1658 1346 1698 multitudinem
1388 1657 1695 1710 (quantitatem)
1739 1659 1895 1700 dedit.“

86 1717 141 1760 In
170 1713 200 1769 Β
229 1721 273 1758 et
302 1715 343 1765 Ἃ
370 1716 531 1769 penitus
562 1716 661 1757 nihil
691 1717 873 1765 mutavit,
906 1730 1001 1758 nam
1031 1717 1342 1770 inaequalitates
1368 1729 1504 1757 eorum
1534 1730 1660 1757 causa
1689 1717 1752 1757 sui
1770 1718 1893 1766 orbis,

92 1775 256 1829 propter
278 1775 438 1816 tardum
468 1787 602 1815 eorum
633 1775 816 1825 reditum,
850 1789 924 1816 nec
954 1777 1041 1829 ipse
1073 1775 1244 1828 quidem,
1277 1776 1457 1828 quamvis
1488 1776 1736 1828 professione
1756 1782 1895 1817 astro-

94 1846 247 1883 nomuS,
280 1834 598 1882 animadvertere
628 1840 802 1887 poterat.
865 1834 982 1884 „Soli
1012 1847 1107 1875 vero
1138 1841 1180 1875 et
1204 1835 1343 1874 Lunae
1376 1835 1476 1875 duas
1507 1835 1670 1886 insuper
1699 1835 1892 1888 adjicien-

95 1890 169 1935 das
199 1892 465 1942 existimavit,
498 1893 534 1933 si
565 1894 653 1945 quis
683 1899 893 1946 praestare
925 1895 1062 1943 debet,
1096 1907 1197 1947 quae
1229 1899 1448 1945 apparent:
1482 1894 1646 1946 reliquis
1678 1907 1771 1934 vero
1801 1895 1895 1947 pla-

95 1951 202 1993 netis
231 1951 440 2005 unicuique
471 1952 634 1993 uuam.“
696 1951 889 2005 Calippus
921 1966 998 1993 non
1030 1953 1353 2006 philosophorum
1391 1953 1510 1993 alicui
1541 1959 1678 1993 sectae
1710 1954 1896 1994 addictus

94 2011 193 2059 (non
223 2016 453 2052 recensetur
485 2011 589 2051 enim
619 2025 645 2051 a
674 2012 843 2052 Laertio
874 2012 979 2053 inter
1008 2013 1308 2065 philosophos),
1348 2012 1420 2052 sed
1458 2018 1503 2052 ut
1533 2012 1616 2052 dixi
1646 2013 1895 2064 professione

95 2075 368 2120 astronomus,
408 2070 676 2110 astronomica
719 2071 914 2111 tractavit
951 2084 1076 2123 eaque
1114 2070 1340 2110 accuratius
1379 2083 1496 2123 quam
1526 2071 1719 2111 Eudoxus
1762 2072 1899 2123 philo-

96 2129 267 2181 sophus,
306 2140 500 2180 quaereus
532 2128 837 2170 concinnitates.
899 2130 1201 2170 Animadvertit
1236 2129 1358 2181 igitur
1389 2129 1669 2170 observatione
1701 2131 1894 2182 diligenti,

98 2184 172 2237 Θ,
201 2189 255 2235 ζ,
286 2191 342 2235 d,
374 2185 427 2235 Q,
448 2188 478 2236 ἕ
521 2187 654 2238 plures
684 2188 816 2227 inesse
848 2188 1174 2240 inaequalitates,
1209 2200 1326 2240 quam
1342 2187 1501 2228 Eudoxi
1533 2189 1666 2228 ferunt
1694 2189 1896 2242 hypothe-

95 2258 181 2285 ses:
214 2257 304 2286 eam
334 2257 392 2284 sc.
425 2257 525 2297 quae
556 2251 781 2296 respectum
811 2247 936 2286 habet
972 2247 1022 2286 ad
1050 2252 1188 2298 partes
1217 2246 1384 2295 zodiaci,
1418 2259 1537 2299 quam
1555 2248 1897 2288 eccentricitatem

96 2303 276 2344 dicimus.
337 2303 478 2355 ltaque
518 2303 653 2343 orbem
689 2316 807 2344 unum
843 2305 1012 2356 singulis
1049 2305 1226 2352 addidit,
1265 2304 1331 2357 qui
1372 2311 1501 2346 utrum
1540 2306 1739 2358 epicyclus
1780 2306 1899 2346 fuerit

28 2367 30 2369 ’
97 2376 149 2404 an
179 2363 363 2403 deferens
395 2361 659 2401 eccentricum
684 2362 912 2414 (utrumque
943 2363 1049 2403 enim
1078 2363 1162 2402 fieri
1192 2362 1342 2415 potuit,
1382 2363 1512 2414 magis
1553 2370 1688 2403 tamen
1720 2365 1814 2412 hoc)
1846 2377 1897 2404 ex

94 2421 159 2462 his
188 2421 321 2462 verbis
353 2420 511 2460 decerni
541 2419 690 2471 nequit.

212 2480 291 2521 Hic
328 2479 451 2531 igitur
487 2479 744 2530 incongruam
775 2479 1065 2519 Fracastoreus
1110 2480 1227 2519 affert
1263 2478 1656 2531 interpretationem
1694 2480 1819 2532 primo
1855 2481 1897 2520 in

96 2538 192 2580 Sole
223 2545 267 2580 et
295 2539 427 2586 Luna,
459 2538 529 2586 ait,
564 2537 678 2577 binos
709 2537 892 2589 utrinque
925 2537 1086 2577 additos
1118 2551 1143 2576 a
1175 2536 1357 2590 Cahppo,
1375 2538 1456 2590 ‘qui
1487 2543 1580 2578 sunt
1612 2538 1770 2590 singuli,
1803 2552 1897 2579 eos-

98 2610 174 2651 que
206 2598 265 2638 sic
296 2602 561 2648 comparatos,
594 2601 639 2635 ut
670 2596 904 2636 tarditatem
935 2602 977 2635 et
1007 2596 1278 2644 velocitatem,
1310 2609 1411 2648 quae
1442 2596 1482 2636 in
1514 2602 1680 2648 utroque
1713 2604 1896 2649 apparet,

99 2669 293 2710 quamque
333 2655 533 2708 positione
576 2653 889 2694 eccentricitatis
930 2667 1003 2693 nos
1045 2655 1257 2703 efficimus,
1301 2654 1511 2694 inveheret
1551 2655 1811 2696 luminaribus
1856 2663 1899 2696 et

99 2715 258 2755 ordinet
287 2715 480 2766 sphaeras
512 2713 564 2752 ad
595 2713 752 2752 modum
790 2713 1133 2752 homocentrorum
1161 2726 1333 2753 suorum.
1398 2711 1525 2758 Quasi
1549 2713 1668 2753 modo
1699 2719 1783 2753 tam
1815 2715 1896 2755 dif-

98 2773 190 2814 ficili
221 2773 368 2814 fuerint
396 2772 456 2811 usi
486 2777 659 2820 veteres,
692 2772 804 2823 isque
838 2770 996 2811 silentio
1028 2785 1053 2811 a
1083 2772 1366 2811 recentioribus
1399 2772 1520 2811 fuerit
1550 2773 1746 2823 sepultus.
1808 2773 1895 2813 Ve-

98 2844 184 2872 rum
213 2836 292 2880 est,
311 2830 438 2871 orbes
468 2830 543 2870 hos
574 2843 665 2870 esse
696 2835 860 2882 propter
891 2829 1244 2878 eccentricitatem,
1279 2829 1350 2869 sed
1370 2829 1515 2880 singuli
1545 2830 1757 2879 sufficiunt,
1793 2832 1899 2884 quod

98 2889 256 2931 videtur
294 2889 508 2941 desperare
538 2890 849 2937 Fracastoreus,
892 2888 1039 2940 singuli
1071 2900 1128 2928 sc.
1162 2888 1329 2941 epicycli
1367 2893 1437 2927 aut
1472 2888 1623 2928 circelli
1660 2888 1767 2930 circa
1797 2902 1894 2930 cen-

98 2954 217 2998 trum,
250 2948 285 2988 si
315 2947 431 2988 simul
460 2959 716 3000 progressum
736 2958 1004 2998 apogaeorum
1030 2946 1188 2986 efficere
1206 2947 1399 2986 Eudoxus
1418 2946 1556 2989 voluit.
1612 2947 1699 2988 Nec
1724 2948 1774 2988 de
1791 2949 1895 2990 binis

99 3006 293 3059 trinisque
329 3005 566 3047 Aristotelis
602 3005 727 3045 verba
769 3010 927 3046 sonant.
994 3004 1149 3044 Deinde
1193 3004 1305 3045 illum
1347 3004 1387 3044 in
1424 3005 1569 3045 ceteris
1605 3006 1896 3051 Fracastoreus

98 3069 216 3118 putat
245 3064 439 3112 additum,
467 3068 633 3116 propter
663 3076 799 3104 earum
829 3064 880 3105 ab
912 3068 1128 3117 aequatore
1160 3062 1478 3113 declinationem,
1513 3063 1565 3103 ad
1589 3075 1768 3106 normam
1785 3065 1895 3106 Solis

55 3129 58 3131 ’
170 3133 288 3166 ῑηῑοτί
305 3134 397 3165 090¹·
413 3132 436 3158 ¹·
1569 3131 1614 3166 17
