2028 3242
856 53 966 87 Nouo
990 53 1144 87 Editor-is.
1818 52 1904 96 279

98 161 134 190 et
154 162 348 201 mnne
370 160 559 200 attentavit,
584 157 706 203 Seotus
726 160 861 206 quidam
884 162 1020 193 natione
1044 161 1117 199 fuit,
1141 159 1331 192 medicinae
1354 159 1536 193 Galenicae
1561 160 1691 200 doctor,
1719 166 1754 192 et
1777 160 1902 197 Aristo-

98 203 208 239 telea·
240 203 464 247 philosophiae
496 216 596 248 supra
618 206 750 239 modum
774 207 945 245 addictus,
981 207 1094 250 quem'
1111 207 1166 240 liic
1188 208 1359 240 nominare
1393 207 1469 239 nolo
1502 210 1573 248 eJus
1602 207 1717 240 honori
1751 216 1903 249 parcens.

99 250 182 284 Vult
203 251 334 294 quidem
355 253 394 296 μὶε
417 263 540 295 genere
563 254 681 286 nobilis
711 254 844 296 haberi,
877 256 926 286 uti
951 255 992 287 de
1015 262 1067 287 se·
1083 255 1154 296 ipso
1185 254 1368 286 nonnullibi
1390 255 1557 290 insinuat,
1594 254 1652 287 sed
1676 259 1790 287 tamen
1815 254 1902 287 dicto

97 296 286 341 philosopho
309 298 440 333 ethnico
464 302 560 333 nimis
583 301 743 334 serviliter
766 302 892 343 potiore
917 303 966 335 sui
989 306 1102 344 parte,
1118 301 1162 333 dx.
1189 311 1218 333 e.
1244 302 1342 343 genio
1366 304 1401 333 et
1424 301 1576 344 ingenio,
1607 303 1641 333 in
1665 302 1727 335 hoc
1751 310 1901 343 praeser-

97 346 156 378 tim
179 345 222 378 de
246 348 381 379 cometis
406 349 550 391 negotio,
576 348 793 390 mancipatus.
843 348 926 381 Cum
949 349 1006 382 ille
1030 359 1070 381 ex
1094 349 1328 389 intercessione
1354 349 1525 389 enjusdam
1550 349 1599 380 sni
1624 349 1832 381 conterrauei
1848 359 1902 382 me

96 392 149 425 hic
177 392 350 426 inviscatis
381 394 497 427 librum
532 399 679 432 nostrum
716 395 896 428 secundum
921 396 962 428 de
996 395 1142 428 aetherei
1172 394 1285 427 mundi
1319 395 1572 436 phaenomenis‚
1606 397 1661 438 qui
1695 396 1737 428 de
1763 395 1903 429 Cometa

96 439 175 472 anni
197 436 256 471 77.
282 439 411 474 affatim
434 445 570 479 tractat,
595 443 707 475 statim
731 446 831 484 atque
854 443 883 475 is
906 444 994 485 typis
1018 443 1185 475 absolutus
1209 445 1295 479 erat,
1320 443 1513 483 accepisset.
1539 444 1668 484 scriptis
1685 443 1729 475 ad
1752 453 1806 475 me
1821 443 1899 476 lite-

94 487 139 519 ris
162 488 360 521 assertiones
383 493 513 522 umas
537 489 635 522 isthic
659 489 927 531 comprehensas,
965 491 1157 532 praesertim
1190 489 1275 532 quod
1302 493 1467 530 cometam
1502 490 1594 522 illum
1623 491 1657 522 in
1747 491 1901 524 therea

133 533 236 566 undi
272 544 314 568 re
348 535 441 568 ione
477 541 512 569 et
534 546 557 568 n
646 540 742 568 'uam
767 537 961 570 elementari
986 535 1119 583 (contra
1148 546 1247 592 guam
1278 535 1390 568 docuit
1414 538 1488 582 A&
1488 535 1624 582 tgteles)
1650 499 1900 570 cukiTm'Wffm

95 544 272 614 ᾖ
293 545 492 615 &aerim
500 606 510 622 ,
546 576 581 615 m'
606 545 742 616 &subm
766 593 885 617 vocare
909 589 944 617 et
967 588 1126 627 quantum
1158 595 1194 616 ιιι
1218 593 1289 625 ipso
1325 588 1399 616 erat
1433 584 1638 617 labefactare
1663 589 1802 617 conatus
1836 589 1898 619 est.

96 627 331 663 Exinimalnm
366 634 456 662 certe
480 630 522 662 ab
554 631 658 667 initio,
695 631 860 664 hominem
894 633 1001 665 amice
1036 636 1071 664 et
1103 631 1245 664 candide
1274 631 1420 664 veritatis
1456 632 1600 673 penitius
1631 631 1899 664 manifestandae

92 675 204 717 gnus
224 675 261 708 id
281 676 388 718 ipsum
410 686 523 720 agere.
572 677 670 717 Quod
693 683 727 710 et
751 678 844 711 multi
870 678 925 711 alii
949 689 1015 711 non
1040 679 1193 712 ineruditi
1218 679 1276 710 viri
1298 687 1426 710 mecum
1444 680 1570 720 opinati
1585 683 1681 714 sunt.
1714 680 1802 711 inter
1817 688 1896 720 quos

93 725 166 754 erat
187 722 383 765 magnificus
415 723 470 756 ille
490 724 581 769 §.2⁰-
609 724 798 759 Curtius.
835 727 961 768 imperii
994 726 1270 773 procancellarius
1294 724 1355 758 &c-
1406 726 1451 758 At
1475 726 1575 759 scoto
1604 725 1699 763 huic,
1725 722 1808 758 *cnm
1832 736 1898 758 non

91 768 195 801 solnm
218 769 449 803 Aristotelem
474 773 706 804 auctoritatem
729 773 868 805 multum
892 772 1007 806 contra
1030 783 1091 805 nos
1114 783 1176 805 ven
1214 777 1302 809 tant,
1329 773 1388 805 sed
1405 774 1506 805 etiam
1523 774 1759 815 geometricum
1783 774 1896 806 nescio

91 815 167 858 quid
190 825 249 858 pro
272 826 335 849 sua
358 818 509 860 opinione
530 819 733 854 stabilienda
755 821 964 861 pertenent,
989 821 1051 862 ipsi
1076 821 1135 852 soli
1159 820 1307 853 modeste
1331 820 1527 852 obviandum
1553 821 1666 852 censui
1680 842 1690 856 .
1714 821 1835 862 partim
1858 824 1897 852 ut

92 864 163 904 eiua
186 863 407 904 objectiones,
442 874 527 907 quae
559 867 703 907 speciem
726 868 892 908 quandam
917 868 985 899 veri
1010 877 1087 909 prae
1111 876 1147 900 se
1180 867 1331 899 ferebant
1367 872 1403 899 et
1425 868 1577 899 incautos
1614 867 1712 900 facile
1737 868 1772 899 in
1797 867 1896 900 devia

91 910 239 952 tenpore
261 915 428 953 poterant,
454 912 628 946 diluerem.
666 914 785 955 partim
818 920 856 946 ut
879 915 1038 947 nonnulla
1061 917 1095 946 in
1120 915 1235 947 eodem
1259 914 1302 946 11.
1327 919 1416 946 tomo
1449 918 1609 947 contenta
1632 915 1761 956 plenius
1786 918 1822 946 et
1845 914 1894 946 di·

90 957 230 990 lucidius
265 958 462 1000 explicarem
496 966 595 1001 atque
620 959 663 992 de
686 970 722 993 re
747 963 909 994 cometica
932 963 1136 1004 generaliore
1168 962 1310 1003 quodam
1333 962 1429 994 modo
1461 961 1619 993 nonnulla
1655 962 1790 994 ulterius
1817 971 1893 994 cou-

91 1005 280 1047 signarem:
309 1015 459 1046 sperans.
484 1017 536 1039 me
561 1007 622 1048 ipsi
646 1012 683 1040 et
706 1008 778 1040 aliis
803 1010 950 1041 veritatis
981 1009 1046 1041 hac
1071 1010 1103 1040 iu
1136 1013 1231 1050 parte
1255 1009 1491 1042 scrutatoribus
1514 1019 1583 1041 rem
1613 1008 1702 1041 haud
1727 1010 1895 1051 ingratam

92 1052 140 1085 sic
174 1053 418 1093 praestiturum.
475 1052 586 1093 Quare
619 1057 804 1096 conscripta
839 1061 1093 1098 extemporanea
1126 1056 1270 1098 quadam
1299 1056 1463 1099 Apologia
1498 1065 1573 1088 eam
1608 1057 1643 1088 in
1668 1055 1814 1088 Sc'otiam
1851 1056 1895 1088 ad

89 1099 335 1141 antagonistam
358 1105 504 1133 nostrum
528 1102 694 1134 transmisi
729 1103 932 1145 eandemque
957 1113 1031 1135 cum
1055 1103 1249 1145 quibusdam
1286 1103 1361 1136 aliis
1385 1099 1419 1134 in
1445 1103 1624 1136 Germania
1647 1104 1723 1135 viris
1748 1113 1892 1136 commu-

89 1146 208 1183 nicavi.
244 1150 283 1178 ut
307 1156 418 1179 eorum
443 1157 600 1180 censuras
624 1150 747 1191 pariter
771 1151 981 1191 exquirerem.
1032 1149 1136 1190 (Hinc
1161 1154 1234 1182 orta
1258 1160 1330 1183 esse
1355 1149 1482 1182 videtur
1506 1150 1592 1182 falsa
1616 1150 1724 1192 opinio
1749 1159 1890 1192 quorun-

89 1192 166 1225 dam
187 1192 277 1226 lsanc
302 1191 487 1237 apologiam
510 1196 630 1237 publici
656 1197 738 1237 juris
763 1196 888 1230 factam
913 1197 1014 1235 esse.)
1063 1198 1102 1230 In
1125 1197 1190 1229 hac
1217 1198 1370 1240 apologia
1406 1207 1460 1229 me
1483 1197 1667 1229 modestiae
1692 1197 1812 1229 limites
1836 1207 1891 1229 us-

87 1239 177 1281 piam
199 1245 440 1284 “ansgressum
464 1247 523 1274 aut
546 1243 622 1285 quid
647 1244 730 1276 citra
754 1254 822 1276 rem
846 1245 1018 1286 protulisse
1052 1245 1131 1277 mihi
1155 1245 1216 1286 ipsi
1250 1255 1316 1276 non
1340 1254 1413 1276 sum
1450 1245 1610 1276 conscius.
1660 1245 1707 1277 At
1731 1244 1892 1286 quomodo

88 1285 295 1329 philosophus
318 1287 374 1320 ille
397 1289 624 1322 Aristotelicas
649 1295 794 1323 nostram
818 1290 906 1324 hanc
930 1292 1108 1324 candidam
1132 1296 1167 1324 et
1189 1293 1252 1334 ipsi
1275 1292 1325 1324 nti
1348 1292 1524 1332 sperabam
1549 1296 1723 1334 acceptam
1747 1292 1893 1324 futuram

87 1334 303 1367 intentionem
326 1338 500 1377 exceperit,
526 1337 590 1369 dici
607 1338 659 1369 vix
673 1342 792 1379 potest.
842 1339 1021 1381 Postquam
1044 1340 1132 1371 enim
1157 1349 1260 1381 usque
1285 1340 1319 1371 in
1343 1340 1478 1371 tertium
1495 1347 1619 1371 aunum
1643 1339 1739 1382 hanc*
1749 1340 1893 1371 amicam

88 1381 272 1424 apologiam
294 1381 414 1415 aecum
430 1384 619 1416 retinuisset
650 1385 795 1427 nihilque
818 1388 964 1428 responsi
1001 1391 1095 1418 tanto
1120 1391 1269 1428 tempore
1300 1387 1559 1428 perscripsisset,
1598 1396 1672 1418 eum
1698 1386 1749 1419 vel
1772 1387 1892 1418 nostris

85 1428 307 1465 dilimionibus
338 1431 541 1472 acquievisse
565 1436 601 1464 et
623 1433 659 1464 in
680 1432 743 1464 has
767 1434 956 1466 transivisse
981 1438 1092 1474 partes
1117 1434 1368 1471 existimabam,
1409 1433 1471 1469 vel,
1497 1433 1583 1474 quod
1609 1434 1890 1467 contradictiones

87 1484 153 1509 mu
175 1474 276 1513 facile
298 1475 434 1510 ulterius
459 1483 678 1516 occurrerent,
703 1481 914 1513 continuisse.
932 1481 947 1484 “
961 1481 1112 1513 ‘tandem
1130 1486 1231 1517 vero,
1266 1485 1360 1522 rupto
1385 1480 1440 1512 illo
1464 1480 1534 1511 alto
1561 1479 1708 1520 silentio,
1735 1481 1891 1522 scriptum

86 1521 251 1565 quoddam
274 1524 575 1568 antapologeticum
598 1526 696 1567 paulo
721 1527 926 1560 virulentiore
952 1532 987 1560 et
998 1528 1201 1560 mordaciore
1221 1529 1342 1565 animo,
1369 1536 1468 1569 quam
1493 1528 1580 1568 prins
1596 1537 1656 1569 per
1670 1528 1783 1560 literas
1809 1537 1886 1570 ege-

86 1573 152 1608 rat.
174 1570 211 1607 iu
232 1579 293 1603 noc
314 1571 452 1604 vibravit
475 1571 536 1605 ᾱο.
586 1573 731 1605 'titulum
755 1573 835 1606 fecit
858 1575 933 1607 huic
958 1575 1167 1607 stomachoso
1193 1579 1227 1607 et
1252 1575 1405 1608 insolenti
1423 1575 1560 1615 scripto:
1587 1574 1893 1624 Capnntflniag

84 1612 311 1649 'restinctio
335 1628 406 1650 seu
430 1629 448 1652 c
713 1621 752 1652 in
778 1631 800 1654 a
939 1632 960 1655 a
994 1622 1323 1667 SlleQssjjsspji
1347 1621 1560 1667 ref-utaugiss
1586 1620 1647 1654 &c.
1697 1621 1888 1654 Solidiorem

86 1667 121 1696 et
142 1653 320 1706 sp‘T'aHem
342 1657 413 1706 ejus*
436 1667 683 1708 replicationem
707 1670 774 1700 una
799 1678 873 1701 cum
899 1663 1106 1702 convenienti
1130 1662 1519 1701 refutatione'iffcffi‘ex
1543 1670 1662 1700 nostris
1688 1669 1802 1701 amicis
1827 1673 1890 1701 aut

74 1711 185 1746 *fiam
208 1711 372 1753 discipulis
395 1713 511 1746 harum
536 1724 641 1746 rerum
665 1716 776 1756 gnaris
800 1725 858 1747 suo
883 1722 1027 1758 tempore
1053 1717 1277 1758 exequendam
1301 1715 1549 1749 commendabo.

177 1757 274 1791 Haec
289 1758 402 1799 Tycho
426 1759 462 1800 (e
484 1761 586 1794 literis
613 1762 645 1793 d.
660 1761 795 1794 Uranib.
821 1764 852 1795 d.
882 1762 932 1794 14.
951 1764 1027 1796 Jan.
1059 1762 1149 1794 1595
1174 1766 1208 1796 in
1234 1764 1358 1805 „Epist.
1374 1763 1530 1795 Astron.“
1557 1764 1612 1795 lib.
1632 1763 1658 1795 1.
1677 1773 1708 1804 p.
1728 1760 1798 1794 284
1815 1773 1884 1806 sqq.

85 1804 137 1836 ed.
155 1805 306 1838 raneos.
331 1815 364 1838 a.
391 1806 510 1848 16¹0).
561 1809 750 1841 Gassendus
775 1811 808 1841 in
834 1811 903 1843 vita
918 1811 1082 1851 Tychonis
1100 1811 1209 1846 refert.
1236 1811 1371 1843 Scotum
1389 1811 1476 1842 hunc
1494 1808 1662 1843 Medicum
1686 1810 1799 1847 fuisse,
1823 1821 1884 1842 no-

84 1853 172 1885 mine
196 1851 432 1896 Crssghrm,
458 1860 493 1887 et
517 1855 599 1888 Lon
608 1862 913 1898 gomontanum.
943 1858 1107 1899 Tychonis
1133 1858 1328 1899 discipulum
1354 1858 1584 1899 conscripsisse
1611 1857 1806 1899 Apologiam
1830 1867 1888 1899 pro

84 1898 256 1940 Tycham,
292 1909 378 1942 quae
401 1903 429 1934 si
453 1904 563 1944 utique
589 1905 774 1946 conscripta
798 1910 888 1938 certe
912 1916 976 1936 non
994 1905 1114 1947 publici
1128 1907 1210 1946 juris
1227 1906 1318 1937 facta
1332 1909 1393 1937 est.
1414 1904 1543 1946 (comp.
1563 1904 1691 1937 Molleri
1711 1904 1889 1945 „eymbria

83 1945 255 2034 Ιίωἱῖἶὲς*
288 1947 333 1980 11.
363 1959 395 1990 p.
428 1948 502 1981 ¹¹0.
539 1955 574 1982 et
605 1949 778 1983 Scheibelii
807 1952 1017 1995 „Einleitung
1042 1963 1099 1984 zur
1122 1952 1418 1995 mathematischen
1446 1951 1795 1988 Biicherkenntniss,“
1823 1952 1885 1989 111,

116 2082 119 2083 ⁷
175 2040 217 2073 In
240 2041 355 2074 eodem
379 2047 491 2074 autem
515 2044 676 2076 volumine
701 2044 997 2087 Manuscriptorum
1015 2047 1349 2088 Petropolitanorum,
1376 2056 1394 2079 e
1419 2057 1481 2089 quo
1508 2046 1723 2078 desumsimus
1750 2047 1887 2089 Kepleri

83 2087 303 2130 fragmentum
326 2099 526 2122 concernens
552 2091 626 2123 Ursi
649 2093 895 2132 refutationem,
934 2093 1205 2134 deprehendimus
1243 2093 1333 2125 aliud
1363 2095 1586 2136 fragmentum
1610 2094 1747 2135 Kepleri
1786 2103 1888 2126 manu

84 2135 239 2176 scriptum
264 2133 309 2174 (c.
334 2136 462 2167 initium
488 2137 700 2177 numism),
724 2140 930 2180 inscriptum:
967 2140 1194 2173 Refutatio
1220 2140 1375 2178 libelli,
1403 2142 1467 2174 cui
1494 2141 1648 2173 titulus
1675 2141 1886 2183 Capnura·

84 2182 185 2214 niae
208 2182 453 2214 restinctio.
1196 2188 1891 2209 wmffl‘*‘”'

92 2220 99 2239 ¹
178 2221 279 2261 ππ
310 2236 389 2271 ergo
412 2218 594 2271 fieplerus*
611 2231 675 2263 fide
708 2241 805 2273 quam
830 2232 976 2273 Tychoni
1010 2234 1163 2271 dederat,
1202 2235 1349 2275 quamvis
1382 2235 1615 2267 refutationem
1644 2235 1731 2267 hanc
1765 2236 1888 2276 pariter

85 2280 184 2318 atque
208 2275 299 2308 illam
323 2275 399 2308 Ursi
421 2286 488 2308 non
513 2277 698 2319 absolutam
721 2279 897 2321 reliquerit.
1125 2286 1137 2291 ·

177 2357 272 2390 Haec
297 2361 410 2390 autern
434 2362 513 2390 sunt
537 2333 622 2401 quae
647 2359 734 2392 dicto
758 2360 830 2393 loco
855 2366 1004 2393 exstant:

188 2441 227 2477 Si
255 2442 491 2487 Capnurania
519 2450 595 2483 tua,
626 2443 680 2477 vir
707 2444 924 2486 doctissime,
954 2446 997 2479 de
1027 2445 1099 2480 tuis
1127 2448 1186 2481 vel
1206 2447 1389 2492 Tychouis
1417 2447 1571 2492 privat-is
1600 2447 1711 2480 rebus
1740 2451 1886 2492 ageret,

85 2495 152 2529 abs
181 2499 219 2530 te
246 2499 427 2541 peterem,
455 2495 511 2530 uti
538 2495 625 2530 mihi
653 2496 880 2542 ignosceres,
916 2499 1010 2543 quod
1038 2498 1187 2544 ignotus
1216 2505 1255 2534 et
1284 2500 1486 2534 Germanus
1516 2505 1554 2534 te
1582 2499 1729 2534 Scotum
1757 2500 1885 2534 adver·-

85 2547 222 2583 sarium
254 2547 340 2582 mihi
374 2549 592 2594 delegerim,
630 2553 801 2596 tuumque
836 2550 1000 2585 libellum
1038 2552 1270 2588 refutandum
1305 2553 1503 2587 sumserim.
1560 2551 1754 2587 Petitionis
1781 2563 1885 2587 meae

84 2611 216 2636 causas
244 2601 419 2636 haberem
446 2607 506 2636 sat
534 2602 731 2647 speciosas.
787 2603 847 2638 Ex
874 2615 945 2649 quo
972 2615 1128 2650 namque
1158 2617 1260 2651 spem
1299 2606 1448 2650 concepi
1478 2605 1555 2639 fore
1582 2609 1625 2639 ut
1649 2605 1884 2646 astronomia,

85 2663 194 2700 quam
219 2653 455 2690 vehementer
483 2665 581 2695 arno,
612 2655 793 2700 Tychonis
823 2668 937 2701 opera
966 2657 1192 2701 perficiatur:
1234 2671 1305 2693 non
1333 2670 1482 2704 possum
1510 2671 1581 2693 non
1609 2658 1732 2693 itidem
1761 2669 1886 2693 amare

85 2706 201 2741 virum
228 2710 305 2742 tam
331 2707 515 2742 eximium.
573 2709 672 2742 Unde
701 2709 877 2754 sequitur,
907 2714 949 2744 ut
977 2710 1147 2756 quidquid
1175 2712 1290 2757 ipsius
1310 2712 1431 2746 famae
1461 2711 1727 2757 commodisque
1755 2713 1884 2746 adver-

87 2763 208 2800 satur,
236 2759 271 2794 ei
297 2771 365 2800 me,
395 2765 569 2806 qnantum
597 2762 674 2795 fieri
702 2766 826 2806 potest
854 2768 894 2796 et
922 2763 1095 2797 honestas
1125 2765 1277 2809 patitur,
1307 2776 1499 2810 opponam.

190 2814 392 2847 Accederet
418 2820 458 2848 et
485 2814 585 2854 illud,
616 2816 720 2859 quod,
751 2826 831 2863 cum
859 2815 893 2849 in
913 2817 1040 2850 eadem
1059 2827 1138 2851 cum
1157 2818 1280 2863 Tych
1293 2830 1372 2851 one
1392 2818 1502 2862 culpa
1523 2829 1639 2863 ponas
1658 2822 1699 2852 et
1716 2818 1884 2852 Maest-

12 2902 16 2910 ‚
86 2864 227 2899 linum
253 2871 528 2912 praeceptorem
557 2876 693 2908 meum,
737 2880 806 2902 non
834 2868 943 2902 venia
971 2869 1104 2909 solum,
1144 2871 1208 2904 sed
1236 2875 1275 2904 et
1302 2871 1411 2904 laude
1439 2870 1588 2916 dignum
1609 2870 1695 2914 jure
1724 2882 1884 2916 pronun-

87 2916 224 2958 eiures,
255 2918 284 2951 si
313 2918 444 2954 famam
471 2919 564 2963 ejus,
595 2920 665 2954 etsi
692 2926 891 2964 praeterea
919 2921 1008 2955 nihil
1038 2933 1204 2968 agerem,
1234 2927 1362 2957 contra
1390 2928 1474 2958 tuas
1504 2923 1773 2958 criminationes
1802 2924 1883 2959 lite-

13 2976 23 2996 ἔ
86 2980 204 3005 ranas
232 2980 444 3006 assererem.
501 2973 580 3007 Non
609 2974 719 3007 debet
748 2973 840 3008 enim
875 2974 1007 3008 mortui
1035 2980 1074 3009 et
1102 2976 1238 3010 ethnici
1267 2976 1516 3022 praeceptoris
1552 2976 1754 3012 auctoritas
1782 2979 1880 3023 apud

10 3035 25 3071 ἱ·

9 3076 21 3089 φ

10 3093 23 3123 ’ν

8 3125 27 3214 5

87 3027 126 3056 te
153 3029 387 3059 sacrosancta
414 3036 507 3065 esse,
537 3027 633 3070 apud
662 3037 717 3060 me
744 3026 816 3060 vivi
846 3032 883 3060 et
913 3027 1111 3062 Christiani
1141 3029 1222 3063 vilis
1250 3029 1391 3064 haberi.

1932 454 1943 488 Ι

1931 492 1947 554 k

1932 560 1955 625 )

1944 1612 1949 1614 >
1963 1610 1979 1617 μ.

1919 1623 1989 1634 vat...

1905 1901 1922 2010 1

1904 2235 1917 2307 3
1940 2229 1947 2308 Ι

1935 2480 1946 2558 ἓ

1930 2559 1947 2609 -t‘

1928 2611 1943 2743 ί

1942 2750 1960 2857 ,Ι

1942 2863 1950 2907 ἰ

1947 2914 1965 3050 x,
