2028 3242
184 87 265 131 176
289 104 296 107 -
861 85 1011 127 Mysterii
1037 86 1304 130 Cosmographici
1371 95 1375 99 ·

180 194 403 235 coincidere
435 197 478 233 et
507 192 582 232 niti
613 191 754 233 eodem
786 192 1059 243 fundamento,
1093 192 1198 246 quod
1229 197 1365 233 tamen
1397 204 1473 245 quo
1491 197 1614 244 pacto
1633 193 1718 244 fiat,
1751 193 1998 245 investigare

180 254 374 294 hactenus
405 264 605 304 nunquam
635 251 761 303 potui.
781 249 813 300 i)

778 369 837 411 IN
869 367 1054 410 CAPUT
1086 366 1406 410 VICESIMUM

883 450 1036 483 NOTAE
1061 450 1301 484 metrorus,

288 520 329 568 a)
362 525 466 558 Haec
486 528 544 558 est
562 522 714 568 propria
732 523 891 558 materia
910 523 993 558 libri
1013 524 1074 558 IV.
1095 523 1304 569 Epitomes3
1338 526 1564 559 transsumta
1591 522 1674 558 inde
1693 523 1731 558 in
1749 522 1814 559 lib.
1833 523 1879 558 V.
1899 523 1998 558 Har-

181 577 410 612 monicorum.
461 577 554 612 Nam
574 576 672 611 illius
694 576 778 610 libri
798 587 879 622 cap.
902 576 937 611 3.
959 577 1053 611 haec
1072 576 1155 622 ipsa
1175 577 1343 623 quaestio
1364 578 1555 616 enodatur,
1587 581 1626 611 et
1645 577 1742 612 inter
1760 576 2000 612 fundamenta

182 630 389 672 assumitur,
423 630 553 676 quibus
574 631 856 671 demonstratur,
889 634 1008 664 motus
1028 631 1262 675 planetarum
1281 635 1467 666 extremos
1488 629 1666 665 contineri
1698 629 1998 676 proportionibus

182 684 411 719 harmonicis.
466 683 547 719 Etsi
567 694 654 718 vero
683 684 720 718 in
738 683 808 718 hoc
827 683 950 728 capite
970 685 1126 718 nondum
1153 688 1344 719 assecutus
1374 685 1580 730 sum-quod
1606 685 1841 730 quaerebam,
1875 684 1999 729 plera-

183 749 253 783 que
273 743 398 772 tamen
418 737 587 772 adhibita
606 736 797 782 principia,
828 747 924 782 quae
943 735 1031 770 mihi
1057 736 1138 781 jam
1170 741 1246 771 tum
1272 742 1431 772 naturae
1455 747 1577 772 rerum
1594 737 1818 773 videbantur
1847 747 1998 772 consen·

183 797 305 832 tanea,
340 791 546 825 certissima
577 794 616 824 et
639 790 728 824 totis
756 790 813 824 his
835 789 884 824 25
905 789 1010 824 annis
1029 790 1224 825 utilissima
1256 801 1334 826 sum
1354 793 1556 836 expertus:
1589 790 1810 835 praesertim
1839 790 1876 826 in
1896 790 1998 825 Com-

185 843 372 879 mentariis
402 845 446 878 de
474 843 632 879 motibus
661 843 806 884 Martis,
836 847 945 888 parte
973 843 1036 878 IV.

288 895 331 941 b)
363 898 462 938 Quas
491 897 613 932 nullas
643 907 724 932 esse
754 896 909 941 probavi
937 896 974 930 in
1003 896 1202 931 Commeat.
1233 897 1378 932 Martis.

290 948 323 993 c)
353 950 390 985 Si
418 962 485 996 pro
513 962 602 984 voce
633 950 786 984 anima
812 960 938 984 vocem
966 949 1051 984 vim
1089 950 1310 991 substituas,
1354 950 1471 984 habes
1509 950 1730 997 ipsissimum
1771 948 1999 995 principium,

185 1017 231 1039 ex
263 1015 332 1049 quo
361 1004 519 1050 physica
547 1003 718 1038 coelestis
747 1003 784 1037 in
813 1003 1011 1038 Comment.
1040 1003 1172 1038 Martis
1211 1007 1270 1037 est
1298 1003 1518 1046 constituta,
1554 1009 1594 1039 et
1629 1005 1693 1040 lib.
1721 1003 1784 1038 IV.
1812 1002 2001 1048 Epitomes

184 1060 283 1092 Astr.
313 1058 477 1092 exculta.
535 1056 630 1091 Olim
667 1056 762 1091 enim
791 1067 938 1091 causam
966 1061 1172 1092 moventem
1209 1057 1383 1101 planetas
1413 1058 1584 1092 absolute
1620 1057 1778 1093 animam
1814 1067 1895 1091 esse
1924 1066 2000 1090 cre-

184 1112 334 1152 debam,
378 1111 512 1156 quippe
547 1110 706 1144 imbutus
746 1110 980 1156 dogmatibus
1018 1111 1051 1144 J.
1084 1111 1121 1145 C.
1160 1110 1358 1156 Scaligeri,
1402 1111 1446 1144 de
1482 1111 1693 1146 motricibus
1728 1109 2000 1156 intelligentiis.

183 1167 235 1198 At
263 1175 342 1198 cum
371 1165 653 1209 perpenderem,
684 1163 780 1198 hanc
809 1174 958 1198 causam
987 1163 1173 1198 motricem
1202 1163 1389 1197 debilitari
1417 1175 1497 1199 cum
1526 1164 1724 1206 distantia,
1754 1163 1876 1198 lumen
1905 1162 2001 1198 Solis

186 1217 296 1252 etiam
326 1217 513 1252 attenuari
543 1228 623 1252 cum
652 1216 830 1251 distantia
860 1227 883 1250 a
910 1216 1015 1253 Sole:
1056 1217 1141 1251 hinc
1169 1216 1330 1251 conclusi
1357 1216 1430 1251 vim
1456 1217 1552 1252 hanc
1579 1229 1662 1253 esse
1691 1227 1905 1262 corporeum
1933 1215 1999 1250 ali-

186 1271 280 1316 quid,
311 1270 340 1304 si
370 1283 442 1306 non
470 1270 617 1316 proprie
646 1270 779 1304 saltem
809 1269 1026 1315 aequivoce;
1057 1269 1151 1304 sicut
1179 1270 1301 1304 lumen
1329 1269 1480 1306 dicimus
1499 1281 1582 1306 esse
1611 1269 1748 1317 aliquid
1774 1279 1999 1315 corporeum,

186 1324 219 1358 id
249 1328 317 1364 est,
349 1324 507 1369 speciem
537 1335 560 1358 a
588 1335 740 1369 corpore
770 1323 974 1368 delapsam,
1003 1325 1066 1358 sed
1095 1323 1393 1359 immateriatam.

292 1375 329 1420 d)
359 1377 534 1412 Nimirum
562 1377 680 1411 locum
710 1376 851 1412 invenit
878 1376 916 1410 in
947 1377 1145 1412 Comment.
1174 1376 1306 1411 Martis
1343 1387 1439 1411 anno
1471 1377 1572 1412 1609
1601 1377 1729 1414 editis:
1770 1376 1854 1412 inde
1881 1381 2001 1412 tra-ns-

187 1435 308 1465 sumta
335 1436 394 1465 est
422 1441 562 1466 summa
590 1430 644 1465 rei
673 1434 712 1464 et
739 1430 902 1475 repetita
930 1429 966 1465 in
993 1430 1094 1475 Epit.
1123 1432 1273 1465 Astron.
1304 1430 1366 1465 lib.
1396 1430 1459 1465 IV.
1774 1454 1778 1455 γ

292 1481 328 1526 e)
358 1485 462 1519 Haec
490 1484 611 1519 omnia
639 1483 715 1519 sine
744 1484 825 1518 ulla
851 1483 1055 1518 mutatione
1083 1484 1213 1519 valent
1240 1483 1351 1518 etiam
1380 1483 1416 1518 in
1445 1483 1644 1519 Comment.
1674 1483 1818 1520 Martis.

293 1535 329 1582 f)
359 1537 428 1572 Hic
459 1548 561 1572 error
591 1537 730 1582 incipit.
781 1538 860 1571 Hoc
880 1537 975 1572 enim
994 1548 1066 1572 non
1086 1541 1145 1572 est
1162 1537 1256 1571 idem
1285 1536 1323 1571 in
1342 1536 1574 1579 contrarium,
1609 1548 1688 1572 cum
1709 1549 1753 1572 eo
1779 1538 1873 1584 quod
1893 1547 2001 1583 prae·

186 1590 353 1631 mittitur,
385 1591 465 1626 scil.
497 1590 773 1637 elongationem
805 1601 828 1624 a
855 1590 940 1624 Sole
972 1590 1028 1625 bis
1058 1591 1181 1625 facere
1215 1591 1261 1624 ad
1293 1591 1500 1636 augendam
1537 1590 1737 1636 periodum.
1792 1590 1852 1626 Sic
1878 1594 2002 1626 autem

186 1643 293 1678 debui
314 1644 502 1690 colligere,
532 1648 571 1679 et
591 1647 719 1678 contra
738 1643 1010 1688 proportionem
1031 1644 1262 1689 periodorum
1282 1644 1430 1689 duplam
1456 1655 1542 1678 esse
1570 1641 1825 1693 ἀποςηματων
1850 1654 2002 1690 propor-

186 1697 306 1738 tionis,
338 1710 411 1732 non
430 1699 523 1743 quod
544 1698 613 1732 hoc
631 1708 756 1731 verum
777 1707 858 1730 esse
879 1701 1036 1739 teneam,
1068 1702 1126 1732 est
1152 1697 1248 1730 enim
1276 1696 1356 1741 ejus
1389 1698 1639 1732 tautummodo
1669 1697 1927 1744 sesquialtera,
1959 1700 2004 1731 ut

187 1750 391 1785 audiemus:
427 1752 489 1785 sed
524 1750 611 1796 quia
641 1762 690 1784 ex
710 1749 780 1784 hac
812 1750 1134 1795 argumentatione
1166 1750 1236 1784 hoc
1262 1750 1428 1796 legitime
1449 1751 1693 1796 sequebatur:
1724 1750 1828 1785 vides
1855 1749 1911 1785 uti
1942 1749 2002 1784 hic

186 1804 339 1838 medium
372 1803 724 1838 arithmeticum
759 1802 807 1837 sit
838 1807 1005 1845 sumtum,
1039 1815 1106 1849 per
1134 1803 1418 1838 dimidiationem
1441 1804 1681 1847 differentiae,
1714 1815 1796 1839 cum
1813 1803 2002 1839 debuisset⁴

185 1857 340 1891 medium
372 1856 712 1903 geometricum
745 1856 847 1890 sumi.

292 1909 334 1956 g)
360 1910 514 1955 Propius
535 1921 624 1944 sane
657 1921 723 1954 per
742 1910 855 1944 talem
875 1908 1130 1944 mediationem
1151 1909 1439 1951 arithmeticam,
1481 1921 1588 1956 quam
1625 1921 1692 1956 per
1728 1909 2001 1957 geometricam,

187 1964 350 2010 quamvis
383 1964 610 2009 geometrica
641 1962 807 2009 legitime
837 1962 1125 1997 concludebatur
1152 1975 1201 1997 ex
1231 1963 1401 1997 assumtis
1424 1963 1632 2009 principiis;
1667 1964 1754 2009 quia
1772 1974 1853 1998 cum
1871 1973 2003 1998 revera

186 2018 235 2051 sit
266 2017 453 2063 proportio
485 2016 732 2062 proportionis
765 2027 837 2050 non
869 2016 993 2060 dupla,
1030 2017 1093 2050 sed
1113 2020 1256 2050 tantum
1282 2015 1528 2061 sesquialtera
1561 2016 1599 2060 (2
1620 2030 1628 2051 ε
1653 2016 1699 2057 3,
1721 2017 1756 2051 h.
1778 2028 1810 2052 e.
1831 2015 2003 2062 quadrati

189 2072 235 2105 ad
255 2068 419 2112 cubum):
451 2070 584 2104 accidit
614 2070 684 2111 hic,
718 2074 758 2103 ut
789 2069 944 2103 medium
977 2068 1246 2104 arithmeticum
1276 2069 1593 2115 appropinquaret
1620 2069 1737 2104 medio
1757 2069 2003 2116 proportionis

187 2124 463 2169 sesquialterae,
493 2124 576 2169 plus
598 2134 707 2168 quam
727 2122 880 2156 medium
899 2122 1172 2168 geometricum,
1207 2134 1271 2157 seu
1291 2122 1537 2168 proportionis
1558 2123 1711 2168 duplae,
1744 2123 1831 2169 quia
1849 2122 2004 2157 medium

189 2177 459 2212 arithmeticum
491 2176 635 2222 semper
653 2175 803 2221 propius
836 2179 894 2210 est
913 2175 1043 2220 majori
1069 2176 1234 2217 termino,
1266 2187 1373 2221 quam
1404 2176 1559 2212 medium
1588 2176 1867 2223 geometricum:
1899 2180 1942 2211 ut
1967 2174 2005 2210 in

188 2231 358 2276 exemplo
380 2231 414 2265 6.
437 2230 473 2265 9.
499 2230 557 2264 12.
581 2233 621 2264 et
640 2231 674 2264 6.
698 2229 733 2264 8.
761 2229 819 2264 12.
840 2229 900 2263 hic
919 2229 1074 2263 medium
1093 2229 1362 2264 arithmeticum
1393 2229 1415 2263 9
1435 2230 1554 2275 majus
1581 2234 1640 2264 est
1657 2229 1882 2276 geometrico
1903 2229 1939 2265 8.

293 2283 333 2327 h)
368 2283 470 2318 Citra
499 2283 644 2318 dubium
672 2282 802 2328 praxis
834 2282 909 2317 ista
938 2294 1011 2316 non
1043 2282 1113 2317 fuit
1133 2287 1305 2318 assecuta
1329 2283 1568 2319 theorematis
1582 2294 1748 2330 scopum,
1779 2286 1824 2318 ut
1848 2282 1930 2328 ,iam
1948 2285 2007 2316 est

190 2337 445 2382 explicatum.
468 2336 623 2371 medium
652 2336 745 2370 enim
778 2336 1050 2370 arithmeticum
1078 2348 1151 2370 non
1183 2341 1242 2371 est
1272 2336 1366 2370 idem
1397 2347 1477 2371 cum
1508 2336 1743 2383 geometrico.

295 2389 326 2436 i)
359 2390 454 2431 Quia
485 2390 651 2425 nimirum
682 2389 894 2424 incedebam
926 2389 1034 2435 vagis
1053 2389 1244 2436 gressibus
1275 2389 1555 2435 flexiloquorum
1572 2391 1776 2439 verborum,
1812 2400 1884 2424 non
1915 2389 2004 2435 lege

190 2443 434 2479 arithmetica.
490 2444 583 2479 Vide
614 2443 674 2478 hic
697 2442 776 2488 jam
807 2447 1000 2488 utrumque
1031 2454 1265 2488 processum.
1299 2443 1399 2488 prior
1429 2444 1481 2478 sic
1511 2448 1614 2479 erat:

898 2496 1078 2531 Periodus
1101 2497 1234 2532 Martis
1268 2497 1357 2532 687.

898 2549 1074 2585 Periodus
1103 2550 1239 2585 Terrae
1272 2546 1381 2585 365*
1368 2566 1410 2588 ιι

1281 2603 1546 2650 —Differentia
1584 2606 1720 2652 321³l..

1325 2666 1522 2703 Dimidium
1579 2661 1715 2706 1607..

901 2733 1061 2768 Medium
1082 2733 1352 2769 arithmeticum
1372 2732 1447 2767 526
1457 2729 1507 2770 Ἰο.

559 2786 635 2822 526
662 2783 699 2826 ¹s.
729 2788 793 2822 dat
819 2786 1030 2823 distantiam
1056 2787 1187 2822 Martis
1218 2787 1339 2828 1000,
1379 2784 1463 2831 quid
1492 2779 1643 2823 365¹l.?

741 2840 932 2886 Sequitur,
967 2840 1146 2875 distantia
1177 2839 1336 2875 Telluris
1367 2839 1456 2874 694.

303 2892 491 2927 Posterior
520 2894 570 2928 sic
603 2898 704 2928 erat:
735 2894 862 2928 Posito
896 2893 1110 2928 distantiam
1142 2893 1299 2928 Telluris
1331 2903 1413 2927 esse
1446 2891 1534 2926 694.
1590 2890 1683 2926 Dico
1712 2889 1780 2924 sic:
1818 2888 2025 2924 Distantia

196 2944 326 2978 Martis
350 2945 448 2980 1000
470 2947 535 2981 dat
553 2947 740 2992 periodum
761 2946 849 2988 687,
873 2947 956 2993 quid
977 2946 1155 2981 distantia
1169 2947 1304 2981 Terrae
1325 2945 1429 2980 694?
1457 2943 1623 2990 sequitur
1641 2948 1819 2989 tanquam
1835 2942 2025 2989 periodus.

198 2996 332 3031 Terrae
354 2998 441 3033 477.
480 2999 602 3046 Pergo
623 3000 739 3046 igitur
756 3011 824 3046 per
844 3011 1010 3035 eversam
1031 3000 1315 3045 proportionem.
2022 2994 2023 2997 ’

304 3050 404 3084 Vera
422 3052 591 3096 periodus
613 3050 721 3090 365¹¹
710 3073 735 3091 .
774 3054 838 3088 dat
866 3054 1001 3088 falsam
1022 3052 1112 3094 477,
1145 3057 1321 3098 tanquam
1350 3062 1399 3086 ex
1418 3050 1550 3092 Marte,
1582 3049 1665 3096 quid
1690 3048 1802 3091 1000,
1833 3052 2023 3095 tanquam

196 3102 250 3138 vis
270 3102 428 3139 Martis?
462 3105 625 3151 sequitur
647 3106 758 3148 1306,
793 3110 970 3153 tanquam
1000 3106 1054 3141 vis
1084 3105 1255 3141 Telluris.
1311 3105 1499 3141 Excessus
1530 3103 1647 3151 igitur
1676 3102 1822 3140 virtutis
1851 3097 2028 3150 Tenui-ing]
