2028 3242
782 67 823 98 «ιο
846 67 943 99 mim
966 66 1181 108 ιωοιοςιᾱι
1792 63 1874 114 371

80 174 443 222 namffeaqne
473 169 510 210 si
540 170 594 210 ad
624 171 779 211 oculum
809 171 1010 213 invenitur
1037 171 1081 212 in
1110 171 1386 218 microcosmo,
1417 169 1513 222 quid
1542 170 1705 219 mirum,
1745 169 1783 210 si
1807 170 1877 215 in-

80 226 266 268 nuitur·
289 228 402 268 eun
431 240 716 270 macrocosmo.
777 232 1028 281 Aspectuum
1058 229 1324 272 differentiam
1362 229 1403 268 iu
1434 229 1523 269 sola
1552 228 1808 269 vehementia.
1837 235 1880 270 et

80 285 461 339 rutundiuepono.
523 285 720 328 Omnibus
750 288 859 328 idem
887 301 991 340 opus
1019 288 1166 330 bonum
1195 287 1351 334 tribuo,
1388 287 1680 328 extimulare
1719 287 1876 329 facul-

80 349 244 385 Μοι-
245 345 500 399 animales
544 347 604 387 ad
645 358 796 398 opera
833 359 934 387 sua
1010 349 1233 399 Aspeetum
1275 346 1380 386 inter
1419 346 1534 386 binos
1574 346 1763 398 planetas
1805 359 1877 390 seu

78 402 170 455 ipsa·
196 414 366 456 corpora
396 404 556 456 fingere,
588 405 761 456 imperiti
790 412 870 446 est.
932 405 1026 446 Vox
1056 411 1121 446 est
1149 405 1353 448 Arabum,
1385 405 1456 444 sed
1486 410 1607 456 puto,
1633 416 1686 444 ex
1715 404 1877 446 Graeca

77 461 301 503 Ptolemaei
324 476 596 516 σχηματισμος
612 464 796 504 deducta.
844 465 932 505 Aut
960 464 997 504 si
1027 476 1078 504 ex
1096 464 1377 515 καταβλεψιισι,
1407 468 1496 503 esto
1521 475 1634 508 sane,
1664 463 1875 504 dummodo

76 521 281 561 commodo
310 522 633 589 interpretemur,
666 522 724 562 de
757 534 952 563 concursu
982 523 1199 571 radiorum,
1238 523 1277 563 in
1310 534 1387 573 quo
1417 521 1524 561 inest
1553 529 1763 573 aspectus,
1796 536 1874 562 non

74 578 117 619 in
140 579 290 620 drenb
321 579 589 632 imaginario,
633 580 701 633 qui
743 581 983 622 adsciscitur
1026 582 1079 622 ad
1121 581 1343 622 metiendos
1388 580 1558 632 angulos
1601 592 1873 622 concursuum.

76 636 170 679 Sed*
190 638 240 679 d·
269 638 417 679 hoe-in
447 638 815 680 dissertatiuncula.
875 640 985 680 Nihil
1018 640 1080 680 hic
1126 640 1255 680 tribuo
1287 638 1516 687 reflexioni,
1561 652 1655 679 nam
1686 645 1874 691 aspectus

74 698 140 737 est
166 695 210 737 in
239 709 351 739 mera
381 697 597 739 incidentia
626 711 697 739 seu
729 711 922 739 concursu
953 700 1164 740 radiorum.
1226 698 1314 740 Nec
1340 697 1518 750 sequitur
1549 698 1744 750 operatio,
1778 699 1874 752 quia

73 755 240 796 :hedua
268 756 404 797 radius
447 770 473 796 a
503 757 661 798 Tellure
705 758 744 798 in
782 758 949 798 alterius
985 770 1130 810 corpus
1172 757 1394 798 reflectitur
1437 757 1561 808 (quae
1602 757 1871 810 philosophia,

70 819 181 866 puto,
211 819 280 856 est
294 813 476 856 Jofranci
496 814 686 865 Offucii),
708 812 763 865 ¹⁰)
795 817 867 856 sed
898 816 992 868 quia
1013 816 1193 857 binorum
1211 816 1315 857 radii
1346 822 1457 856 certo
1476 815 1623 868 angulo
1654 816 1694 856 in
1726 824 1873 869 puncto

73 885 136 913 eo·
151 880 402 922 concurrunt,
434 875 473 914 in
506 887 582 926 quo
613 875 833 915 collocatur
862 888 928 915 res
957 875 1251 924 immateriata,
1285 879 1475 926 aspectus
1506 875 1713 926 receptiva
1743 876 1874 916 facul-

74 938 158 981 tas,
188 944 332 984 nempe
362 932 561 973 animalis.
605 934 702 987 ‘Ubi
739 933 839 974 nihil
874 934 1062 987 impedit,
1105 941 1256 986 puncta
1295 933 1452 973 differre
1490 933 1543 972 ab
1573 933 1745 973 invicem
1775 939 1820 974 et
1848 947 1875 974 a

73 997 213 1032 centro
243 990 407 1032 Terrae.
467 992 573 1032 Nam
603 998 646 1032 et
678 993 766 1044 jam
806 993 956 1033 dictum
987 999 1030 1033 et
1058 993 1299 1034 inculcatum
1331 992 1369 1031 in
1395 991 1692 1043 Disputatione,
1725 1004 1872 1044 opera-

72 1049 227 1089 tionem
255 1049 359 1091 hanc
387 1061 462 1102 per
490 1057 680 1104 aspectus
711 1064 802 1091 esse
842 1051 973 1092 stellis
1004 1051 1316 1092 accidentariam
1354 1055 1397 1091 et
1426 1054 1583 1090 tantum
1613 1051 1871 1103 objectivam.

72 1107 219 1160 Itaque
257 1115 303 1149 ut
343 1108 531 1150 videntur
569 1110 735 1158 stellae,
775 1111 811 1150 h.
845 1123 880 1150 e.
912 1116 959 1150 ut
988 1111 1090 1151 radii
1121 1112 1342 1158 confluunt,
1377 1109 1436 1148 ita
1466 1110 1648 1161 operatio
1678 1109 1871 1162 sequitur.

70 1166 133 1207 At
158 1165 263 1209 visio
292 1179 345 1208 cx
373 1172 511 1208 centro
544 1168 692 1208 Terrae
722 1169 821 1209 nihil
851 1169 1098 1210 sensibiliter
1140 1169 1275 1210 difl'ert
1316 1182 1341 1208 a
1374 1167 1526 1209 visione
1567 1168 1618 1207 ex
1647 1169 1868 1222 superficie,

71 1224 144 1264 ob
155 1225 408 1266 altitudinem
441 1227 615 1267 siderum
647 1227 878 1276 immanem3
928 1240 1024 1281 ergo
1062 1241 1189 1280 neque
1226 1227 1408 1279 operatio
1448 1226 1583 1268 differt
1613 1227 1870 1269 sensibiliter.

70 1283 130 1324 Et
156 1283 250 1336 qnid
281 1289 378 1334 tum,
410 1285 446 1325 si
476 1286 653 1326 differret
684 1287 959 1327 sensibiliter?
1020 1286 1215 1339 Operatio
1247 1286 1351 1326 enim
1382 1292 1635 1338 sequeretur3
1674 1299 1710 1327 e.
1743 1299 1783 1338 g.
1815 1287 1872 1327 sit

76 1340 182 1384 hora
209 1341 307 1390 xn,
338 1343 495 1384 sextilis
527 1343 693 1385 Saturni
722 1353 764 1385 et
794 1346 829 1386 Ι
831 1359 932 1385 unae
963 1346 1001 1385 in
1034 1354 1170 1386 centro
1202 1346 1371 1393 Terrae;
1408 1349 1515 1393 esto,
1554 1351 1599 1385 ut
1627 1345 1873 1386 sensibiliter

73 1400 203 1442 diam
231 1401 308 1443 huc
335 1406 493 1454 tempus
525 1417 549 1442 a
580 1409 758 1471 tempore
790 1405 878 1456 ejus
908 1405 1086 1452 sextilis,
1120 1405 1184 1457 qui
1217 1404 1257 1443 in
1289 1402 1496 1456 superficie
1528 1403 1677 1444 Terrae
1709 1404 1870 1444 contin-

74 1464 166 1511 ἕως
206 1472 296 1501 curn
324 1460 447 1513 igitur
475 1462 604 1511 Luna,
637 1463 756 1502 imum
788 1463 920 1510 sidus,
967 1464 1094 1503 locum
1125 1468 1253 1503 mutet
1282 1475 1358 1503 uno
1389 1462 1534 1514 gradu,
1575 1475 1669 1515 ergo
1701 1476 1748 1503 eo
1779 1476 1869 1503 mo-

73 1522 209 1559 mento
238 1519 344 1565 inter
373 1516 402 1572 ij
433 1526 477 1560 et
505 1522 539 1567 )
571 1529 688 1561 erunt
719 1518 813 1562 61⁰.
875 1521 1034 1562 Post‘2
1066 1523 1185 1562 horas
1227 1522 1445 1561 intererunt
1482 1517 1575 1570 60⁰,
1613 1522 1680 1573 qni
1716 1535 1871 1563 rursum

71 1577 233 1618 sextilis
262 1582 342 1620 est.
401 1578 542 1631 Itaque
583 1580 690 1619 intra
726 1579 752 1620 2
791 1581 911 1620 horas
943 1581 1191 1629 coincidunt,
1232 1580 1272 1619 in
1303 1580 1450 1620 ceteris
1479 1580 1655 1632 propius.
1718 1581 1871 1621 Verum

66 1636 157 1688 jam
185 1636 397 1679 considera
426 1644 469 1677 et
499 1639 754 1679 latitudinem
784 1640 1025 1685 nonnullam,
1058 1639 1198 1679 tamin
1218 1639 1461 1690 aspectibus,
1495 1640 1671 1690 quamin
1696 1640 1865 1680 musica.

70 1695 163 1735 Non
203 1695 347 1736 statim
387 1696 516 1736 omnis
552 1698 817 1738 consonantia
858 1704 1053 1750 negatur,
1103 1698 1182 1738 etsi
1225 1697 1395 1738 chordae
1438 1710 1517 1737 non
1556 1704 1743 1738 accurate
1786 1700 1871 1739 sint

0 1782 14 1787 -
68 1758 226 1794 husae.
288 1753 395 1800 Quin
427 1755 505 1795 imo
537 1757 782 1807 quarundam
813 1758 1163 1797 consonantiarum
1205 1757 1471 1797 dimensiones
1511 1757 1740 1797 necessario
1777 1770 1867 1798 ma-

1 1800 12 1857 s
69 1817 168 1853 nent
194 1812 468 1864 imperfectae,
501 1815 606 1866 quod
638 1816 935 1856 fundamentum
966 1824 1030 1855 est
1061 1822 1243 1856 tonorum
1274 1815 1521 1863 affectionis,
1572 1827 1699 1868 neque
1731 1823 1867 1857 tamen

69 1870 162 1910 ideo
186 1883 270 1912 ⁴non
301 1872 479 1912 delectat
512 1873 653 1913 talium
685 1880 866 1915 tonorum
897 1875 1116 1927 usurpatio.
1178 1875 1243 1915 Ita
1275 1875 1411 1914 videas
1442 1874 1743 1926 conjunctiones
1773 1876 1867 1928 pla-

0 1944 5 1969 :
69 1934 254 1971 neuram
283 1930 495 1980 efficaces,
540 1932 605 1971 ubi
637 1934 799 1973 diversa
835 1934 1020 1982 latitudo,
1055 1934 1264 1973 dummodo
1295 1946 1374 1973 non
1405 1933 1551 1982 uimia;
1601 1933 1724 1985 igitur
1754 1941 1797 1974 et
1826 1934 1865 1975 in

70 1987 318 2041 longitudine
348 1989 432 2029 lato
463 1991 635 2042 quodam
666 1993 783 2032 modo
815 1993 1026 2032 definiendi
1058 1999 1268 2044 aspectus,
1310 1999 1354 2032 ut
1383 2006 1410 2031 a
1441 1988 1523 2032 60⁰
1552 1992 1712 2045 quidem
1741 2005 1863 2045 prae-

0 2046 5 2049 ’
69 2045 154 2086 cise
184 2053 399 2099 operentur
428 2050 734 2100 perfectissime,
769 2052 841 2091 sed
871 2065 897 2091 a
927 2048 1009 2092 59⁰
1038 2058 1080 2091 et
1110 2065 1135 2091 a
1167 2047 1248 2092 61⁰
1278 2056 1493 2103 operentur
1522 2051 1633 2091 nihil.
1682 2051 1772 2092 Hoc
1794 2066 1864 2092 as—

0 2108 3 2111 ’
68 2109 200 2145 sumo
238 2106 359 2156 plane
399 2107 569 2147 ridicula
610 2109 686 2148 erit
716 2110 889 2160 objectio
921 2111 970 2149 de
1002 2110 1228 2150 differentia
1270 2110 1398 2150 centri
1429 2115 1473 2149 et
1503 2110 1862 2158 circumferentiae,

0 2179 6 2205 ;
67 2163 173 2203 addo
202 2169 247 2202 et
273 2164 326 2203 de
354 2164 591 2214 differentia,
623 2179 742 2218 quam
773 2169 872 2208 facit
902 2169 1100 2208 refractio.
1152 2167 1347 2214 Quamvis
1366 2169 1415 2208 de
1436 2169 1675 2208 refractione
1693 2182 1862 2222 respon—

66 2221 238 2262 dendum
268 2222 399 2262 aliter.
461 2224 614 2275 Nempe
659 2239 707 2265 ne
752 2239 879 2278 opaca
923 2227 1079 2278 quidem
1122 2227 1365 2279 impediunt,
1411 2227 1619 2280 quominus
1662 2228 1861 2268 radiorum

66 2286 255 2331 aspectus
284 2281 528 2333 percipiatur
557 2296 583 2321 a
615 2283 874 2324 facultatibus
917 2285 1182 2334 animalibus,
1227 2284 1371 2325 nedum
1401 2286 1654 2337 semiopaca,
1697 2292 1742 2326 ut
1772 2300 1862 2336 acr;

3 2390 6 2391 ⁷
66 2338 154 2379 sive
184 2339 288 2392 qnod
319 2339 492 2380 facultas
523 2341 708 2380 animalis
740 2343 883 2382 eadem
913 2349 978 2381 est
1008 2343 1047 2382 in
1079 2350 1215 2383 centro
1236 2344 1383 2383 Terrae
1414 2350 1457 2383 et
1486 2344 1527 2382 iu
1547 2345 1698 2383 extima
1716 2357 1860 2397 super-

1 2434 11 2454 3
59 2397 155 2438 fieie
184 2398 307 2444 aeris,
336 2411 408 2438 seu
439 2399 542 2451 quod
574 2400 769 2449 subtilior,
802 2402 948 2452 purior,
982 2401 1281 2441 immaterialior
1311 2407 1376 2441 est
1404 2402 1608 2453 perceptio
1636 2403 1737 2442 situs
1757 2405 1860 2444 stel-

65 2455 204 2504 larum,
237 2468 357 2508 quam
387 2463 432 2496 ut
461 2458 514 2497 ad
545 2471 633 2498 eum
663 2460 1042 2510 repraesentandum
1074 2460 1198 2499 radiis
1230 2460 1371 2499 lucidis
1403 2473 1502 2511 opus
1534 2460 1618 2500 sitq
1663 2460 1860 2514 Exemplo

66 2514 124 2556 uit
150 2514 255 2554 ratio
284 2516 508 2567 genesium:
540 2517 710 2557 influunt
740 2519 941 2570 planetae,
974 2518 1040 2570 qui
1072 2518 1145 2557 sub
1166 2519 1290 2558 Terra
1320 2525 1433 2567 sunt;
1466 2524 1507 2558 et
1525 2519 1651 2558 maria
1682 2520 1720 2559 in
1741 2522 1859 2561 novi·

67 2571 186 2613 Iuniis
216 2580 441 2623 moventur,
481 2575 603 2616 etiam
634 2588 705 2628 per
736 2578 946 2628 appulsum
978 2577 1150 2616 siderum
1184 2578 1235 2616 ad
1267 2577 1400 2625 nadis,
1447 2578 1549 2617 unde
1581 2577 1682 2618 radii
1713 2592 1859 2620 ascen—

67 2630 161 2671 dere
188 2632 460 2683 prohibentur.
521 2634 606 2674 Sed
637 2635 711 2674 hoc
742 2636 928 2675 fortassis
960 2636 1128 2675 alienius
1160 2643 1224 2675 est
1256 2637 1490 2687 exemplum.
1524 2656 1580 2662 ——

94 2696 115 2715 Ψ
181 2690 387 2743 Denique,
430 2693 535 2744 quod
566 2694 713 2733 attinet
744 2707 936 2733 causam
974 2701 1282 2745 aspectuum,
1327 2695 1424 2733 nihil
1454 2694 1584 2746 magis
1616 2707 1678 2734 me
1710 2703 1857 2746 movet,

26 2790 29 2791 γ
66 2757 184 2799 qnam
202 2748 290 2796 hoe,
309 2750 416 2802 quod
435 2752 645 2791 dicendum
664 2759 740 2798 est
768 2760 956 2803 aspectus
976 2753 1276 2792 animadxei·sos
1298 2753 1491 2805 ignonatis
1511 2752 1655 2793 causis.
1700 2755 1760 2794 At
1783 2756 1858 2796 hoc

18 2804 31 2827 Ὗ
63 2802 177 2849 nihil
194 2808 296 2846 novi.
359 2807 683 2862 Quotusquisque
721 2811 916 2850 rationem
953 2811 1063 2850 noxit
1100 2811 1441 2862 perspicinorum?
1502 2813 1609 2853 Num
1639 2812 1729 2852 ideo
1760 2813 1859 2855 nihil

21 2869 164 2919 flunt
186 2865 446 2917 perspicilla?
505 2869 638 2908 Multa
667 2869 780 2908 talia.
842 2870 996 2920 Magna
1027 2869 1087 2908 vis
1121 2870 1411 2921 experientiae,
1452 2883 1599 2922 magna
1630 2871 1855 2922 curiositas,

19 2926 40 2972 ἐξ
61 2932 213 2974 mgna
240 2925 459 2966 subtilitas.
521 2925 639 2972 Quod
670 2941 834 2967 causam
862 2928 991 2979 ipsam
1023 2927 1183 2975 attinet,
1215 2935 1310 2980 puto
1330 2929 1533 2969 inventam
1563 2935 1606 2968 et
1623 2932 1857 2982 expressam

18 2989 34 3037 ᾗς
65 2978 109 3021 in
134 2981 429 3034 Disputatione,
462 2997 564 3036 quae
595 2986 736 3025 similis
769 2987 924 3025 videtur
954 2985 1239 3036 ptolemaicae,
1272 2992 1315 3026 at
1346 2988 1549 3039 explicata
1579 3000 1658 3028 uon
1690 2990 1766 3030 fuit
1795 2990 1854 3030 si-

14 3037 213 3083 uiliter
242 3054 269 3081 a
295 3041 541 3120 Ptolemaeo.
601 3044 693 3086 Non
723 3050 813 3085 erat
842 3050 961 3084 notus
985 3044 1219 3086 Ptolemaeo
1240 3044 1412 3086 Creator
1441 3047 1596 3094 mundi;
1629 3060 1750 3100 qnare
1775 3050 1853 3091 im-

1493 3114 1573 3149 24⁴·
