2028 3242
734 34 1133 77 deubusnmnhffl.
1751 30 1838 75 ³35

37 140 396 179 muana
434 122 749 176 sommum.
787 138 1207 174 „anania-mnu
1241 137 1838 181 mmm-neptem

38 189 299 269 wit·
321 243 413 270 esso.
451 235 612 275 scriptia-a
634 238 793 269 testatur,
829 242 935 287 quae,
972 234 1006 264 in
1030 233 1128 275 signs
1157 242 1224 264 nou
1248 241 1368 265 causas
1398 238 1538 277 agentes
1563 233 1739 265 luminu-ia
1763 242 1838 265 cum

37 282 141 316 nonis
160 282 271 325 posits
294 291 387 320 esse.
424 281 512 313 clare
536 281 653 312 innuit.
704 279 815 319 Quare
839 281 935 312 nimis
959 288 1106 312 crassum
1129 284 1182 312 est
1205 283 1240 311 et
1264 279 1417 316 carnale,
1443 281 1554 312 omnis
1577 278 1643 312 Dei
1667 285 1768 322 opera
1793 279 1838 312 ad

39 335 160 363 m
182 329 335 371 μοι
358 332 419 360 aut
439 327 664 369 philosophiae
687 332 847 361 sutorum
870 327 992 359 resono
1011 327 1110 358 vello.
1161 325 1320 365 Vidimus,
1347 335 1446 368 quam
1470 326 1637 359 invalidae
1660 327 1727 358 sint
1750 326 1831 368 phy·

38 378 179 414 m
202 380 263 415 m
283 375 548 418 philosopham
568 375 713 407 rationu
738 374 780 407 do
802 373 915 406 multis
939 373 1003 406 Dei
1028 374 1199 415 operibus,
1223 378 1258 406 et
1281 375 1453 413 nemoris.
1485 379 1523 407 nt
1548 374 1702 410 ίιιΙιιιίιιο.
1727 374 1836 406 ventis

38 428 77 462 ot
95 422 183 463 nfin-
229 421 283 457 Ex
303 423 404 457 unica
426 421 544 455 vocab
568 422 625 460 ..in
647 420 772 464 sig-nis*
789 421 911 453 multa
935 425 1132 464 argmenta
1155 420 1299 462 deprenn'
1324 425 1483 462 possunt.
1520 430 1607 462 quse
1631 430 1671 453 ex
1696 421 1835 462 philoso-

36 462 164 515 „hida
166 470 299 504 uenis
322 469 404 502 satis
426 465 628 502 sufficienter
649 467 728 500 solvi
752 471 929 510 nequeunt.
1849 483 1851 485 »

152 500 427 572 Keplerus:
476 512 586 568 Ego,
630 521 772 555 contra
813 527 931 567 quam
969 514 1167 567 opinaris,
1211 525 1284 555 uec
1315 513 1487 567 primas,
1535 527 1609 554 nec
1640 502 1869 555 secundas‘

38 575 127 617 Soli
155 574 287 617 tribuo
314 573 356 615 in
386 574 534 615 virtute
565 573 693 620 vitali,
726 574 796 613 sed
829 574 930 622 dico,
964 579 1051 614 toto
1082 585 1228 626 genere
1248 573 1400 614 distare
1421 573 1709 614 stimulatrices
1734 586 1833 614 cau-

39 645 109 684 sas
139 632 337 683 coelestes
367 647 393 673 a
421 630 673 686 praesidibus
705 632 836 672 causis
869 632 1162 680 sublunaribus,
1194 631 1320 672 vitam
1347 632 1645 672 contineutibus
1678 637 1720 672 et
1744 632 1836 672 illos

41 687 227 735 stimulos
271 690 567 745 recipientibus.
635 690 755 732 Aliae
801 691 934 744 itaque
980 692 1090 744 leges
1133 695 1227 731 suut
1270 691 1371 733 alius
1414 704 1624 731 causarum
1667 691 1838 744 generis.

43 750 128 805 Sol,
160 757 357 806 quatenus
388 750 570 790 stimulat
602 750 703 790 hane
737 750 827 798 vim,
861 763 957 790 saue
990 763 1037 790 ex
1071 750 1151 790 situ
1181 750 1314 790 variat
1345 749 1686 798 stimulationem
1734 763 1836 803 qua-

37 816 156 854 tenus
187 808 351 858 calfacit
374 811 543 850 'externe
576 809 756 861 objecta,
803 809 946 849 iterum
978 809 1087 849 varie
1120 809 1302 849 stimulat
1339 821 1410 861 pro
1442 809 1553 849 vario
1586 807 1689 857 situ,
1733 822 1836 862 qua-

36 863 159 917 tenus,
190 881 284 910 vero
321 879 393 908 ceu
430 867 735 908 instrumentum
777 872 841 908 est
881 867 1053 908 tuendae
1092 868 1197 908 vitae
1241 867 1280 908 in
1325 868 1599 916 naturalibus,
1643 880 1720 908 non
1763 880 1836 921 pro

38 928 132 978 situ,
163 927 237 968 sed
267 926 488 981 aequaliter
518 926 592 966 hoc
624 925 743 973 facit,
788 925 879 979 quia
910 927 980 967 illa
1010 926 1168 967 occulta
1199 926 1306 967 vitae
1340 927 1591 967 conservatio
1624 926 1836 979 distingui-

38 992 104 1027 tm·
142 997 168 1035 a
199 987 304 1034 luce,
346 997 419 1026 nec
461 991 506 1025 ut
534 985 602 1025 lux
634 985 768 1037 opacis
800 985 1012 1038 impeditur
1052 991 1122 1026 aut
1152 985 1440 1038 repercutitur,
1484 990 1556 1026 aut
1583 986 1695 1038 leges
1728 985 1836 1038 opti·-

40 1058 111 1086 cas
141 1043 262 1086 subit.
323 1044 384 1085 Tu
415 1056 508 1084 vero
540 1043 732 1084 relaberis
776 1044 826 1083 ad
857 1051 966 1084 tuum
1007 1044 1233 1097 ingenium;
1281 1052 1493 1098 postquam
1537 1045 1730 1096 dogmata
1772 1045 1835 1084 in—

40 1098 255 1145 troduxisti
286 1112 336 1144 ex
366 1107 436 1143 tuo
468 1101 651 1151 cerebro,
688 1102 773 1155 jam
799 1102 919 1155 jubes
950 1102 1031 1143 ista
1062 1102 1189 1143 Deum
1221 1110 1287 1143 tuo
1321 1104 1407 1144 loco
1440 1104 1672 1152 defendere,
1712 1116 1836 1156 negas

36 1171 110 1219 pro
153 1158 268 1203 falsis
307 1160 442 1202 haberi
485 1173 628 1214 posse,
675 1174 761 1201 cum
805 1161 974 1210 dixeris,
1024 1175 1073 1202 ex
1116 1161 1250 1202 divina
1293 1162 1485 1203 relatione
1531 1175 1633 1203 esse.
1702 1163 1837 1203 Proba

41 1230 159 1267 vero,
199 1232 251 1262 ex
281 1220 415 1261 divina
446 1220 639 1260 relatione
671 1233 787 1267 esse,
825 1226 867 1260 et
896 1233 968 1273 pro
1007 1221 1121 1261 falsis
1154 1233 1230 1261 non
1269 1221 1437 1262 habebo.
1501 1222 1611 1260 Tuae
1642 1233 1738 1261 vero
1769 1234 1837 1261 re-

39 1279 202 1321 lationis
233 1278 392 1321 divinae
424 1291 577 1319 summa
614 1279 713 1319 haec
751 1286 838 1319 est:
886 1286 935 1326 ,ut
972 1280 1074 1333 lapis
1111 1280 1358 1320 ordinatione
1396 1288 1438 1321 et
1475 1280 1730 1332 usurpatione
1761 1280 1837 1320 ho-

37 1338 184 1380 minum
219 1348 271 1379 ex
306 1337 431 1378 limite
471 1338 515 1378 fit
554 1338 897 1390 impedimentum,
949 1339 1006 1378 sic
1045 1338 1115 1379 Sol
1159 1352 1209 1378 ex
1252 1339 1360 1379 vitae
1405 1338 1546 1380 datore
1589 1337 1837 1380 ordinatione

39 1397 194 1444 divina.
215 1397 268 1440 fit!
301 1399 541 1447 θωασιμος.
608 1396 978 1446 Absurdissimum
1029 1410 1145 1449 nego.
1213 1398 1366 1438 Probes
1409 1411 1535 1465 neque
1577 1411 1628 1438 ex
1670 1404 1836 1438 naturae

38 1455 268 1523 witam,
312 1468 446 1508 neque
495 1469 547 1495 ex
592 1455 667 1497 Dei
720 1456 938 1496 bonitate.
985 1456 1216 1497 Absurdum
1266 1457 1411 1506 etiam,
1468 1457 1504 1497 si
1553 1469 1713 1509 semper
1761 1457 1835 1497 hoc

37 1514 106 1564 sit„
135 1514 320 1561 naturale
350 1527 427 1555 nou
458 1527 576 1562 esse;
626 1515 774 1555 nullum
806 1514 1023 1555 violentum
1053 1523 1305 1568 perpetuum,
1348 1523 1393 1557 ut
1423 1516 1551 1567 jocer.
1614 1516 1659 1556 Si
1688 1528 1833 1568 perpe-

37 1579 172 1623 mn,
214 1585 293 1613 non
335 1585 386 1613 ex
426 1573 541 1622 Deo,
588 1579 727 1613 contra
770 1580 954 1614 naturam
998 1582 1166 1627 agente,
1218 1575 1288 1615 sed
1333 1576 1613 1627 implantatum
1652 1581 1834 1622 naturae,

37 1633 110 1673 sed
150 1643 246 1684 pars
287 1632 357 1672 fiet
398 1638 577 1672 naturae.
638 1631 811 1672 Videtur
851 1633 952 1672 hanc
998 1646 1112 1673 suam
1149 1634 1397 1674 uoluntatem
1434 1634 1563 1681 Deus,
1610 1634 1683 1673 lioc
1721 1645 1836 1673 suum

37 1690 246 1745 ambituum
270 1690 477 1731 intellectu
506 1690 680 1731 Fabricii
710 1692 952 1743 restringere
984 1692 1143 1732 debere.
1206 1692 1298 1733 Nisi
1329 1693 1471 1746 faciat,
1511 1691 1666 1732 nesciet
1688 1692 1833 1733 Fabri·-

37 1749 143 1799 cim,
187 1749 344 1802 qmdo
386 1749 584 1789 ordinarie
628 1750 722 1803 quid
764 1750 874 1790 Deus
919 1758 1039 1803 agat,
1089 1753 1245 1804 quando
1289 1764 1443 1792 rursum
1487 1758 1602 1791 extra
1645 1752 1836 1791 ordinem.

38 1806 111 1858 Sin
147 1813 280 1849 autem
324 1807 417 1848 sciri
450 1814 589 1860 potest
625 1814 667 1848 et
705 1809 1025 1850 conformitatem
1064 1811 1263 1863 quandam
1295 1809 1474 1859 obtinet,
1513 1810 1600 1862 jam
1632 1811 1742 1851 facta
1775 1820 1838 1850 est

35 1879 138 1920 pars
164 1873 349 1944 naturae
363 1867 612 1920 accipietque
657 1868 797 1908 modos
842 1868 894 1909 ad
933 1869 1050 1910 finem
1093 1869 1297 1911 ducentes
1360 1869 1419 1910 Tu
1452 1882 1502 1910 ex
1531 1881 1630 1910 soce
1663 1871 1836 1921 scriptu-

36 1938 112 1969 m
136 1925 349 1979 „sigmffl
383 1926 577 1979 quidlibet
607 1926 796 1967 fabricas.

129 2005 378 2041 Fabricius:
416 2007 580 2041 manetae
605 2019 671 2040 non
691 2011 788 2049 juxta
820 2009 1027 2042 latitudinem
1059 2010 1118 2042 sed
1137 2012 1234 2051 juxta
1258 2010 1437 2053 simplicem
1461 2011 1674 2054 longitudinis
1698 2011 1838 2055 gradum

36 2055 131 2110 dixi'i
154 2055 286 2094 dehent.
336 2055 430 2088 Sicut
454 2057 541 2087 enim
564 2056 722 2098 planetae
746 2062 837 2088 motu
868 2067 927 2089 sno
954 2057 1038 2089 Solis
1071 2058 1210 2090 orbitam
1234 2059 1412 2110 respiciunt
1455 2057 1535 2099 (K.:
1574 2060 1618 2090 At
1641 2069 1708 2090 non
1733 2060 1836 2100 respi-

37 2103 131 2135 ciunt
152 2106 214 2134 snt
237 2106 355 2135 curant
377 2103 465 2134 viam
488 2107 596 2134 motus
620 2102 722 2140 solis,
756 2113 857 2145 quare
888 2113 994 2146 neque
1028 2105 1182 2137 effectum
1214 2103 1324 2145 viae).
1368 2113 1426 2137 cur
1449 2113 1515 2137 non
1541 2107 1644 2138 etiam
1666 2107 1838 2137 virtutibus

36 2148 105 2181 nis
128 2149 173 2181 nd
194 2149 282 2180 vien
302 2148 442 2181 nudes
467 2148 568 2186 Solis,
593 2159 680 2191 quae
710 2151 744 2181 in
769 2151 923 2192 ecliptica
956 2161 977 2183 a
1001 2155 1092 2183 motu
1117 2152 1202 2184 Solis
1226 2152 1379 2194 figuntur,
1405 2149 1632 2194 respicerent?
1680 2153 1727 2185 Ut
1753 2153 1837 2184 Solis

34 2201 154 2229 ηοω
167 2205 280 2231 οοιιιιι
302 2196 497 2236 principium
521 2201 591 2232 est,
628 2199 678 2228 ita
702 2198 854 2229 virtutum
878 2198 1007 2230 illorum
1030 2200 1122 2240 quasi
1147 2199 1350 2237 velanni-m,
1388 2200 1486 2241 idque
1509 2201 1544 2232 in
1568 2201 1623 2232 via
1646 2210 1707 2232 sna
1733 2201 1834 2242 regia.

37 2241 117 2284 (ΚΑ
151 2242 324 2277 conclusio
348 2247 460 2274 tamen
492 2248 543 2274 est
573 2245 691 2284 partim
716 2243 822 2283 vera.)
872 2245 1083 2286 Experientia
1115 2247 1150 2276 in
1175 2246 1406 2278 directionibus
1429 2247 1606 2288 respondet
1629 2247 1835 2289 longitudini.

33 2290 124 2323 idom
145 2289 325 2322 ostendunt
347 2290 567 2330 profectiones
591 2290 764 2331 simplices.
816 2290 913 2322 Certe
938 2292 965 2323 si
989 2292 1036 2323 vis
1059 2292 1216 2333 planetae
1250 2293 1284 2323 in
1318 2293 1423 2334 gradu
1454 2293 1637 2325 latitudinis
1671 2295 1836 2324 cooriente

36 2329 200 2375 existeret.
226 2341 306 2369 tunc
331 2337 432 2368 etiam
455 2336 674 2377 profectiones
699 2337 891 2377 aphetarum
917 2338 961 2370 ad
983 2338 1054 2375 hos,
1080 2348 1145 2370 non
1169 2348 1243 2371 vero
1269 2339 1313 2371 ad
1338 2344 1462 2371 eertum
1486 2340 1594 2372 locum
1618 2340 1775 2381 planetae
1799 2340 1833 2371 in

37 2383 175 2416 Ιοίῑισο
199 2388 421 2426 operarentur.
472 2382 538 2414 Sed
562 2383 624 2415 hoc
648 2393 714 2414 non
740 2384 777 2415 fit
802 2403 845 2407 —
872 2394 950 2427 ergo
977 2408 985 2415 .
1013 2409 1021 2415 .
1050 2408 1058 2415 .

28 2472 37 2481 Ι,
152 2431 427 2497 Keplerus:
478 2431 672 2470 Plauetas
703 2431 932 2482 dirigendos
965 2433 1050 2471 sine
1082 2440 1267 2484 respectu
1299 2433 1524 2473 latitudinis
1549 2433 1709 2485 probas,
1743 2433 1838 2485 qnia

23 2482 151 2534 Solis
175 2490 346 2530 orbitam
383 2489 421 2529 in
464 2494 571 2528 motu
609 2502 680 2528 suo
718 2490 948 2541 respiciunt.
1011 2491 1148 2535 Prima.
1183 2504 1276 2543 pars
1312 2491 1580 2531 conclusionis
1619 2499 1684 2531 est
1723 2505 1833 2532 vera.

27 2546 125 2601 ᾖα
151 2548 270 2596 enim,
305 2561 392 2588 cum
413 2547 549 2588 Solem
581 2560 652 2599 pei
683 2549 940 2588 ascensiones
972 2550 1154 2601 obliquas
1186 2550 1239 2588 ad
1256 2550 1521 2601 promissores
1553 2563 1630 2589 uon
1649 2550 1834 2602 dirigam,

23 2616 167 2659 vneque
198 2606 451 2647 latitudinem
472 2606 600 2645 habeo
632 2619 733 2664 opus
765 2607 1021 2647 considerare
1047 2608 1084 2647 in
1117 2614 1295 2659 tempore
1327 2609 1620 2648 constituendo.
1684 2607 1833 2648 Consi-

34 2664 129 2705 dero
159 2671 294 2706 tamen
327 2665 599 2714 latitudinem,
633 2670 678 2704 ut
701 2665 949 2717 intelligam,
994 2680 1044 2705 an
1090 2666 1256 2706 elumbis
1298 2666 1354 2706 sit
1396 2667 1564 2707 directio
1607 2679 1658 2706 an
1703 2667 1832 2707 fortis.

28 2712 192 2765 Deinde
231 2723 283 2765 ad
313 2723 601 2776 promissorum
635 2730 824 2776 aspectus
868 2724 1044 2775 dirigens
1089 2737 1256 2764 necesse
1289 2725 1419 2764 habeo
1449 2725 1704 2766 considerare
1736 2725 1832 2765 lati-

28 2780 222 2824 tudinem.
284 2782 390 2823 Nam
420 2782 492 2824 Sol
523 2783 575 2822 ad
608 2782 757 2822 arcturi
789 2781 977 2822 sextilem
1008 2783 1117 2823 venit
1147 2795 1223 2822 non
1255 2783 1296 2822 in
1337 2783 1384 2823 1?
1402 2782 1418 2801 ⁹
1437 2786 1492 2832 ιζ,
1526 2784 1599 2824 sed
1629 2783 1736 2824 circa
1765 2796 1835 2824 cor

34 2839 95 2890 9,,
133 2841 228 2894 quia
255 2841 347 2882 iude
377 2842 417 2882 in
449 2846 647 2881 arcturum
692 2846 756 2881 est
787 2846 903 2881 sexta
932 2854 1027 2893 pars
1059 2841 1207 2882 circuli.
1269 2841 1449 2894 Denique
1482 2842 1522 2882 in
1553 2847 1642 2883 ortu
1673 2848 1716 2883 et
1745 2856 1832 2883 me-

0 2897 98 2949 [dio
128 2901 228 2940 coeli
260 2900 417 2940 omnino
451 2913 549 2953 opus
584 2905 647 2939 est
679 2900 914 2947 latitudine,
953 2900 1133 2940 omnibus
1170 2900 1396 2940 sanioribus
1426 2901 1644 2953 astrologis
1674 2906 1831 2942 tostas

26 2955 174 3006 ‚fibus;
198 2965 310 3000 ortus
340 2959 447 2999 enim
478 2959 541 2999 vis
572 2958 750 2998 funditur
780 2970 852 3010 per
881 2958 1072 3006 circulum
1102 2958 1333 3006 horizontis,
1365 2959 1484 2998 medii
1517 2960 1618 2999 coeli
1648 2972 1720 3011 per
1744 2973 1831 3000 me-

26 3015 240 3066 ridiuum,
272 3016 385 3058 Soiis
415 3024 457 3057 et
474 3019 619 3058 Lunae
650 3017 790 3057 itidem
823 3017 1000 3057 funditur
1028 3024 1112 3057 tam
1146 3018 1239 3065 late,
1271 3030 1390 3070 quam
1422 3018 1509 3058 lata
1534 3024 1628 3059 sunt
1651 3031 1831 3072 corpora.

0 3156 2 3241 ι
