1982 3268
822 157 1036 193 Ρωω-ιιι-ι,
1336 204 1339 205 ⁷
1766 152 1823 201 35

33 272 98 308 cst
137 279 241 308 anno
286 264 398 308 1569
434 266 592 307 biennio
621 271 718 306 ante
746 279 809 306 me
840 272 990 307 natum.
1045 266 1179 306 Autor
1207 265 1362 305 Ramus
1393 271 1458 305 est
1487 266 1527 306 in
1560 265 1708 306 scholis
1740 265 1823 306 suis
1900 290 1904 293 ἡ

30 327 128 374 (ιιοιι
156 324 408 374 Geometria)
440 324 704 366 Geometricis
735 325 830 366 folio
858 322 915 366 49
942 331 985 365 et
1002 323 1074 382 50.
1135 322 1225 370 Quo
1257 324 1344 364 loco
1374 323 1528 364 Ramus
1558 324 1824 376 praemium

32 384 364 426 conformatae
413 385 595 452 absque
650 383 1006 438 hypothesibus
1060 383 1378 434 astrologiae
1435 383 1650 435 spondet
1708 396 1823 424 suae

29 443 361 496 professionis
390 444 680 484 cessionem.
741 442 788 483 Si
817 442 969 484 Ramus
1002 441 1095 483 illas
1125 442 1415 483 exterminatas
1439 443 1550 494 cupit
1567 442 1822 496 hypotheses,

31 514 141 556 quae
163 509 207 543 ut
235 503 448 544 credantur
475 503 741 556 postulantur,
773 514 851 542 non
879 502 1109 554 probantur,
1142 507 1183 541 et
1215 501 1249 540 si
1281 501 1383 540 hanc
1414 501 1564 553 absque
1584 501 1821 555 hypothesi-

28 561 104 603 bus
145 562 428 603 astronomiam
469 561 630 610 laudat,
670 574 770 614 quae
813 561 938 602 solius
977 567 1145 601 naturae
1177 565 1377 612 apparatu
1406 560 1559 600 orbium
1589 560 1823 601 coelestium

30 625 219 662 contenta
248 627 325 669 est,
355 621 459 674 quod
489 621 646 674 quidem
676 627 769 660 ante
799 626 841 660 et
870 626 963 672 post
992 619 1151 660 omnino
1181 620 1342 660 innuere
1362 619 1538 660 videtur:
1572 619 1736 659 vicimus
1756 620 1821 660 vel

29 679 117 732 Ego
146 680 211 720 vel
242 678 511 733 Copernicus,
545 680 608 720 vel
639 686 804 732 uterque
836 679 972 725 simul,
1004 678 1195 731 nobisque
1225 678 1423 731 professio
1454 678 1622 719 debetur
1651 678 1819 719 Ramea.

30 737 101 780 Sin
133 744 265 780 autem
293 739 447 781 Eamus
478 751 615 780 omnes
646 739 805 779 omnino
837 738 1080 792 hypotheses
1109 738 1243 790 rejicit
1272 750 1341 778 seu
1372 750 1489 778 veras
1527 743 1567 778 et
1603 738 1821 786 naturales,

29 810 100 838 seu
129 798 271 846 falsas,
300 804 384 839 tum
414 799 561 848 id—est,
593 799 697 851 quod
727 811 846 851 supra
870 797 979 838 dixi:
1012 797 1159 838 stultus
1190 809 1343 848 nempe,
1376 796 1495 850 idque
1525 803 1570 837 ut
1597 797 1738 849 opinor
1756 797 1820 837 vel

28 863 70 898 te
88 857 236 910 judice.
297 858 450 898 Verum
478 863 525 898 ut
554 858 757 910 utriusque
788 857 926 898 honori
956 857 1198 905 consulatur,
1229 856 1335 896 malo
1365 868 1429 896 me
1458 856 1729 909 professorem
1753 869 1821 897 re-

27 916 133 969 gium
165 929 283 970 quam
313 916 483 958 Ramum
514 918 680 958 stultum
710 917 925 969 appellare.
986 916 1075 956 Hoc
1105 928 1226 956 unum
1244 920 1334 956 est.

142 976 237 1017 Jam
264 988 394 1029 porro,
426 982 472 1017 ut
500 975 650 1029 Regius
668 975 877 1016 Professor
908 975 1058 1041 aliquid
1088 974 1212 1015 etiam
1243 987 1313 1014 suo
1345 973 1463 1015 titulo
1493 974 1657 1028 dignum
1686 979 1817 1027 gerat,

27 1035 213 1088 proponit
241 1035 316 1076 tibi
346 1034 576 1077 Clarissime
607 1035 657 1075 D.
688 1040 923 1102 praeceptor
950 1026 1155 1087 problema
1187 1032 1494 1074 Geometricum.
1528 1054 1584 1061 —
1616 1033 1817 1086 Triangu-

27 1094 109 1135 lum
139 1094 411 1147 redangulum
439 1094 699 1143 constituere,
738 1094 848 1146 cujus
884 1094 1017 1134 omnia
1056 1093 1135 1133 tria
1165 1093 1294 1133 latera
1325 1093 1408 1133 sint
1436 1092 1605 1134 invicem
1635 1093 1820 1133 continue

27 1153 349 1206 proportionalia,
380 1158 427 1194 ut
449 1154 554 1194 sicut
582 1154 711 1194 minus
742 1154 847 1194 latus
879 1153 931 1193 ad
961 1153 1089 1205 majus
1120 1152 1233 1193 circa
1256 1157 1421 1200 rectum,
1454 1152 1514 1193 sic
1545 1153 1619 1193 hoc
1648 1152 1699 1192 ad
1720 1151 1819 1192 sub·

28 1218 186 1254 tensam
213 1218 336 1254 recto.
384 1212 613 1254 Utilitatem
633 1212 873 1252 inventionis
893 1212 1087 1264 insignem
1106 1212 1254 1259 nescio,
1286 1211 1362 1252 nisi
1382 1211 1488 1264 quod
1505 1211 1634 1264 magis
1654 1215 1822 1251 exornat

27 1272 301 1324 geometriam.
354 1271 461 1312 Nam
480 1271 514 1312 si
541 1271 731 1324 pensites,
763 1271 929 1319 videbis,
962 1284 1080 1311 unum
1105 1270 1382 1311 tantummodo
1407 1270 1578 1311 formam
1609 1271 1710 1321 ejus,
1740 1282 1820 1310 non

27 1331 162 1383 plures
191 1344 280 1372 esse
310 1342 443 1383 posse.
502 1330 684 1371 Iuventio
717 1330 874 1383 Magiro
906 1330 1092 1379 debetur,
1137 1343 1215 1382 qua
1246 1329 1347 1370 adeo
1378 1329 1508 1382 ipsum
1538 1329 1714 1370 officiose
1737 1342 1820 1369 sa-

28 1389 130 1439 luto,
168 1395 401 1443 gratumque
432 1402 496 1430 me
532 1390 602 1430 illiv
631 1389 818 1437 exhibeo,
858 1396 1071 1442 propterea
1107 1389 1212 1442 quod
1244 1401 1315 1429 suo
1339 1389 1628 1441 jucundissimo
1658 1388 1821 1430 theore-

27 1454 134 1490 mate
167 1451 281 1490 ‘nova
317 1449 524 1502 voluptate
555 1448 798 1502 geometrica
828 1462 890 1489 me
922 1461 1075 1501 quoque
1107 1448 1211 1488 inter
1241 1453 1397 1488 ceteros
1430 1449 1578 1489 beavit.
1640 1448 1820 1489 Demon-

0 1520 10 1529 ··
27 1508 170 1549 stratio
211 1508 343 1549 facilis
387 1514 452 1548 est
492 1521 543 1548 ex
581 1508 706 1560 ipsius
751 1508 938 1548 invento:
983 1507 1086 1560 quod
1129 1507 1286 1560 quidem
1329 1506 1389 1547 ita
1425 1507 1469 1547 in
1501 1508 1621 1548 aliam
1653 1507 1821 1548 formam

9 1567 199 1622 ’φαεινῇ
242 1572 287 1608 ut
317 1567 559 1616 existimem,
591 1580 653 1607 me
684 1567 803 1607 facile
834 1567 898 1607 vel
928 1567 1057 1619 ipsum
1088 1566 1290 1618 Magirum
1321 1566 1360 1606 in
1385 1566 1487 1607 hanc
1517 1566 1821 1620 persuasionem

4 1625 296 1683 ..inducturum
335 1632 381 1667 ut
421 1633 538 1678 putet
578 1639 684 1667 mere
720 1638 849 1666 meum
881 1639 985 1666 esse.
1045 1625 1363 1678 Propositio-ita
1393 1631 1537 1666 sonet:
1588 1625 1639 1667 Si
1677 1638 1822 1679 super

0 1682 213 1726 ..lineam
253 1692 470 1726 extrema
508 1691 557 1726 et
596 1686 753 1726 media
783 1685 973 1726 ratione
1005 1691 1192 1725 sectam
1215 1685 1565 1737 rectangulum
1595 1684 1818 1738 triangu-

0 1742 119 1795 Jlum
161 1745 502 1786 constituatur
536 1745 607 1785 sic
643 1750 694 1785 ut
729 1751 894 1785 rectus
925 1744 1136 1797 angulus
1166 1749 1350 1796 puncto
1382 1745 1628 1786 sectionis
1660 1744 1730 1784 sit
1761 1743 1820 1784 ad

0 1803 451 1860 {pei-pendiculum,
498 1805 631 1844 latus
673 1803 828 1843 minus
859 1805 989 1844 circa
1030 1808 1220 1844 rectum
1257 1803 1562 1855 aequabitur
1603 1803 1822 1856 portioni

0 1863 202 1916 *majori
233 1868 410 1903 sectae
442 1863 629 1903 lineae.
690 1862 1080 1903 Demonstratiouem
1110 1862 1280 1914 Magiri,
1314 1874 1430 1914 quam
1462 1862 1502 1902 in
1532 1863 1638 1903 valle
1670 1863 1819 1903 Luste-

14 1919 148 1964 uvis
175 1922 270 1963 mihi
301 1922 610 1968 demonstrasti,
656 1922 813 1962 omnino
844 1922 959 1962 amisi
990 1934 1062 1962 nec
1093 1922 1320 1961 meminisse
1351 1934 1540 1974 possum:
1578 1922 1667 1962 ideo
1699 1921 1820 1962 aliam

27 1980 196 2022 institui.
245 1981 346 2022 Esto
375 1981 480 2021 linea
499 1981 588 2031 ΑΕ,
621 1987 735 2021 secta
751 1981 1006 2033 proportione

0 2064 3 2071 ι
28 2039 138 2081 dicta
166 2041 206 2080 in
236 2041 271 2081 F
298 2052 371 2093 per
390 2037 446 2081 30
476 2041 581 2081 sexti
613 2040 830 2089 (Euclidis)
845 2052 857 2089 ;
889 2053 1007 2092 super

0 2148 2 2155 y
29 2111 106 2152 qua
144 2099 390 2140 describatur
425 2100 691 2140 semicirculus
706 2131 717 2147 ,
764 2099 803 2139 in
841 2112 917 2152 quo
956 2112 1005 2139 ex

27 2158 64 2198 F
82 2164 196 2199 recta
222 2158 295 2198 FD
320 2159 495 2212 erigatur
522 2158 903 2211 perpendiculariter
932 2171 1003 2198 us-

30 2229 105 2269 que
135 2217 187 2256 ad
216 2218 461 2270 superficiem
490 2217 739 2266 semicirculi,
771 2224 813 2257 et
830 2230 1001 2258 connec-

30 2281 167 2316 tantur
183 2275 271 2324 DE,
302 2275 397 2325 DA,
426 2281 472 2317 ut
498 2277 569 2317 fiat
586 2277 754 2328 angulus
773 2277 888 2318 EDA
912 2289 1002 2316 rec-

9 2340 95 2381 ,tus
135 2347 208 2386 per
249 2308 440 2376 31.1’11.
517 2335 618 2375 Dico
666 2335 769 2387 qnod
810 2335 886 2375 DE
934 2336 1004 2375 fiat

10 2393 209 2450 ,aequalis
233 2393 363 2434 lineae
382 2393 469 2439 FA,
497 2393 667 2446 portioni
687 2394 825 2446 majori
845 2394 894 2433 de
912 2393 1004 2434 EA.

17 2431 133 2496 *Ram
163 2451 294 2504 per8.
328 2452 400 2493 VI.
431 2452 634 2503 triangula
650 2452 772 2502 EFD,
803 2452 1006 2492 DFAtoti

11 2509 145 2572 pm:
175 2517 219 2551 et
246 2512 350 2552 inter
379 2524 422 2551 se
454 2517 547 2551 sunt
578 2511 737 2551 similia.
782 2510 916 2557 Quare
935 2523 1007 2565 per

64 2596 76 2603 ι-
109 2570 245 2610 udum
271 2569 520 2611 corollarium
544 2569 724 2621 ejusdem
741 2569 815 2609 ED
836 2575 900 2609 est
915 2582 1005 2608 me·-

132 2629 439 2682 proportionalis
475 2629 580 2668 inter
610 2628 685 2668 ΑΕ
717 2634 758 2668 et
786 2627 868 2668 EF.
929 2627 1008 2667 Est

28 2686 32 2743 J
51 2732 66 2742 ἦ
83 2692 166 2728 tem
194 2689 315 2728 etiam
341 2689 415 2728 AF
433 2687 563 2727 media
580 2686 886 2740 proportionalis
904 2686 1009 2727 inter

19 2782 20 2785 ,
61 2794 64 2799 .
137 2743 279 2788 etEF
306 2759 378 2799 per
402 2746 665 2787 definitionem
693 2746 819 2785 lineae
838 2757 1006 2797 propor—

270 2812 420 2847 sectae.
483 2804 584 2846 Cum
622 2810 754 2845 autem
791 2804 896 2844 inter
931 2805 1007 2843 duo

24 2866 104 2915 27¹²
122 2877 211 2905 ema
238 2877 358 2905 unum
385 2870 540 2904 tantum
571 2865 742 2905 medium
782 2862 1006 2915 proportio-

88 2935 124 2962 e
165 2936 255 2964 esse
293 2923 445 2975 possit,
489 2935 560 2975 per
590 2921 629 2964 9.
663 2923 718 2963 V.
761 2933 1005 2969 conversam,

135 2987 179 3022 et
206 2981 282 3022 ΕΙ)
312 2982 500 3034 aequales
531 2987 658 3030 erunt,
692 2982 796 3034 quod
827 2985 915 3020 erat
943 2981 1201 3031 probandum.
1253 2978 1514 3021 corollarium
1543 2982 1579 3023 Ι.
1636 2982 1822 3024 Latera

28 3065 30 3067 >
83 3038 268 3093 ianguli
297 3046 411 3080 sunt
437 3041 844 3092 proportionalia.
906 3039 1011 3079 Nam
1040 3040 1125 3087 AF,
1157 3039 1242 3087 ΕΙ),
1274 3039 1344 3079 FE
1376 3045 1470 3079 sunt
1500 3042 1820 3094 proportionales

133 3096 175 3140 8.
202 3099 278 3140 VI.
325 3100 387 3139 At
414 3098 489 3139 ΕΙ)
519 3104 585 3139 est
614 3100 793 3152 aequalis
824 3099 950 3138 lineae
970 3098 1056 3138 AF.
1105 3098 1214 3150 Ergo
1244 3097 1332 3147 ED,
1365 3098 1449 3146 DF,
1481 3099 1551 3140 FE
1581 3100 1662 3140 tria
1692 3101 1822 3140 latera

16 3153 25 3200 Γ
156 3157 255 3210 ·gn1i
284 3162 379 3198 sunt
405 3157 732 3210 proportionalia.
794 3158 854 3197 At
881 3155 991 3197 EFD
1020 3157 1262 3209 triangulum
1292 3157 1465 3211 partiale
1490 3164 1555 3198 est
1584 3159 1712 3199 simile
1731 3159 1820 3207 toti,

20 3220 24 3232 .
1481 3225 1502 3258 3
1517 3227 1541 3247 ἣ

1376 2028 1436 2060 153.
1456 2026 1483 2055 G.

1240 2901 1265 2934 u

1845 327 1899 437 Ἰ

1876 438 1907 498 8
