2028 3242
137 53 223 96 262
823 50 837 60 “
864 53 1026 94 Apologia
1049 52 1214 93 Tychonis

137 160 243 201 Solis
270 161 321 199 ad
353 161 490 199 Lunae
518 159 833 226 proportionem,
868 171 969 211 quae
1001 163 1067 198 est
1098 155 1157 199 9:
1184 157 1226 207 1,
1260 159 1544 202 Aristarchum
1563 172 1672 212 vero,
1706 162 1773 215 qui
1805 161 1948 202 eadem

136 233 223 260 cum
253 219 435 258 Philolao
467 218 662 271 principia
693 219 957 270 sequebatur,
992 217 1134 263 aliam,
1167 229 1227 258 sc.
1261 218 1344 258 fere
1377 231 1478 271 quae
1510 225 1576 260 est
1605 220 1710 262 inter
1741 219 1791 262 21
1831 226 1873 261 01
1908 219 1945 261 1.

137 279 314 325 Quorum
345 278 442 318 illud
476 279 591 329 longe
626 283 689 317 est
721 292 744 316 a
775 278 950 317 veritate
983 277 1175 327 alienum,
1208 277 1283 317 hoc
1316 279 1352 318 ei
1383 278 1618 330 proximum.
1681 281 1824 333 Itaque
1860 293 1948 320 eam

137 338 302 390 quisque
334 337 523 389 privatim
562 337 839 390 hypothesium
883 337 1082 377 rationem
1114 341 1179 376 est
1216 331 1396 386 secutus,
1443 351 1562 390 quam
1593 339 1657 380 vel
1697 339 1949 391 praeceptori

138 410 209 437 suo
243 402 451 448 acceptam
485 396 597 444 tulit,
643 397 707 436 vel
740 397 918 449 physicis
951 395 1174 436 rationibus
1209 402 1522 438 censentaneam
1553 399 1729 446 censuit,
1770 399 1836 438 vel
1874 399 1947 438 de-

138 456 496 496 monstrationibus
530 455 612 495 suis
645 456 895 508 aptissimam
932 453 1120 508 expertus
1153 461 1235 495 est:
1270 456 1379 496 nulla
1409 469 1517 506 ver0,
1550 457 1610 498 ita
1635 463 1681 498 ut
1698 457 1828 498 Ursus
1847 458 1946 505 vult,

137 516 292 568 publice
324 515 494 555 invaluit
526 521 595 555 aut
627 515 848 555 solenniter
878 515 1108 555 introducta
1140 515 1216 555 fuit
1246 515 1527 569 hypothesium
1559 517 1699 558 forma.

256 575 429 627 Jamque
478 575 641 614 tandem
675 576 725 615 ad
771 575 969 615 celebrem
1009 574 1120 614 illum
1151 574 1496 616 Aristarchum
1537 575 1749 616 Samium
1788 580 1948 627 tempo-

138 648 224 675 rum
256 635 351 674 ordo
385 647 456 673 nos
490 634 669 682 deducit,
703 635 816 686 cujus
848 646 947 686 quas
979 638 1164 674 recenset
1195 634 1460 674 Archimedes
1492 635 1758 689 hypotheses,
1791 634 1950 688 Pytha-

138 707 370 746 goraeorum
405 699 445 733 et
477 693 648 733 Philolai
682 706 834 746 quoque
868 692 992 732 fuisse
1027 697 1120 732 ante
1154 693 1382 739 Platonem,
1410 694 1496 746 jam
1529 699 1596 735 sat
1625 694 1742 735 nobis
1774 697 1949 735 constat.

137 753 472 793 Accommodavit
502 753 569 792 ille
603 753 759 805 quidem
792 764 1016 792 sermonem
1061 765 1175 791 suum
1209 752 1643 802 demonstrationibus,
1689 758 1731 794 et
1761 752 1951 794 circulum

131 826 213 869 *quo
246 813 370 852 Terra
407 812 582 851 volvitur
623 812 723 852 dixit
767 824 855 851 eam
900 812 1047 851 habere
1094 811 1391 863 proportionem
1425 813 1477 852 ad
1507 813 1632 862 fixas,
1677 824 1796 865 quam
1827 811 1952 852 habet

139 878 317 911 centrum
359 872 409 910 ad
455 871 827 911 circumferentiam.
893 870 1010 917 Quod
1055 870 1261 922 explicans
1304 871 1572 923 Archimedes
1615 872 1759 912 iisdem
1800 883 1950 923 prope-

136 931 292 970 modum
323 930 458 970 verbis
491 930 628 979 utitur,
663 931 803 983 quibus
836 943 958 982 supra
979 929 1252 983 Pythagoraei
1284 943 1397 971 suam
1426 931 1532 984 apud
1551 931 1816 972 Aristotelem
1835 943 1951 971 men-

134 997 215 1031 tem
254 990 577 1042 explicaverant:
625 990 728 1042 quod
767 990 1060 1042 deprehendet,
1107 989 1172 1041 qui
1217 990 1397 1030 conferre
1442 995 1611 1043 utraque
1641 991 1765 1031 volet.
1827 990 1951 1042 quue

135 1056 198 1091 est
229 1050 334 1102 quod
365 1055 480 1090 tanto
514 1050 642 1101 magis
676 1050 902 1097 confirmat,
950 1049 1054 1101 quod
1086 1061 1207 1100 supra
1238 1049 1400 1101 saepius
1432 1049 1621 1091 iteratum
1654 1054 1741 1098 est,
1788 1049 1951 1090 easdem

135 1110 313 1161 utrisque
346 1115 387 1149 et
417 1109 711 1163 Pythagoraeis
746 1114 786 1149 et
816 1108 1057 1149 Aristarcho
1091 1108 1215 1148 fuisse
1249 1109 1507 1162 hypotheses.
1573 1108 1769 1156 Quamvis
1801 1107 1951 1150 Archi-

134 1170 261 1210 medis
295 1169 343 1208 de
376 1169 605 1209 Aristarchi
649 1182 767 1208 sensu
800 1169 1033 1221 conjectura
1075 1168 1254 1208 nonnihil
1292 1167 1490 1221 impingit.
1551 1169 1656 1209 Vult
1686 1168 1953 1209 Archimedes

137 1229 192 1270 sic
226 1228 527 1279 intelligendum
553 1227 846 1276 Aristarchum,
882 1241 982 1280 quae
1015 1227 1069 1267 sit
1099 1227 1305 1279 proportio
1332 1229 1480 1268 Terrae
1513 1228 1565 1268 ad
1595 1228 1808 1280 sphaeram
1830 1226 1952 1275 Solis,

137 1289 304 1328 eandem
346 1300 434 1327 esse
468 1287 663 1340 sphaerae
698 1287 806 1328 Solis
839 1288 931 1334 (seu
962 1288 1132 1334 Terrae)
1177 1287 1229 1327 ad
1261 1287 1474 1339 sphaeram
1504 1288 1685 1328 fixarum.
1748 1287 1808 1328 At
1846 1286 1953 1327 'haec

138 1348 265 1387 adhuc
298 1347 502 1399 proportio
535 1360 611 1387 non
640 1347 789 1387 sufficit
807 1347 1037 1387 Aristarchi
1058 1346 1481 1387 demonstrationibus,
1543 1347 1650 1387 Nam
1682 1346 1740 1386 ita
1771 1351 1836 1386 est
1856 1358 1953 1386 sen-

139 1407 248 1446 sibus
284 1406 652 1457 eomprehensibilis
673 1407 821 1447 Terrae
854 1407 904 1446 ad
937 1406 1150 1458 sphaeram
1172 1404 1281 1446 Solis
1306 1405 1523 1459 proportio,
1558 1410 1603 1446 ut
1626 1404 1852 1458 parallaxin
1873 1404 1954 1445 So-

137 1466 186 1506 lis
228 1466 467 1505 minutorum
507 1466 660 1518 aliquot
699 1467 861 1506 efficiat.
938 1465 1123 1506 Totidem
1161 1465 1284 1517 igitur
1321 1465 1562 1506 minutorum
1580 1460 1818 1518 *parallaxis
1850 1463 1955 1504 inter

137 1526 239 1565 fixas
270 1526 315 1564 'et
347 1525 561 1576 sphaeram
594 1538 671 1577 qua
698 1526 834 1566 Tellus
867 1524 1042 1565 volvitur
1073 1524 1352 1565 intercederet.
1415 1524 1476 1564 At
1499 1524 1762 1565 Aristarchus
1799 1534 1955 1564 omnem

138 1585 258 1637 plane
291 1597 453 1623 sensum
499 1585 696 1633 excludit,
743 1586 835 1625 dum
873 1584 1068 1624 infinitam
1107 1584 1239 1636 quoad
1278 1596 1439 1623 sensum
1480 1583 1781 1636 proportionem
1822 1582 1952 1622 intro-

141 1643 262 1684 ducit.
329 1643 411 1683 Sed
455 1644 555 1683 haec
589 1644 731 1684 obiter.
794 1645 885 1684 Non
919 1650 984 1683 est
1027 1648 1161 1683 autem
1193 1642 1367 1695 impunis
1405 1642 1590 1683 habenda
1621 1641 1716 1683 Ursi
1757 1640 1953 1682 dubitatio

139 1704 187 1742 de
221 1708 356 1742 aetate
402 1716 480 1755 qua
520 1703 664 1742 claruit
697 1703 981 1749 Aristarchus,
1028 1715 1095 1751 ne,
1143 1702 1208 1754 qui
1254 1702 1385 1742 sciunt
1415 1702 1564 1743 Ursum
1608 1701 1732 1742 etiam
1774 1699 1953 1752 historiis

139 1774 302 1814 operam
336 1762 507 1810 dedisse,
542 1775 629 1801 cum
662 1763 748 1814 ipso
782 1762 884 1802 citra
916 1775 1076 1802 causam
1109 1761 1371 1801 dubitandum
1403 1761 1479 1801 sibi
1507 1760 1752 1801 existiment.
1807 1758 1952 1808 Dubie,

140 1822 313 1873 inquam,
349 1821 475 1860 Ursus
510 1821 791 1861 Aristarchum
823 1821 948 1861 refert
979 1821 1064 1860 sive
1098 1821 1170 1860 sub
1203 1821 1479 1860 Ptolemaeum
1510 1817 1836 1872 Philadelphum,
1869 1818 1954 1859 sive

140 1881 211 1920 sub
246 1880 567 1920 Philometorem.
635 1880 907 1920 Intolerabilis
938 1880 1192 1928 incertitudo,
1227 1892 1314 1918 cum
1346 1879 1386 1919 hi
1418 1878 1445 1919 2
1472 1892 1590 1930 reges
1626 1877 1710 1920 100
1741 1878 1859 1919 annis
1888 1877 1954 1918 in-

140 1940 269 1979 vicem
313 1938 474 1978 distent.
550 1939 608 1978 At
650 1939 783 1979 facilis
832 1939 946 1979 labor
989 1940 1090 1978 hanc
1135 1938 1426 1978 dubitationem
1477 1938 1662 1978 tollendi.
1728 1937 1954 1990 Syracusas

143 1997 390 2049 expugnavit
423 1999 652 2045 Marcellus,
689 2000 827 2038 consul
859 1998 1076 2046 Romanus,
1113 2011 1214 2037 anno
1248 1995 1287 2038 9.
1324 1997 1545 2038 Ptolemaei
1574 1996 1873 2049 Philopatoris:
1907 2008 1957 2035 ea

141 2057 181 2097 in
227 2057 519 2108 expugnatione
564 2057 828 2097 Archimedes
878 2057 1114 2097 interfectus
1161 2062 1234 2097 est.
1310 2055 1484 2109 Scripsit
1526 2056 1647 2109 igitur
1691 2054 1868 2096 libellum
1905 2055 1954 2094 de

143 2129 287 2155 arenae
321 2129 502 2162 numero,
546 2116 583 2155 in
619 2129 694 2168 quo
728 2117 775 2156 de
808 2116 1035 2157 Aristarchi
1059 2116 1357 2183 hypothesibus
1402 2120 1560 2164 narrat,
1607 2120 1700 2156 ante
1733 2112 1773 2156 9.
1808 2127 1954 2154 annum

144 2175 435 2226 Philopatoris;
470 2180 510 2215 et
542 2176 645 2214 forte
678 2176 749 2215 sub
782 2176 897 2215 finem
929 2175 1084 2227 imperii
1115 2175 1348 2226 Euergetis,
1389 2188 1504 2227 quem
1534 2175 1714 2228 proxime
1745 2173 1971 2214 Philadel-

143 2234 245 2285 phus
279 2234 511 2274 antecessit.
576 2234 633 2274 At
652 2234 902 2287 Philopatori
922 2235 1165 2287 Epiphanes,
1201 2241 1242 2275 et
1273 2235 1362 2275 huic
1396 2235 1552 2275 demum
1585 2234 1830 2274 Philometor
1862 2245 1954 2272 suc-

142 2293 279 2334 cessit.
343 2294 407 2333 Ita
428 2294 642 2342 conficitur,
676 2294 969 2343 Aristarchum,
1004 2296 1114 2347 eujus
1134 2294 1257 2334 libros
1278 2294 1543 2334 Archimedes
1570 2294 1682 2345 legit,
1715 2292 1789 2332 sub
1809 2291 1951 2332 Phila-

145 2352 288 2404 delpho
310 2353 516 2399 claruisse,
545 2366 616 2392 nec
639 2354 722 2393 ulla
744 2367 868 2394 eausa
899 2354 947 2393 de
965 2354 1236 2394 Philometore
1267 2353 1512 2406 suspicandi.
1563 2352 1700 2393 Habet
1718 2348 1954 2393 historicam

145 2412 482 2451 confirmationem
503 2412 734 2453 historicus:
771 2414 910 2453 audiat
936 2414 1246 2454 astronomicam
1267 2418 1534 2453 astronomus.
1589 2410 1836 2452 Observavit
1853 2409 1954 2450 Ari-

145 2471 328 2510 starchus
375 2471 570 2522 aestivale
618 2472 833 2512 solstitium
882 2477 1043 2512 auctore
1086 2473 1338 2525 Hipparcho,
1386 2478 1429 2512 ut
1472 2471 1577 2512 Ptol.
1623 2471 1691 2511 ΙΙΙ.
1742 2468 1777 2510 1.
1817 2471 1953 2519 refert,

146 2542 246 2569 anno
281 2529 350 2571 50.
385 2531 534 2582 primae
565 2531 719 2583 periodi
753 2530 988 2584 Callipicae.
1052 2533 1093 2572 Is
1125 2533 1201 2572 fuit
1231 2545 1356 2572 annus
1390 2529 1430 2572 6.
1464 2529 1732 2582 Philadelphi.
2026 2567 2028 2569 ,

266 2590 343 2629 Tot
384 2590 605 2630 nominibus
651 2592 688 2630 in
729 2591 896 2632 historia
934 2605 1007 2630 sua
1050 2591 1271 2643 impingens
1309 2591 1437 2631 Ursus
1481 2589 1626 2630 malum
1665 2588 1828 2640 insuper
1870 2587 1958 2639 agit
2026 2584 2028 2587 ’

145 2648 402 2700 interpretem
435 2650 662 2690 Aristarchi
694 2655 736 2690 et
769 2649 1004 2703 Copernici‚
1040 2656 1081 2691 et
1111 2651 1350 2704 imputatam
1381 2649 1470 2689 aliis
1500 2647 1540 2688 in
1573 2647 1796 2701 Copernico
1827 2647 1951 2688 intel·
2024 2646 2028 2672 ³

147 2707 306 2758 ligendo
351 2708 588 2748 tarditatem
625 2709 662 2748 in
697 2722 739 2748 se
772 2711 987 2750 manifeste
1025 2711 1238 2750 transfert:
1285 2704 1394 2758 dum,
1441 2721 1555 2760 quam
1590 2707 1835 2759 Copernicus
1867 2706 1955 2746 axis

147 2766 309 2805 Terreni
344 2767 429 2819 (qui
451 2767 516 2807 axi
543 2768 847 2820 aequinoctialis
869 2770 1104 2820 respondet)
1137 2768 1436 2809 inclinationem
1469 2768 1520 2807 ad
1550 2768 1714 2819 planum
1744 2765 1954 2818 eclipticae

149 2826 316 2873 statuit,
350 2827 454 2865 hanc
487 2827 552 2866 ille
586 2827 835 2868 nutationem
867 2829 972 2868 inter
1002 2829 1209 2880 planetas,
1250 2827 1300 2867 ad
1331 2827 1461 2867 instar
1490 2826 1607 2866 navis
1638 2826 1676 2866 in
1709 2824 1827 2873 mari,
1870 2825 1977 2877 jam·

148 2882 185 2921 in
222 2896 403 2934 proram,
432 2885 516 2936 jam
548 2887 586 2925 in
620 2886 781 2939 puppim
813 2887 1097 2936 incumbentis,
1142 2887 1443 2938 interpretatur.
1506 2884 1565 2925 At
1607 2889 1694 2925 toto
1727 2883 1838 2924 coelo
1871 2882 1957 2924 Co-

150 2942 362 2990 pernicano
396 2943 568 2984 aberrat.
634 2946 737 2985 Nam
771 2947 847 2986 etsi
881 2947 968 2987 axis
989 2947 1137 2987 Terrae
1169 2946 1207 2985 in
1235 2944 1421 2986 solstitiis
1453 2943 1611 2984 inclinis
1631 2950 1695 2984 est
1727 2944 1779 2983 ad
1810 2943 1955 2983 lineam

151 3013 170 3038 e
205 2998 299 3040 Sole
331 3002 371 3040 in
404 3008 582 3042 centrum
605 3005 751 3044 Terrae
785 3006 959 3053 ductam,
991 3006 1029 3045 in
1064 3003 1324 3057 aequinoctiis
1349 3017 1443 3045 vero
1475 3009 1606 3044 rectos
1638 3016 1725 3044 cum
1756 3017 1804 3043 ea
1835 3002 1958 3044 efficit

152 3059 343 3110 angulos:
389 3073 465 3100 non
506 3067 641 3101 tamen
673 3063 712 3102 id
746 3065 789 3104 fit
821 3070 970 3104 annutu
1003 3065 1065 3104 vel
1104 3065 1278 3114 abnutn,
1325 3063 1395 3102 sed
1434 3063 1477 3103 fit
1519 3062 1785 3103 translatione
1828 3061 1955 3105 centri
2007 3067 2009 3070 ⁴
