2028 3242
857 45 972 76 contra
996 41 1124 76 Ursum.
1808 39 1889 82 261

87 160 247 190 manum
275 148 504 190 nullatenus
535 149 774 199 admovisse,
809 150 919 190 solas
950 161 1045 189 vero
1066 148 1371 190 observationes
1390 147 1600 200 reliquisse
1626 147 1892 200 conscriptas.

86 205 220 248 Minus
247 205 372 261 igitur
401 208 578 248 tentavit
607 209 866 261 Hipparchus
908 208 948 248 in
990 208 1236 248 astronomia
1273 207 1648 260 angustioribusque
1680 206 1893 259 pomoeriis
1943 231 1945 233 -

86 265 352 320 cogitationes
378 272 420 307 et
451 279 567 308 curas
598 281 693 308 suas
725 268 907 316 inclusit,
939 266 1058 321 quam¹
1088 268 1155 308 vel
1185 268 1387 308 Eudoxus
1406 268 1472 307 vel
1505 266 1713 318 Calippus.
1777 265 1893 312 Quae

85 331 152 365 est
180 337 277 378 ergo
305 325 378 367 illa
409 330 492 366 tam
522 327 729 378 splendide
760 332 975 368 asservata
1006 326 1228 369 immutatio
1260 326 1561 379 hypothesium,
1606 337 1723 378 quam
1749 324 1893 377 Calip-
1924 322 1961 386 iN>

85 383 187 437 picis
215 383 471 437 Hipparchus
502 385 667 427 intulit?

206 443 398 485 Venimus
440 457 566 497 usque
602 445 654 485 ad
691 449 871 496 tempora
908 442 1151 496 Hipparchi,
1196 443 1263 495 qui
1298 442 1499 496 posterior
1536 442 1761 482 Aristotele
1803 442 1890 491 fuit,

83 513 162 555 quo
192 506 373 556 tempore
390 502 520 545 Ursus
551 503 611 544 ait
640 503 891 543 introductas
922 502 1176 556 physicorum
1209 502 1467 556 hypotheses,
1498 501 1539 541 h.
1561 514 1594 541 e.
1630 513 1719 541 eum
1740 501 1890 552 sphae-

84 573 218 603 rarum
247 561 440 610 ordinem,
470 562 536 616 qui
567 562 779 604 hodiedum
809 562 929 614 vulgo
961 561 1148 602 creditur.
1211 562 1258 602 Id
1289 566 1424 602 autem
1455 565 1585 601 totum
1616 572 1767 600 merum
1800 573 1889 600 esse

83 619 278 662 somnium
313 633 435 674 supra
464 621 649 675 probavi,
692 634 782 661 cum
813 620 1004 668 dicerem,
1042 619 1519 679 PXQOMQrSja-§ic
1552 631 1651 676 res-se·
1677 619 1888 675 visumffde

83 693 105 721 s
355 680 358 681 ⁷
442 679 453 689 '
599 680 610 690 ‘
669 693 692 722 o
894 680 907 720 l
976 692 1063 720 aeo.

238 742 258 779 t
292 737 385 792 quid
421 739 589 780 multis?
630 738 992 791 Quomodocunque
1030 739 1212 779 locentur
1242 737 1341 778 haec
1372 736 1399 779 3
1431 749 1601 789 corpora
1625 735 1754 784 Solis,
1800 736 1892 776 Ve-

82 796 189 840 neris
220 802 264 838 et
285 798 475 839 Mercurii
507 798 611 840 inter
634 799 808 839 Martem
840 803 882 839 et
907 798 1075 844 Lunam,
1108 808 1266 850 semper
1291 797 1350 845 (in
1381 796 1542 838 usitatis
1574 796 1731 848 quidem
1760 795 1890 849 hypo-

84 856 285 906 thesibus)
323 870 390 899 res
430 857 567 898 eodem
606 858 711 899 redit
753 857 793 898 in
818 860 1080 899 astronomia.
1142 856 1250 897 Nam
1287 856 1363 896 hac
1394 857 1461 896 via
1492 855 1651 908 quidem
1682 854 1888 906 ingressos

83 915 385 957 observationes
404 916 641 957 destituunt.
705 916 827 957 Solae
852 916 1108 969 physicarum
1127 915 1327 956 rationum
1354 914 1722 956 verisimilitudines
1743 919 1887 954 aucto-

83 987 163 1025 res,
194 979 239 1016 ut
269 975 436 1028 quisque
466 975 569 1016 hanc
601 976 665 1016 vel
689 976 799 1016 illam
831 975 1084 1028 potissimum
1116 974 1306 1027 sequitur,
1341 974 1379 1014 in
1410 973 1614 1014 contraria
1644 972 1817 1024 rapiunt,
1849 972 1889 1012 in

82 1033 230 1076 ceteris
260 1034 572 1075 consentientes.
635 1033 725 1081 Quo
755 1040 890 1087 pacto,
923 1034 1008 1074 sive
1040 1040 1135 1075 ante
1173 1033 1260 1074 sive
1290 1039 1385 1086 post
1404 1033 1614 1086 Eudoxum
1641 1032 1888 1083 disputatum

84 1093 139 1134 sit
175 1092 224 1134 de
260 1093 450 1134 moderno
490 1094 748 1146 sphaerarum
787 1092 926 1134 ordine
955 1093 1130 1147 vulgari,
1173 1105 1251 1133 non
1289 1093 1512 1133 censendae
1545 1098 1638 1131 sunt
1677 1091 1816 1130 horum
1849 1096 1891 1130 et

82 1151 241 1193 Eudoxi
282 1151 465 1192 diversae
502 1153 746 1207 hypotheses
783 1152 1091 1194 astronomicae.
1160 1149 1261 1193 Cum
1305 1152 1408 1191 enim
1459 1151 1549 1191 inde
1594 1164 1619 1189 a
1656 1147 1891 1202 Pythagora

82 1211 282 1264 hucusque
306 1211 451 1264 vulgus
470 1217 787 1253 astronomorum
807 1212 846 1252 in
866 1211 999 1264 capite
1030 1210 1316 1259 consenserint,
1351 1209 1547 1250 dubitatio
1581 1209 1679 1249 haee
1702 1210 1751 1248 de
1771 1209 1890 1248 trium

81 1270 221 1311 horum
263 1282 472 1323 corporum
509 1270 647 1311 ordine
685 1283 845 1324 semper
880 1272 1047 1320 mansit,
1094 1282 1167 1311 uec
1198 1269 1292 1310 dum
1335 1282 1359 1309 a
1395 1269 1572 1323 physicis
1613 1274 1676 1308 est
1714 1267 1887 1307 sublata.

82 1329 371 1370 Heraclitus
394 1327 532 1370 Solem
564 1329 660 1370 fecit
690 1329 961 1382 penintimum,
995 1329 1135 1370 eodem
1165 1341 1255 1368 cum
1273 1328 1498 1368 Aristotele
1518 1340 1614 1367 usus
1640 1331 1888 1378 argumento,

81 1388 188 1440 quod
225 1392 364 1429 cetera
405 1393 520 1429 astra
556 1388 685 1429 minus
724 1388 979 1430 calefaciant.
1035 1389 1153 1429 Plato
1186 1387 1516 1441 pythagoricam,
1555 1385 1807 1427 Socraticam
1848 1390 1889 1424 et

83 1446 367 1488 Heracliticam
397 1447 694 1501 philosophiam
724 1447 915 1496 miscens,
958 1448 1156 1490 referente
1189 1446 1230 1486 id
1260 1446 1446 1495 Laertio,
1486 1445 1751 1497 locupletavit
1786 1444 1887 1483 hanc

82 1505 305 1560 opinionem
334 1506 470 1558 optica
503 1507 759 1559 conjectura:
792 1506 827 1547 si
861 1507 915 1556 Q,
949 1507 979 1557 {5
1007 1506 1112 1548 infra
1142 1505 1277 1546 Solem
1309 1505 1403 1550 sint,
1437 1504 1632 1545 diminuta
1662 1503 1756 1543 olim
1785 1502 1886 1543 facie

82 1569 128 1605 ut
155 1564 311 1607 Lunam
340 1564 471 1606 visum
502 1565 564 1606 iri.
620 1565 878 1606 Ptolemaeus
921 1566 1036 1606 addit
1066 1578 1117 1605 ex
1146 1564 1303 1605 illorum
1333 1564 1535 1604 sententia
1578 1569 1620 1603 et
1657 1563 1732 1603 hoc
1764 1574 1887 1614 argu-

81 1627 277 1671 mentum,
321 1624 426 1677 quod
467 1636 666 1678 uunquam
703 1623 839 1665 Solem
882 1625 1159 1665 obtenebrent.
1223 1621 1338 1669 Quae
1371 1627 1608 1675 argumenta
1639 1621 1888 1662 declinantes

79 1681 260 1734 moderni
289 1682 489 1736 pellucida
518 1683 590 1724 illa
619 1695 788 1735 corpora
820 1683 983 1733 faciunt,
1017 1688 1159 1725 contra
1189 1695 1307 1735 quam
1327 1683 1361 1729 J>
1393 1682 1456 1722 vel
1488 1680 1574 1722 Soli
1605 1680 1888 1733 propinquanti

78 1741 187 1782 viam
217 1741 379 1787 cedere,
421 1747 467 1782 ut
495 1742 754 1783 Ptolemaeus
787 1743 892 1791 vult,
938 1744 1004 1783 vel
1036 1742 1158 1783 etiam
1189 1742 1500 1788 subtercurrere‚
1545 1747 1591 1781 ut
1627 1739 1807 1780 moderni
1838 1751 1888 1779 ex

80 1799 224 1841 Ptoclo
261 1805 304 1840 et
332 1801 541 1842 Averrhoe
580 1802 775 1854 exemplis
813 1801 941 1842 dubiis
977 1802 1232 1842 contendunt.
1295 1801 1355 1841 At
1392 1805 1533 1840 contra
1570 1798 1887 1852 penetrationem

81 1858 234 1900 orbium
258 1857 390 1909 Solis,
427 1860 620 1909 Veneris,
659 1861 847 1914 Mercurii
879 1867 921 1901 et
952 1862 1090 1902 Lunae
1122 1859 1294 1900 nondum
1326 1859 1478 1899 amoliti
1510 1865 1622 1908 sunt,
1667 1863 1713 1898 ut
1743 1857 1887 1897 melius

81 1922 166 1958 stet
200 1917 482 1971 Alpetragius‚
527 1919 593 1972 qui
632 1933 750 1960 unum
789 1924 945 1960 tantum
986 1920 1073 1961 Soli
1116 1924 1159 1960 et
1189 1919 1327 1959 Lunae
1365 1918 1594 1970 interponit.
1658 1917 1715 1957 Et
1751 1922 1886 1955 tamen

82 1977 323 2030 conjecturis
353 1977 531 2031 physicis
562 1980 806 2019 contendunt
824 1980 1065 2020 Mercurium
1092 1978 1198 2019 infra
1218 1978 1431 2025 Venerem,
1465 1977 1557 2029 quia
1588 1976 1760 2017 motibus
1791 1975 1885 2027 plu-

80 2035 191 2077 ribus
219 2041 427 2077 moveatur
456 2043 708 2090 motuumque
740 2038 998 2078 similitudine
1031 2039 1082 2078 ad
1101 2038 1255 2078 Lunam
1274 2036 1451 2089 proxime
1472 2036 1654 2076 accedat.
1716 2035 1884 2076 Utrum-

82 2106 157 2147 que
195 2107 291 2135 νει-ο
329 2095 402 2136 sub
434 2095 550 2144 Sole,
594 2102 638 2137 ut
675 2097 711 2136 is
754 2098 885 2149 possit
922 2110 1010 2137 esse
1055 2097 1210 2137 medius
1249 2102 1292 2136 et
1328 2095 1502 2147 spatium
1540 2095 1644 2135 inter
1676 2093 1812 2134 Solem
1844 2099 1886 2133 et

80 2153 238 2193 Lunam
265 2153 491 2206 impleatur.
555 2156 620 2195 Ita
651 2155 871 2207 disputatio
895 2156 994 2196 haec
1015 2155 1183 2209 physica
1196 2160 1277 2203 est,
1310 2167 1387 2195 non
1407 2154 1690 2194 astronomica.
1712 2177 1769 2183 —
1802 2151 1884 2192 Sed

82 2211 134 2252 ad
164 2211 312 2253 Ursum
341 2211 474 2252 redeo.

196 2269 254 2310 Et
283 2270 458 2322 loquitur
488 2270 645 2322 quidem
676 2270 804 2311 Ursus
835 2272 978 2324 ubique
1010 2272 1087 2322 ita,
1133 2284 1180 2311 ac
1213 2271 1247 2310 si
1278 2270 1524 2323 temporibus
1554 2270 1635 2310 illis
1672 2276 1718 2309 ut
1746 2269 1880 2321 philo-

81 2328 291 2382 sophicae,
334 2328 391 2369 sic
423 2329 716 2369 astronomicae
748 2342 901 2381 quoque
934 2331 1094 2370 s'cholae
1128 2330 1316 2377 fuissent,
1362 2329 1634 2380 artificumque
1673 2333 1717 2367 ut
1746 2328 1879 2379 philo-

36 2420 42 2423 .
82 2387 295 2440 sophorum
338 2387 526 2428 continua
569 2387 788 2435 successio,
835 2389 1067 2440 dogmatum
1109 2388 1462 2428 astronomicorum
1503 2388 1567 2427 vel
1599 2386 1779 2426 defensio
1816 2386 1882 2426 vel

74 2446 242 2499 'publica
284 2451 326 2486 et
356 2446 530 2487 solennis
570 2446 813 2486 immutatio:
860 2448 963 2500 quod
1001 2448 1116 2499 longe
1149 2446 1266 2487 aliter
1302 2459 1346 2486 se
1378 2446 1513 2485 habet.
1578 2444 1747 2497 §e—mper
1777 2444 1882 2492 enim

81 2506 386 2557 wasnau-Q*
401 2505 476 2554 fuit
506 2505 787 2558 astronomiae,
818 2510 863 2546 ut
892 2506 1009 2557 pauci
1041 2510 1190 2555 essent,
1223 2505 1288 2557 qui
1321 2518 1415 2545 suas
1445 2505 1484 2543 in
1512 2516 1750 2555 eamfflcuras
1776 2516 1881 2556 μοι-ιτ

82 2564 245 2616 ferrent,
306 2564 369 2604 Ac
413 2563 488 2604 etsi
532 2577 630 2604 sane
674 2577 751 2603 non
789 2564 934 2604 desunt
971 2565 1172 2616 exempla,
1215 2563 1282 2603 ubi
1313 2577 1412 2603 unus
1445 2563 1614 2603 alterum
1657 2562 1812 2602 audivit
1842 2561 1881 2602 in

83 2622 378 2672 astronomicis,
422 2623 551 2675 magis
587 2629 724 2663 tamen
764 2627 848 2663 tum
877 2623 1068 2674 temporis
1106 2623 1302 2675 agebatur
1333 2622 1536 2674 negotium
1573 2621 1883 2662 astronomicum

81 2680 188 2722 intra
215 2681 396 2734 privatos
427 2682 616 2733 parietes,
649 2694 721 2721 nec
752 2682 835 2721 ulla
860 2682 1029 2721 celebris
1049 2686 1090 2722 et
1110 2682 1296 2733 frequens
1317 2680 1564 2720 auditoribus
1584 2680 1723 2720 schola
1743 2684 1880 2720 astro-

82 2740 239 2781 nomica
274 2753 324 2780 ex
366 2741 546 2781 historiis
584 2746 680 2781 nota
713 2745 788 2780 est.
850 2739 1043 2793 Adeoque
1087 2753 1165 2780 non
1205 2752 1342 2780 omnes
1384 2739 1553 2779 invicem
1584 2739 1806 2778 astronomi
1837 2751 1881 2778 se

82 2798 430 2847 internoscebant,
476 2798 656 2852 quamvis
697 2798 906 2839 coaetanei
939 2804 1094 2847 essent,
1140 2803 1210 2838 aut
1251 2798 1374 2838 libros
1407 2798 1579 2849 scriptos
1611 2797 1880 2850 reliquissent,

83 2857 373 2911 typographiae
402 2863 499 2910 puto
531 2858 704 2899 defectu.
766 2858 971 2898 Philolaus
991 2857 1095 2897 enim
1127 2857 1221 2909 quid
1241 2857 1412 2897 senserit
1431 2869 1553 2908 supra
1572 2856 1735 2904 dictum,
1769 2856 1881 2908 cujus

84 2915 352 2960 astronomica
391 2916 582 2969 dogmata
624 2917 659 2957 si
702 2916 871 2957 fuissent
912 2915 1080 2956 Eudoxo
1124 2929 1239 2968 quem
1282 2915 1450 2955 vivendo
1493 2914 1700 2956 Philolaus
1743 2915 1882 2967 attigit

84 2974 258 3026 cognita
289 2974 383 3028 quid
413 2988 512 3027 opus
544 2975 707 3023 fuisset,
744 2981 789 3016 ut
817 2975 980 3027 propria
1011 2988 1104 3015 cura
1134 2974 1263 3015 minus
1293 2975 1514 3027 perfectam
1546 2979 1880 3015 commentaretur

84 3033 399 3075 astronomiam?
458 3033 618 3074 Etenim
650 3048 699 3073 ex
730 3034 971 3075 Archimede
1003 3038 1179 3081 constat,
1226 3033 1412 3074 definisse
1442 3033 1652 3075 Eudoxum
1683 3033 1868 3073 diametri
