1982 3268
177 101 233 143 52
969 101 1183 134 Prooemium.

179 268 278 307 haec
310 264 479 306 mutatio
511 277 583 304 nec
614 277 677 314 ne,
709 265 808 305 nihil
839 265 902 306 hic
932 271 1095 315 temere,
1128 265 1225 306 nihil
1249 277 1354 305 vana
1380 265 1551 318 quadam
1575 263 1853 319 desperatione
1884 275 1952 302 cor

179 324 437 379 rumpendum
467 336 557 363 esse
588 324 807 376 putabatis,
843 325 945 377 quod
978 324 1158 378 nequiret
1187 324 1226 364 in
1252 330 1455 377 posterum
1473 323 1644 365 restitui.
1687 323 1868 375 Denique
1886 333 1977 361 mo-

180 384 353 434 nebatis,
388 387 572 423 eventum
603 383 860 435 profectionis
892 397 1005 424 meae
1036 384 1076 424 in
1106 384 1256 424 incerto
1290 397 1392 430 esse,
1425 383 1586 436 fierique
1617 395 1755 436 posse,
1788 387 1832 422 ut
1864 379 1974 421 Cha-

180 444 321 499 rybdin
346 443 479 483 vitans
510 442 549 482 in
579 440 756 495 Scyllam
782 443 965 484 incidam.
1011 444 1066 483 Et
1085 443 1183 484 haec
1204 443 1361 496 quidem
1387 447 1622 496 argumenta
1643 447 1726 483 tum
1745 441 1973 481 valuerunt:

174 506 259 558 jam
289 508 504 556 postquam
537 514 585 540 ex
616 501 691 540 hac
723 515 854 542 annua
893 503 1015 543 veluti
1062 503 1154 544 crisi
1197 504 1244 543 de
1289 503 1491 543 turbarum
1534 502 1672 543 harum
1710 501 1819 542 exitu
1851 500 1975 555 dequ

180 563 358 604 venturis
390 561 634 614 temporibus
661 560 854 612 judicium
879 562 1010 602 facere
1037 563 1179 604 didici:
1212 562 1529 615 respondendum
1554 566 1618 602 est
1643 560 1793 614 aliquid
1818 559 1870 600 ad
1900 571 1973 612 op7

181 623 336 676 positas
368 621 558 662 rationes.
612 618 729 666 Quod
761 620 915 673 quidem
948 622 1103 672 faciam,
1139 634 1303 663 exorsus
1335 622 1384 662 ab
1410 621 1563 662 ultima.
1615 619 1883 673 Quaecunque
1914 631 1966 658 m

182 695 352 735 namque
374 682 533 721 fortuna
553 684 743 731 sequatur
763 680 841 719 alio
867 681 1102 733 profectum,
1136 687 1286 722 certum
1316 681 1457 730 habeo,
1491 680 1726 721 atrociorem
1756 692 1835 719 non
1865 679 1951 718 futu

181 754 279 792 ram,
313 750 429 794 quam
462 752 561 793 quae
594 738 708 778 nobis
739 739 930 791 impendit
962 740 1128 780 durante
1159 741 1233 781 hac
1264 740 1377 793 Reip.
1409 745 1570 781 nostrae
1603 740 1742 781 forma.
1803 738 1928 779 Venti
1950 755 1979 790 us

184 807 248 843 est
266 802 352 854 jam
372 801 423 840 ad
444 799 564 839 exilia
583 798 752 838 civium:
788 812 887 851 quae
919 799 1069 839 indicta
1099 806 1202 849 sunt,
1236 799 1528 853 repraesentari
1553 799 1726 840 nondum
1750 793 1976 851 coeperun‘

182 867 394 914 postquam
423 858 591 911 principi
623 858 730 897 cives
763 858 1056 910 supplicarunt,
1097 872 1404 913 responsumque
1443 859 1633 900 differtur.
1697 856 1776 904 Qui
1807 870 1858 897 ex
1887 869 1938 897 au
1971 900 1973 902 ,

183 922 224 961 in
256 920 358 960 hanc
390 918 629 958 mentionem
661 916 863 966 incidunt,
903 919 1089 970 graviora
1126 920 1351 959 minantur:
1398 931 1560 971 quorum
1597 931 1716 958 voces
1753 917 1788 958 si
1818 929 1969 961 οτειοῐι-

185 980 276 1028 sint,
311 989 509 1030 nunquam
529 976 809 1016 commissurus
831 981 896 1028 est
911 977 1106 1029 princeps,
1141 983 1184 1018 ut
1215 979 1278 1018 vel
1310 977 1540 1019 Lutherano
1571 978 1682 1018 locus
1713 977 1751 1017 in
1782 977 1878 1017 urbe
1910 974 1944 1016 si

184 1039 247 1079 vel
291 1038 419 1078 libera
462 1035 650 1088 migranti
692 1040 876 1087 potestas
919 1036 1134 1085 avehendi,
1181 1037 1472 1086 commutandi,
1514 1036 1708 1077 vendendi
1745 1035 1850 1076 bona
1893 1039 1966 1075 su'

187 1097 472 1150 Confingentur
505 1095 599 1142 doli,
635 1094 774 1147 quibus
806 1095 844 1134 in
878 1095 1040 1136 crimina
1064 1097 1288 1149 majestatis
1315 1097 1565 1150 implicentur
1587 1097 1708 1146 cives,
1741 1101 1787 1136 ut
1816 1093 1929 1147 rapin
1956 1146 1958 1148 ζ

185 1162 441 1211 praetextum
482 1154 657 1194 habeant
689 1154 888 1205 justitiae.
953 1153 1144 1195 Carceres
1182 1156 1306 1209 primo
1349 1156 1482 1209 parati
1525 1161 1661 1202 erunt,
1706 1160 1787 1196 tum
1830 1154 1976 1199 mult‘

184 1215 450 1270 pecuniariae,
486 1214 626 1266 quibus
658 1213 717 1252 illi
747 1213 1014 1262 redimantur;
1048 1215 1212 1267 denique
1238 1215 1351 1256 bonis
1383 1215 1590 1268 dissipatis
1622 1214 1753 1256 exilia.
1812 1213 1866 1254 Et
1891 1213 1954 1266 33,-

186 1276 344 1329 quidem
375 1273 568 1326 incipiunt
599 1272 775 1324 irrogare
809 1273 956 1312 multas
987 1274 1248 1325 pecuniarias.
1301 1275 1379 1322 Qui
1411 1276 1601 1319 infantem
1634 1274 1686 1315 ad
1717 1272 1828 1314 verbi
1858 1271 1960 1314 min'

187 1342 312 1387 strum
342 1334 383 1374 in
417 1346 507 1373 arce
540 1332 672 1384 aliqua
697 1331 828 1371 vicina
854 1331 1061 1384 degentem
1089 1333 1228 1382 defert,
1264 1334 1452 1387 baptismi
1477 1347 1611 1382 causa,
1646 1332 1710 1387 qui
1734 1332 1779 1375 S.
1801 1331 1926 1374 Coen
1950 1353 1953 1357 ·

185 1395 332 1448 accipit
363 1406 413 1433 ex
443 1392 694 1432 institutione
729 1389 918 1437 Christi,v
942 1391 1006 1443 qui
1038 1392 1244 1432 conciones
1274 1393 1539 1446 Evangelicas
1573 1393 1684 1442 adit3
1721 1392 1975 1446 ιῑκῄειειεπθΝ

184 1454 317 1495 laesit.
370 1451 448 1498 Qui
467 1451 670 1491 Psalmum
700 1449 805 1490 intra
835 1450 971 1490 urbem
1003 1456 1152 1499 cantat,
1186 1452 1248 1504 qui
1280 1453 1478 1504 postillas,
1512 1453 1577 1505 qui
1608 1451 1771 1492 Biblia
1794 1447 1973 1492 Luth

185 1526 302 1555 rana
333 1511 474 1564 legit,
508 1510 616 1550 urbis
637 1509 837 1549 territorio
859 1514 1030 1549 meretur
1050 1510 1187 1550 arceri.
1240 1510 1316 1557 Qui
1341 1512 1379 1552 in
1411 1512 1637 1553 coemiterio
1668 1523 1852 1564 pompam
1883 1510 1957 1563 Ιιοιζ

186 1578 294 1613 tatur
326 1572 377 1611 ad
414 1582 572 1623 preces,
613 1569 676 1621 qui
709 1568 892 1608 morienti
924 1569 1231 1609 consolationem
1264 1571 1460 1623 suggerit,
1500 1571 1734 1624 gravissime
1765 1577 1908 1624 peccat
1947 1592 1967 1603 a

187 1634 471 1683 πολυπραγμων
503 1634 579 1669 est.
630 1629 741 1669 Haec
774 1627 875 1667 enim
909 1627 1039 1667 omnia
1066 1634 1157 1668 sunt
1181 1629 1220 1668 in
1248 1630 1430 1671 decretis.
1480 1632 1642 1672 Nullum
1672 1630 1738 1671 hic
1769 1629 1941 1673 discrim

187 1692 292 1732 inter
311 1691 437 1731 civem
469 1694 510 1728 et
534 1687 757 1728 ministrum
777 1686 1077 1739 provincialium
1103 1687 1141 1726 in
1169 1689 1417 1730 exsecutione
1443 1697 1638 1731 servatur.
1688 1689 1790 1730 Mihi
1818 1688 1862 1730 inv
1887 1688 1944 1729 vi

189 1751 336 1791 dictam
370 1747 561 1789 contemti
592 1747 802 1787 ministerii
833 1745 956 1786 urbici
982 1745 1108 1785 multa
1143 1744 1195 1787 10
1220 1747 1456 1790 thalerorum
1483 1750 1632 1790 indicta
1656 1753 1746 1790 est:
1780 1747 1940 1789 dimidi

187 1810 370 1862 precibus
390 1807 551 1856 redemi,
584 1807 777 1859 reliquum
808 1805 916 1857 prius
949 1810 1036 1845 erat
1066 1807 1360 1856 praestandum,
1394 1820 1509 1860 quam
1539 1822 1698 1862 possem
1723 1807 1886 1849 filiolam
1916 1806 1927 1817 '

188 1870 291 1910 ferre
324 1867 547 1920 sepulchro.
609 1866 747 1914 Alius,
782 1865 886 1917 quod
916 1864 1103 1916 populum
1133 1870 1222 1904 erat
1252 1866 1483 1906 exhortatus
1514 1868 1552 1908 in
1584 1867 1832 1916 coemiterio,
1870 1865 1951 1911 nul

187 1928 388 1970 mentione
420 1926 640 1966 invidiosae
673 1938 831 1970 causae,
863 1924 1070 1964 teterrimo
1103 1936 1259 1963 carcere
1292 1925 1503 1966 detinetur.
1566 1927 1728 1968 Summa
1758 1927 1857 1968 haec
1889 1938 1946 1966 es-

190 2002 238 2028 ea
272 1988 357 2040 jam
389 1986 521 2035 dicta,
566 1985 747 2036 incepta,
793 1985 901 2024 facta
933 1988 1024 2022 sunt
1056 1996 1080 2021 a
1111 1983 1307 2034 principe,
1353 1988 1396 2023 ut
1425 1997 1502 2024 non
1531 1983 1775 2038 possit'sine
1807 1985 1931 2026 maxi

190 2047 250 2088 sui
288 2047 479 2098 despectu
518 2045 582 2084 vel
623 2057 741 2084 unum
773 2055 917 2083 annum
949 2042 1018 2082 ulli
1050 2041 1160 2081 verbi
1192 2042 1371 2082 ministro
1403 2043 1441 2082 in
1473 2043 1597 2084 tribus
1627 2045 1736 2086 hisce
1766 2042 1969 2099 provinc

190 2108 231 2147 in
257 2107 340 2146 ulla
359 2118 462 2153 arce,
498 2116 751 2156 quaecunque
778 2103 884 2154 jura,
917 2101 1087 2153 publica,
1121 2101 1280 2153 privata
1301 2103 1584 2153 praetendente
1603 2103 1731 2144 locum
1749 2105 1923 2157 relinque
1934 2099 1945 2142 ι
1966 2101 1970 2148 ᾗ

190 2168 252 2206 Ac
284 2165 361 2204 nisi
393 2164 683 2203 malesanorum
716 2162 913 2201 hominum
944 2161 1151 2200 conatibus
1190 2160 1358 2200 resistat
1387 2162 1604 2202 Austriaca
1635 2163 1863 2211 clementia,
1894 2163 1934 2216 ]’
1964 2158 1969 2164 ’

190 2226 229 2265 in
262 2224 506 2277 quorundam
537 2222 679 2262 animis
714 2221 915 2261 delineata
946 2225 1036 2260 sunt
1070 2225 1110 2260 et
1140 2220 1355 2273 martyria,
1377 2233 1449 2260 nec
1479 2226 1722 2274 temperatur
1753 2222 1802 2262 ab
1833 2234 1906 2274 ape

191 2283 577 2326 comminationibus.
638 2282 724 2322 Nec
757 2281 964 2333 quisquam
996 2279 1172 2328 dubitat,
1213 2280 1303 2331 quin
1337 2279 1371 2319 si
1401 2279 1441 2319 in
1472 2280 1579 2320 cives
1610 2286 1650 2321 et
1678 2281 1720 2321 in
1749 2285 1942 2333 metropo

189 2345 326 2384 valeat
357 2343 456 2382 haec
488 2342 730 2394 persecutio,
765 2340 941 2391 singulas
973 2351 1125 2391 quoque
1157 2339 1345 2379 nobilium
1377 2351 1508 2388 arces,
1540 2339 1724 2392 ipsosque
1756 2340 1856 2380 adeo
1898 2358 1905 2376 ·

191 2416 315 2452 ceres,
347 2402 491 2442 nedum
521 2401 719 2439 ministros
752 2404 986 2451 perreptura
1018 2398 1084 2437 sit.
1135 2398 1272 2437 Habes
1299 2398 1604 2438 delineationem
1623 2397 1792 2451 aiiquam
1818 2404 1912 2440 nost

190 2463 290 2503 tium
320 2473 461 2502 rerum.
526 2459 614 2505 Qua
646 2473 722 2499 non
754 2458 892 2498 ultimo
924 2462 1081 2497 tantum
1114 2462 1364 2509 argumente,
1398 2458 1470 2497 sed
1500 2462 1541 2497 et
1571 2457 1700 2497 medio
1731 2457 1898 2498 satisfac
1928 2476 1956 2493 x<

190 2528 299 2575 puto.
361 2521 486 2566 Nam,
529 2524 573 2558 ut
610 2532 711 2558 nunc
755 2517 910 2570 quidem
942 2516 1090 2556 habent
1130 2517 1304 2556 humana
1339 2516 1558 2568 praesidia,
1600 2516 1708 2556 nulla
1743 2529 1792 2556 ne
1823 2516 1915 2557 mini

192 2581 347 2634 quidem
379 2592 472 2632 spes
505 2584 568 2618 est
598 2579 634 2617 in
675 2590 888 2629 quoquam,
929 2576 1007 2616 nisi
1047 2576 1086 2615 in
1129 2576 1261 2616 armis.
1323 2575 1389 2615 Ad
1427 2588 1537 2615 arma
1573 2580 1703 2615 autem
1742 2575 1828 2628 quis
1864 2587 1942 2628 pm,

191 2640 355 2680 veniet?
415 2639 518 2680 Num
562 2637 751 2676 nobilitas
795 2641 934 2675 contra
976 2635 1223 2688 principem?
1283 2634 1513 2685 Disputatio
1557 2634 1708 2674 infinita
1752 2639 1828 2676 est.

192 2700 330 2748 video,
365 2695 464 2751 quae
496 2697 591 2737 mihi
621 2697 780 2749 privata
812 2708 903 2746 spes
936 2695 974 2734 in
1006 2694 1166 2746 publica
1198 2694 1426 2735 calamitate
1457 2693 1586 2744 possit
1619 2706 1718 2733 esse.
1772 2690 1929 2746 Nunq'u

194 2759 307 2798 salva
337 2762 472 2809 potest
504 2770 592 2796 esse
630 2769 693 2796 res
734 2754 954 2794 domestica
990 2754 1027 2793 in
1068 2753 1236 2806 publicis
1279 2751 1609 2804 grassationibus.
1670 2752 1812 2793 Filiam
1853 2765 1915 2792 me

195 2818 297 2868 quod
330 2817 494 2865 attinet,
535 2816 690 2867 opinor,
731 2814 833 2853 hanc
865 2827 952 2853 esse
985 2826 1114 2853 rerum
1146 2813 1305 2867 faciem,
1347 2815 1391 2851 ut
1421 2811 1527 2850 haud
1557 2816 1722 2863 gravate
1754 2824 1921 2852 consens

195 2876 276 2914 sint
308 2875 390 2926 ejus
423 2881 576 2915 tutores
609 2887 695 2914 cum
726 2885 847 2913 uxore
879 2885 980 2921 mea,
1015 2885 1114 2924 quae
1145 2872 1254 2911 illam
1286 2882 1416 2910 secum
1448 2870 1674 2911 abduceret.
1723 2871 1784 2910 At
1813 2869 1918 2910 offic‘·

193 2946 333 2982 meum,
367 2935 480 2986 quale
507 2934 626 2972 fuerit
645 2933 836 2973 hactenus
857 2932 940 2984 jam
973 2945 1073 2971 anno
1106 2934 1297 2978 vertente,
1332 2932 1427 2980 puto
1458 2933 1499 2968 te
1531 2930 1770 2983 perspicere.
1820 2929 1923 2970 hen.

194 2992 280 3032 usui
314 2997 403 3031 sunt
434 3005 554 3043 opera
584 3004 691 3039 mea;
725 2992 902 3044 quodque
933 2989 1118 3031 salarium
1144 3001 1272 3029 meum
1299 2987 1476 3028 obtinere
1497 3001 1558 3028 me
1583 2987 1798 3040 patiuntur,
1831 2986 1907 3028 fac
1919 2994 1927 3020 ι’

193 3063 270 3090 non
303 3056 385 3089 tam
411 3063 479 3101 spe
501 3056 736 3102 sequuturae
758 3063 806 3090 ex
827 3063 888 3090 me
908 3049 1107 3095 utilitatis,
1141 3060 1256 3100 quam
1287 3047 1556 3087 misericordia
1588 3053 1628 3087 et
1658 3051 1765 3087 metu
1795 3046 1920 3087 sinis
1972 3077 1980 3118 f

195 3109 500 3150 existimationis
530 3121 652 3162 penes
683 3121 754 3149 vos
785 3109 825 3148 in
856 3109 1032 3162 imperio.
1082 3107 1150 3148 Ad
1180 3106 1278 3147 haec
1310 3106 1344 3147 si
1371 3106 1411 3146 in
1439 3106 1575 3148 schola
1600 3106 1694 3147 mihi
1721 3103 1921 3148 laborand
1972 3121 1980 3150 .·

178 206 403 248 mutandus.
466 204 572 251 Quia
601 206 724 258 igitur
754 211 904 246 certum
934 219 1057 259 penes
1095 218 1167 246 vos
1214 205 1372 246 minime
1413 209 1519 255 erat,
1558 179 1880 246 inveteraturane
1923 202 1982 346 εἰξ
