2028 3242
879 97 989 139 caput
1010 96 1103 130 ΧΠ.
1815 95 1895 140 161

92 216 164 252 quo
190 207 431 240 conservatur
462 203 605 249 species
643 202 742 239 floris
781 206 822 238 et
847 214 1018 239 numerus
1058 202 1237 239 foliorum.
1293 204 1351 240 De
1379 205 1449 240 hoc
1478 205 1558 240 vide
1591 205 1760 252 epilogos
1786 205 1898 241 libro·

90 269 170 294 rum
193 257 257 294 IV.
284 261 326 292 et
350 257 396 292 V.
424 256 664 292 Harmonices
691 260 852 292 nostr-ae.
1048 270 1054 276 ·

196 307 239 357 f)
265 310 326 346 Ita
351 314 568 356 conceptum
595 313 654 345 est
678 309 750 345 hoc
776 313 1050 370 argumentum,
1077 314 1123 345 ut
1147 310 1275 345 audire
1302 310 1411 346 velim
1438 310 1628 357 physicos,
1658 310 1742 357 quid
1770 315 1900 346 contra

91 364 213 399 dicere
238 362 398 410 possint.
454 363 550 398 Nam
578 363 627 398 sb
659 361 718 398 his
751 362 803 398 25
831 363 937 398 annis
976 373 1082 398 nemo
1119 363 1212 409 quod
1245 362 1357 399 sciam
1393 363 1536 405 extitit,
1578 363 1639 410 qui
1670 363 1761 398 illud
1789 375 1900 399 excu-

90 419 201 453 teret.
256 418 310 452 Δι
333 427 392 451 me
431 416 569 451 candor
598 415 700 450 solus
726 418 869 456 movet,
909 419 953 450 ιιι
991 415 1072 462 ipse
1099 415 1296 452 excutiam.
1352 416 1463 451 Vides
1492 415 1608 463 igitur
1637 416 1775 459 lector,
1816 417 1901 464 quid

90 463 287 505 voluerim.
328 472 493 504 centrum
519 468 638 504 solum
663 478 748 503 esse
775 469 871 515 quod
897 467 1014 514 primo
1041 467 1140 504 circa
1165 467 1287 504 Solem
1315 473 1455 516 agatur
1494 469 1531 504 in
1558 480 1708 516 gyrum:
1750 469 1784 504 id
1812 481 1901 504 vero

89 520 151 558 vel
177 521 258 558 solo
283 526 377 558 ιιιιιιι
401 521 482 558 fleri
506 530 629 567 posse,
658 531 739 556 cum
765 531 884 568 grave
911 532 984 556 non
1013 521 1081 562 sit,
1108 524 1153 557 ut
1179 521 1285 567 cujus
1314 532 1400 567 pars
1429 522 1545 558 nulla.
1602 523 1708 557 Hanc
1734 522 1901 568 proposi-

90 576 228 613 flens-
251 584 327 611 βοιι
352 578 479 621 putent
504 573 591 610 mibi
619 573 763 620 eripere
793 573 994 620 physicus,
1023 574 1084 621 qui
1112 575 1320 616 contendit,
1349 577 1444 622 quod
1474 575 1532 610 hic
1560 575 1742 621 sequitur,
1781 576 1902 610 omnia

91 632 255 664 cattum
273 627 387 675 sequi.
440 627 492 662 Et
521 627 611 673 quia
626 627 785 673 vulgata
802 627 970 662 doctrina
1007 627 1165 673 physica
1194 633 1300 664 tenet
1329 628 1398 663 hoc
1425 629 1470 663 de
1496 633 1622 663 centro
1641 628 1774 669 mundi,
1808 629 1902 674 quod

92 691 215 720 m
242 681 378 728 gravia
407 679 443 716 id
474 686 640 715 centrum
665 685 863 726 quaerant,
895 680 977 715 ideo
1004 681 1213 716 existimavi
1240 692 1314 728 ego
1343 692 1453 727 posse
1476 681 1612 728 gravia
1637 682 1764 716 eadem
1789 692 1905 727 opera

90 738 255 771 caum
271 733 329 771 sui
347 733 508 780 corporis
539 744 729 780 quaerere.
783 734 920 769 Verum
950 733 988 768 in
1007 733 1196 780 Epitomes
1213 734 1472 770 Astronomiae
1491 734 1556 770 lib.
1582 735 1615 770 1.
1644 734 1902 775 demonstravi,

0 789 7 831 ,ῖ
90 787 225 824 salam
253 797 338 823 osso
366 786 437 822 hoc
466 786 700 832 physicorum
720 786 887 827 axioma,
919 788 1016 833 quod
1044 787 1179 834 gravia
1206 792 1388 833 quaerant
1421 787 1538 823 ullum
1556 793 1720 822 centrum
1750 792 1794 822 ut
1812 787 1902 828 tale,

0 834 6 844 ”
91 839 325 877 bisintinum
343 840 438 887 quod
457 844 619 875 centrum
639 839 754 875 totius
773 839 913 886 mundi3
934 850 1070 881 verum,
1099 841 1163 875 sed
1182 851 1251 886 per
1269 840 1447 883 accidens,
1475 841 1569 888 quod
1595 845 1761 876 centrum
1780 840 1903 875 Tellu-

92 893 142 933 ris
158 896 353 942 appetant,
386 904 458 928 ιιοιι
477 903 585 939 quam
605 892 640 927 id
658 897 833 939 punctum
851 897 923 933 est.
955 893 1019 928 sed
1039 893 1125 940 quia
1144 904 1275 940 corpus
1295 893 1453 929 Telluris
1473 898 1672 940 appetunt;
1707 894 1802 940 quod
1823 905 1902 928 cum

92 943 143 983 sii
156 946 363 988 rutundum,
395 957 444 981 ex
463 957 509 980 eo
527 945 616 987 fieri,
650 949 693 980 ut
711 946 932 992 appetentia
951 945 1024 981 ista
1043 946 1187 981 feratur
1204 957 1332 982 versus
1351 947 1516 988 medium,
1546 951 1585 981 et
1604 946 1655 981 sic
1674 957 1801 982 versus
1822 958 1904 981 cen-

18 1015 19 1018 *
91 994 206 1041 ιιιιιις
228 998 329 1044 'adeo
359 998 514 1046 quidem,
544 1001 597 1034 ut‘
617 998 647 1033 si
666 998 783 1034 Terra
814 998 973 1045 figuram
1005 999 1163 1034 haberet
1190 999 1380 1042 distortam
1412 999 1648 1041 sensibiliter,
1681 999 1814 1046 gravia
1832 1011 1907 1034 non

14 1053 16 1057 ’
90 1061 219 1088 venus
248 1063 360 1088 ιιιιιιιιι
387 1051 546 1098 undique
575 1055 749 1097 punctum
780 1056 933 1088 tensura
963 1051 1111 1087 fuerint.
1179 1053 1259 1087 Hoc
1295 1053 1412 1099 igitur
1441 1053 1676 1088 fundamento
1712 1059 1904 1101 corruente

17 1141 18 1144 ,
92 1109 280 1142 structura
297 1104 410 1140 etiam
428 1104 609 1140 evertitur
626 1104 712 1139 huic
729 1104 853 1140 nimia.
911 1105 1061 1140 Scilicet
1078 1116 1234 1151 corpora
1263 1106 1498 1151 planetarum
1516 1107 1553 1141 in
1571 1110 1671 1141 motu
1700 1117 1766 1140 seu
1785 1111 1904 1141 trans·

19 1193 20 1196 ,
93 1158 233 1195 latione
261 1158 319 1194 ni
345 1157 445 1194 uires
461 1157 583 1194 Solem
612 1169 684 1192 non
711 1163 799 1193 sunt
829 1158 1096 1194 consideranda
1125 1164 1168 1194 ut
1185 1164 1326 1204 puncta
1342 1159 1616 1199 mathematica,
1646 1160 1709 1194 sed
1734 1159 1845 1204 plane
1864 1164 1908 1193 ut·

17 1256 19 1258 q
93 1222 251 1258 corpora
272 1211 483 1253 materiata,
516 1216 556 1246 et
574 1221 655 1246 cum
674 1212 829 1257 quodam
839 1212 953 1257 quasi
980 1213 1142 1257 pondere
1161 1210 1223 1256 (ιιι
1252 1212 1290 1247 in
1319 1212 1414 1247 libro
1439 1214 1484 1247 de
1503 1213 1617 1247 stella
1635 1222 1732 1246 nova
1762 1209 1906 1257 scripsi)

22 1283 23 1286 =
90 1265 163 1303 hoc
187 1268 258 1307 est,
288 1264 327 1300 in
352 1269 530 1311 quantum
557 1267 644 1299 sunt
671 1264 846 1309 praedita
875 1264 1058 1300 facultate
1088 1264 1269 1300 renitendi
1299 1265 1413 1300 motui
1439 1265 1669 1300 extrinsecus
1700 1265 1807 1300 illato
1839 1275 1907 1310 pro

17 1361 20 1362 ⁷
90 1317 188 1354 nole
215 1317 377 1364 corporis
407 1321 449 1352 et
477 1317 662 1352 densitate
694 1317 885 1352 materiae.
940 1318 1035 1353 Nam
1056 1317 1143 1364 quia
1172 1318 1288 1353 omnis
1306 1318 1466 1354 materia
1497 1319 1543 1354 ad
1573 1318 1733 1364 quietem
1752 1317 1907 1352 inclinat

91 1370 131 1407 in
146 1370 230 1406 loco
246 1370 312 1406 mo
330 1369 367 1405 in
387 1381 459 1417 quo
477 1375 537 1405 est
556 1369 641 1412 (nisi
661 1381 792 1416 corpus
812 1369 969 1405 vicinum
987 1370 1023 1405 vi
1041 1370 1256 1417 magnetica
1273 1370 1377 1406 illam
1396 1373 1443 1406 ad
1463 1383 1502 1406 se
1517 1368 1688 1413 alliciat),
1708 1371 1794 1407 hinc
1813 1371 1905 1405 adeo

25 1451 27 1455 ,
91 1423 145 1466 fit,
164 1427 207 1459 ut
225 1422 343 1459 virtus
361 1422 457 1459 Solis
475 1422 632 1458 motoria
659 1427 804 1470 pugnet
824 1434 902 1458 cum
933 1423 1004 1458 hac
1022 1423 1158 1459 inertia
1183 1424 1374 1466 materiae,
1407 1424 1502 1459 sicut
1529 1424 1567 1459 in
1596 1424 1704 1459 lance
1735 1429 1907 1471 pugnant

27 1488 29 1493 ·
92 1477 164 1512 duo
191 1477 368 1523 pondera.
396 1487 518 1522 exque
550 1480 789 1522 utrarumque
808 1475 939 1511 virium
967 1476 1205 1522 proportione
1236 1478 1383 1512 tandem
1414 1482 1612 1513 enascatur
1641 1477 1813 1512 celeritas
1846 1476 1907 1511 vel

19 1543 28 1565 ε
93 1527 253 1584 tarditas
282 1529 472 1575 planetae.
526 1528 620 1563 Vide
650 1528 952 1564 introductionem
983 1529 1019 1564 in
1052 1530 1250 1565 Comment
1284 1530 1428 1573 Martis,
1458 1535 1497 1566 et
1527 1530 1610 1576 ipsa
1637 1529 1908 1565 Commentaria

93 1578 251 1631 pas-inu
280 1582 480 1628 praecipue
506 1593 593 1617 vero
624 1581 757 1617 librum
788 1582 850 1617 IV.
878 1582 1068 1628 Epitomes
1099 1583 1370 1619 Astronomiae.

68 1631 71 1634 ⁴
197 1634 329 1682 Reque
358 1639 482 1670 tamen
512 1647 562 1670 ex
592 1647 637 1669 eo
668 1635 852 1681 sequitur,
891 1637 986 1681 quod
1017 1635 1076 1671 hic
1107 1647 1176 1682 per
1206 1637 1340 1672 falsam
1369 1636 1687 1672 ratiocinationem
1719 1603 1907 1670 amolitum

27 1731 28 1734 Ἴ
94 1688 206 1730 ibon
233 1687 362 1724 duffio·
396 1692 437 1724 et
464 1688 670 1723 titubantes
702 1688 852 1723 motoris
870 1699 1021 1735 gressus
1041 1689 1147 1731 effici,
1177 1690 1207 1724 si
1226 1690 1376 1726 laborat
1403 1690 1440 1724 in
1466 1691 1638 1735 pondere,
1668 1689 1851 1735 vincitque
1870 1689 1907 1723 in

25 1750 36 1778 ’ξ’
87 1751 236 1789 μειβ.
290 1741 385 1777 Nam
402 1745 510 1776 certa
528 1746 568 1776 et
587 1746 760 1776 constans
780 1746 839 1776 est
868 1742 1057 1787 proportio
1075 1742 1204 1777 virium
1235 1743 1332 1778 inter
1350 1754 1389 1777 se
1416 1749 1663 1788 utrarumque,
1697 1747 1736 1776 et
1753 1742 1909 1776 victoria

30 1791 39 1830 ἶ,
94 1793 294 1841 partibilis,
321 1805 389 1840 pro
407 1793 536 1830 virium
558 1795 722 1834 modulo;
752 1799 794 1829 ut
813 1806 931 1840 neque
949 1796 1133 1841 planeta
1122 1807 1160 1830 ιιι
1179 1797 1304 1830 eodem
1323 1795 1480 1831 haereat
1499 1796 1590 1836 loco,
1611 1806 1729 1842 neque
1754 1794 1907 1830 rotatio-

45 1855 46 1858 ’
96 1847 152 1883 nis
170 1846 311 1883 Solu-is
329 1847 557 1882 celeritatem
577 1852 810 1894 assequatur.
854 1851 1038 1894 (Compara
1062 1863 1136 1886 eum
1160 1853 1212 1886 his
1237 1863 1322 1895 quae
1348 1853 1547 1895 Copernicus
1573 1853 1615 1885 de
1638 1853 1803 1896 gravitate
1827 1852 1908 1885 dixit

44 1911 60 1918 -
94 1897 531 1942 b,Bevol.coelestium“
557 1899 614 1931 lib.
640 1899 675 1936 1,
701 1909 775 1941 cap.
803 1897 854 1938 9.)

35 1980 50 1994 .„
200 1945 248 1994 ε)
276 1947 484 1983 Manifestis
503 1947 765 1993 experimentis
790 1948 860 1982 hoc
885 1947 1019 1983 falsum
1038 1949 1332 1994 deprehenditur.
1387 1949 1556 1984 Pondera
1579 1948 1730 1984 seorsim
1756 1948 1903 1990 ferrum,

4 2044 8 2050 Α
27 1998 66 2045 {s
97 2001 249 2036 :eornm
266 2004 549 2050 et-msgnetem
578 2001 714 2047 collige
733 2001 926 2046 pondera'
916 2013 954 2036 ιιι
971 2012 1081 2036 unam
1100 2013 1285 2037 summam.
1342 2002 1596 2048 Suspendatur
1620 2002 1749 2037 deinde
1770 2002 1903 2036 ferrum

98 2058 316 2100 amaguete
333 2053 371 2088 vi
400 2053 469 2088 illa
499 2053 691 2094 invisibili;
722 2065 875 2100 magnes
905 2065 992 2088 vero
1024 2059 1195 2090 nectatur
1225 2066 1250 2090 a
1279 2056 1385 2090 lance
1415 2059 1482 2090 aut
1506 2054 1701 2100 injiciatur,
1734 2055 1821 2101 quia
1851 2054 1905 2088 vis

39 2107 46 2127 ·'
98 2111 267 2152 pes-meat
284 2106 437 2148 lancem,
471 2106 502 2141 si
521 2118 594 2141 non
612 2107 662 2142 sit
679 2107 822 2142 ferrea:
850 2107 1001 2148 videbis,
1031 2113 1251 2154 magnetem,
1284 2110 1367 2143 dum
1386 2112 1472 2143 actu
1490 2113 1594 2143 tenet
1613 2113 1813 2144 attractum
1833 2107 1906 2142 fer-

98 2170 191 2201 rum,
222 2169 342 2205 aeque
370 2161 656 2204 ponderaturum
690 2160 867 2206 utrisque,
896 2160 998 2205 prius
1030 2161 1079 2195 ab
1109 2161 1261 2196 invicem
1293 2162 1490 2207 separatis:

46 2253 51 2256 ⁵
206 2210 248 2255 h)
296 2212 379 2247 Non
419 2212 608 2258 equidem,
654 2214 749 2258 quod
792 2213 950 2248 influxus
987 2213 1167 2248 coelestes
1210 2214 1402 2261 indigeant
1444 2214 1570 2260 aliqua
1611 2214 1790 2255 materia,
1836 2224 1909 2259 qua

31 2261 44 2268 ι’
101 2266 150 2301 ad
177 2275 245 2300 nos
277 2264 529 2305 deminutum
561 2265 695 2300 falsum
731 2265 825 2299 enim
857 2270 916 2300 est
946 2266 1041 2300 illud
1066 2267 1279 2301 Aristotelis
1294 2294 1302 2307 ‚
1334 2271 1423 2302 aere
1455 2278 1546 2312 opus
1576 2278 1659 2302 esse
1690 2268 1735 2301 ad
1770 2267 1908 2301 sensio·

100 2314 184 2353 ιιέιι
213 2317 375 2364 corporis
403 2317 542 2352 solaris
572 2319 894 2363 transportandam
925 2329 1041 2364 usque
1073 2321 1119 2353 ad
1151 2320 1306 2360 oculum,
1340 2324 1381 2354 ut
1411 2320 1448 2354 in
1469 2320 1609 2365 Opticis
1641 2319 1907 2354 demonstravi:

22 2409 32 2414 ,
102 2370 191 2418 quin
214 2370 356 2416 potius,
398 2381 468 2416 quo
506 2370 624 2405 minus
653 2370 809 2405 occurrit
848 2371 1026 2406 materiae
1064 2372 1101 2406 in
1128 2372 1259 2407 itinere
1286 2373 1421 2414 medio,
1462 2373 1532 2407 hoc
1570 2372 1686 2407 minus
1714 2372 1910 2417 impeditur

50 2420 66 2437 '³
101 2423 170 2459 lux
195 2423 234 2459 in
260 2423 479 2469 injectione
508 2434 587 2458 sua.
642 2424 722 2458 Hoc
750 2423 866 2468 igitur
899 2424 969 2458 sibi
995 2425 1127 2459 volunt
1157 2426 1231 2459 ista
1263 2426 1399 2460 verba:
1441 2425 1535 2460 sicut
1563 2435 1718 2470 corpora
1744 2437 1817 2459 non
1844 2424 1908 2458 im-

54 2468 63 2496 2,
101 2475 267 2522 peditat,
295 2488 365 2522 quo
392 2476 510 2511 minus
537 2476 696 2510 influxus
725 2476 905 2510 coelestes
933 2477 971 2511 in
999 2476 1127 2512 intima
1154 2483 1361 2522 penetrent,
1391 2478 1443 2512 sic
1461 2478 1572 2512 etiam
1598 2470 1772 2512 inotorias
1792 2477 1909 2511 facul-

12 2534 27 2540 ’·
104 2532 205 2564 tates
231 2529 498 2576 nonvindigere
526 2529 739 2574 corporibus
767 2528 950 2574 aliquibus
978 2530 1211 2571 intermediis,
1242 2531 1371 2576 quibus
1399 2530 1515 2565 veluti
1543 2530 1684 2565 catenis
1713 2535 1779 2564 aut
1797 2529 1910 2564 vecti·

12 2589 18 2595 ·
55 2591 70 2601 π’
103 2582 175 2618 lm
202 2583 382 2618 movenda
406 2582 642 2628 planetarum
671 2592 826 2627 corpora
851 2582 1094 2627 prehendant.
1148 2583 1291 2618 Ludere
1321 2583 1462 2629 placuit
1489 2583 1525 2617 in
1556 2595 1645 2617 voce
1674 2583 1770 2617 aeris
1797 2583 1911 2628 paulo

11 2629 19 2684 ’ἲ
59 2640 63 2641 ’
105 2635 295 2672 audacius.
351 2635 447 2675 Quid
473 2635 571 2670 orbis
599 2636 660 2669 vel
689 2635 856 2669 coelum?
912 2635 1006 2675 Quid
1034 2635 1102 2669 nisi
1131 2639 1223 2670 aer?
1276 2637 1327 2671 Et
1357 2637 1441 2682 quid
1470 2640 1559 2671 aer?
1608 2636 1701 2676 Quid
1729 2636 1798 2670 nisi
1826 2647 1909 2681 spe-

16 2698 22 2733 g
63 2687 179 2723 >sies
218 2688 466 2723 immateriata
502 2688 685 2733 corporis,
728 2689 822 2733 quod
855 2692 992 2722 motum
1033 2688 1195 2732 planetis
1224 2688 1355 2730 infert,
1396 2690 1434 2723 in
1468 2690 1666 2734 gyratione
1700 2689 1910 2723 versantis?

20 2743 23 2762 ⁴
78 2740 221 2786 ,¹²5Atqui
246 2741 410 2786 seposito
442 2741 528 2776 lusu
558 2742 798 2775 concedamus
834 2744 957 2775 aerem
990 2745 1154 2775 nostrum
1182 2752 1262 2775 esse
1292 2753 1422 2787 corpus
1451 2741 1702 2783 materiatum,
1744 2752 1910 2787 permea-

19 2824 24 2833 ,
70 2807 90 2835 j
107 2792 182 2828 bile
211 2804 236 2828 a
262 2793 504 2829 famltatibus
531 2793 767 2840 magneticis‚
808 2793 988 2834 motoriis,
1030 2794 1295 2835 calefactoriis,
1338 2794 1607 2829 illuminatoriis
1646 2799 1686 2829 et
1712 2795 1910 2829 similibus:

21 2869 24 2881 ᾗ
76 2851 151 2887 ,ut
176 2845 227 2881 sit
252 2857 371 2893 vapor
409 2858 483 2882 non
521 2851 602 2882 toto
639 2858 779 2894 genere
806 2846 987 2881 diversum
1027 2847 1076 2881 ab
1104 2851 1208 2887 aere,
1252 2849 1314 2882 sed
1344 2848 1477 2882 saltem
1515 2849 1704 2894 gradubus
1732 2847 1912 2892 crassitiei

88 2897 299 2935 distincm
328 2910 354 2935 β
378 2899 602 2935 circumfusis
632 2900 729 2935 aeris
758 2899 909 2945 campis.
