1982 3268
848 103 1062 138 Prooemium.
1801 78 1856 146 91

50 208 174 251 curii:
214 209 410 264 siquidem
441 223 606 252 necesse
637 216 703 251 est
742 210 904 251 minima
935 211 1175 252 consectari.
1236 210 1458 251 Meministi
1499 211 1540 251 in
1573 210 1703 252 tribus
1733 222 1857 263 supe-

50 268 218 310 rioribus
259 281 323 311 me
361 269 539 312 dividere
577 270 665 319 illa,
705 282 806 322 quae
845 270 883 310 in
915 275 1059 311 natura
1090 283 1116 310 a
1146 283 1190 310 se
1224 275 1360 310 mutuo
1397 270 1596 324 pendent,
1641 275 1859 322 propterea

50 328 153 382 quod
184 328 339 370 animae
369 334 514 369 natura
543 329 791 370 inimitabilis
824 335 900 370 est.
962 327 1858 397 ΠίΕ-[ςεείρτωφ0130ψὲξο1ουοξ11011ψο113111

50 387 325 430 lentitudinem
356 393 500 433 motus.
562 389 622 429 At
652 399 726 440 ego
758 387 1035 428 lentitudinem
1067 388 1131 428 vel
1170 380 1502 440 inaequalitatem
1531 394 1664 428 motus
1693 393 1857 439 praesto

15 497 17 499 ,
49 458 121 500 per
149 447 398 500 inaequalem
431 438 721 488 denticulorum
752 447 1066 499 magnitudinem
1097 452 1138 486 et
1164 446 1399 487 distantiam
1429 446 1469 487 in
1502 446 1603 486 rotis
1633 446 1754 486 trium
1786 459 1856 487 su-

49 504 261 558 periorum.
325 505 478 547 Deinde
509 506 734 559 digressum
774 506 963 559 planetae
993 511 1158 558 praesto
1190 519 1261 559 per
1292 505 1410 546 orbes
1442 510 1485 545 et
1515 505 1730 545 curvatilia
1759 505 1856 545 bra-

49 563 166 613 chia,
199 565 340 618 quibus
370 565 536 618 planeta
566 565 912 617 circumgestatur.
978 566 1022 606 ln
1044 565 1204 606 Venere
1236 571 1278 605 et
1309 567 1338 615 ζὲ
1369 564 1515 617 duplex
1535 570 1600 604 est
1629 563 1858 616 hujusmodi

49 623 317 676 inaequalitas
360 630 404 664 et
434 629 565 664 motus
606 630 649 664 et
680 624 918 673 distantiae,
965 636 1043 665 uua
1073 625 1222 676 pendet
1254 637 1278 664 a
1309 623 1456 673 Terra,
1502 623 1632 664 altera
1673 623 1724 662 ab
1755 623 1858 675 ipsis

50 681 225 724 orbibus.
287 683 498 732 Dubitavi‚
533 683 728 737 quomodo
762 688 930 736 utraque
965 684 1019 723 sit
1049 683 1307 736 praestanda.
1368 682 1489 732 Dico,
1526 694 1600 734 pro
1632 681 1856 735 inaequali-

0 747 2 784 ἶ
51 746 137 782 tate
162 746 292 782 motus
324 742 528 795 utriusque
560 749 770 795 utrumque
803 742 927 782 etiam
961 742 1149 783 circulum
1181 748 1224 783 et
1255 741 1418 782 actricis
1449 746 1492 782 et
1516 746 1630 782 rotae
1661 741 1856 793 inaequa-

52 800 145 841 llter
174 800 441 842 dividendum.
503 802 562 843 Ut
593 813 688 842 vero
722 801 844 842 etiam
877 814 998 854 supra
1031 802 1069 842 iu
1103 801 1237 854 operis
1268 800 1372 841 facie
1404 800 1564 852 gemina
1595 800 1858 852 digressionis

0 872 6 901 ὲ,
50 859 317 912 inaequalitas
349 860 603 914 respondeat,
636 860 675 900 id
708 860 909 901 difficilius
941 867 1017 900 est.
1069 860 1331 901 Tutissimum
1362 865 1511 908 tamen,
1543 865 1588 899 ut
1614 859 1858 899 cohaereant

0 916 4 968 ξ
50 918 183 959 omnia
213 931 380 972 corpora
411 925 453 960 et
483 919 621 967 orbes,
654 931 725 959 nec
756 920 883 960 Terra
912 919 1187 960 circumvehat
1206 919 1442 966 interiores,
1474 923 1519 959 ut
1549 918 1726 970 proxime
1758 930 1855 958 cen-

0 982 4 1024 {
51 990 221 1019 sueram.
282 978 328 1019 In
360 978 559 1019 Mercurio
603 984 736 1019 autem
767 978 884 1019 alteri
924 979 1162 1030 digressioni
1204 978 1346 1019 melius
1378 977 1554 1019 succurri
1595 982 1754 1029 potest,
1799 988 1857 1017 sc.

49 1047 123 1089 per
153 1037 451 1092 ampliationem
482 1044 526 1078 et
550 1037 865 1078 contractionem
899 1037 1019 1078 orbis.
1083 1038 1313 1079 Potuissem
1344 1037 1444 1077 haec
1470 1037 1555 1090 jam
1581 1037 1783 1085 omittere,
1816 1041 1860 1076 ut

9 1147 11 1150 Ι
51 1095 178 1137 adhuc
210 1095 444 1150 imperfecta
481 1104 524 1137 et
559 1097 688 1137 minus
720 1097 760 1137 in
793 1109 913 1150 opere
947 1097 1035 1149 ipso
1067 1098 1317 1138 necessaria:
1357 1097 1428 1137 sed
1455 1096 1619 1149 scripsi,
1662 1101 1706 1136 ut
1737 1095 1859 1135 testi-

2 1159 8 1196 1
50 1156 222 1196 monium
253 1160 390 1196 essent
418 1169 532 1196 meae
565 1169 696 1199 curae.

143 1247 189 1288 (E
212 1249 316 1283 lituis
340 1250 373 1284 d.
398 1250 429 1282 d.
457 1249 515 1282 21.
540 1251 627 1293 Aug.
659 1242 775 1289 ¹5⁹8.)
802 1268 846 1276 -
872 1249 971 1289 Dein,
999 1249 1030 1282 d.
1060 1248 1094 1282 9.
1121 1249 1205 1283 Dec.
1235 1247 1338 1288 1598.
1363 1250 1448 1283 haec
1474 1250 1652 1283 subsecuta
1675 1253 1773 1282 sunt:

170 1390 394 1432 Mercurius
425 1397 517 1432 tuus
550 1391 713 1440 aberrat
737 1397 995 1432 constanter:
1028 1403 1150 1444 quare
1168 1391 1273 1440 vide,
1308 1403 1384 1443 quo
1413 1396 1533 1443 pacto
1565 1395 1696 1430 motus
1727 1389 1860 1442 longi-

54 1449 204 1490 tudinis
235 1449 470 1502 corrigatur.
532 1449 639 1490 Ecce
673 1450 776 1490 enim
808 1451 858 1491 ad
890 1451 1029 1491 literas
1061 1463 1161 1502 quas
1192 1448 1231 1491 4.
1257 1449 1355 1491 Julii
1387 1450 1599 1502 scripsisti,
1632 1461 1721 1490 cum
1752 1453 1863 1489 esset

53 1507 240 1562 Augusto
285 1520 420 1550 mense
463 1509 805 1562 respondendnm,
852 1519 989 1549 mense
1019 1509 1231 1550 Decembri
1269 1509 1518 1562 respondeo;
1562 1521 1661 1561 quas
1694 1507 1860 1549 Octobri

18 1578 21 1579 ⁷
53 1567 188 1608 mense
219 1568 356 1621 procul
388 1568 507 1608 dubio
539 1568 751 1621 scripsisti,
784 1569 836 1609 ad
869 1581 967 1621 quas
993 1568 1115 1609 etiam
1140 1569 1214 1609 hoc
1234 1568 1444 1609 Decembri
1465 1580 1700 1620 responsum
1723 1566 1860 1620 procul

54 1625 179 1667 dubio
204 1633 420 1680 expectas,
467 1627 678 1668 dummodo
710 1628 953 1675 reddantur,
996 1627 1304 1680 respondebitur
1341 1627 1516 1667 fortasse
1557 1626 1612 1675 (si
1643 1626 1731 1666 Deo
1767 1625 1859 1678 pla-

23 1694 27 1698 ’
52 1685 179 1726 cuerit
207 1698 271 1727 me
302 1685 501 1737 tantisper
530 1687 699 1736 vivere),
732 1699 867 1727 mense
887 1687 1054 1727 Martio.
1102 1686 1254 1727 Misisti
1286 1684 1327 1728 4.
1348 1685 1446 1727 Julii
1478 1687 1652 1737 scriptas
1683 1685 1859 1726 Ulmam.

29 1740 137 1795 ,Eas
169 1745 334 1797 pertulit
363 1745 540 1786 Jacobus
572 1752 710 1786 noster
742 1747 916 1798 ignarus,
950 1752 1065 1786 erant
1097 1746 1201 1786 enim
1235 1746 1463 1798 implicatae
1495 1745 1654 1793 alteris,
1689 1756 1790 1797 quae
1822 1744 1860 1784 in

27 1794 303 1866 {carinthiam
323 1805 576 1857 spectabant.
622 1804 679 1846 Ut
708 1805 877 1845 venitin
899 1803 1165 1850 carinthiam,
1192 1805 1280 1858 jam
1311 1817 1447 1845 rursus
1478 1804 1572 1844 illac
1605 1815 1858 1850 ascensurus,

20 1860 338 1913 animadvertit
369 1858 555 1912 errorem,
590 1870 731 1915 aperto
763 1864 831 1904 illo
864 1865 1066 1904 involucro
1097 1876 1169 1916 per
1200 1877 1302 1912 eum,
1336 1863 1398 1904 cui
1422 1862 1673 1903 mittebatur.
1717 1862 1860 1913 Itaque

10 1917 196 1976 {literas
226 1926 317 1962 tuas
349 1922 504 1962 remisit
540 1922 579 1962 in
612 1921 815 1976 Styriam,
859 1923 945 1975 ipse
982 1923 1162 1975 perrexit
1198 1923 1237 1963 in
1269 1921 1487 1963 Sueviam:
1533 1921 1673 1974 opinor
1713 1926 1860 1967 tamen,

3 1966 134 2035 ffetsi
165 1980 386 2032 legitimum
420 1994 652 2033 responsum
684 1994 759 2022 non
792 1982 1013 2034 pertulerit,
1046 1981 1260 2034 pertulisse
1285 1987 1419 2022 tamen
1446 1981 1603 2021 abunde
1634 1980 1859 2021 verborum.

21 2019 102 2080 ἷῇἶ81
134 2038 227 2093 quid
260 2037 427 2080 Octobri
458 2053 593 2080 mense
626 2041 688 2080 vel
719 2041 936 2082 Novembri
970 2041 1190 2093 scripsisti,
1228 2041 1269 2080 id
1301 2041 1408 2081 scias
1439 2040 1537 2081 mihi
1567 2039 1740 2080 nondum
1771 2051 1861 2079 esse

14 2089 270 2154 >redditum
333 2099 438 2139 Nam
468 2099 727 2152 perlatorem,
761 2113 874 2152 quem
905 2099 1083 2140 Jacobus
1115 2099 1189 2140 tibi
1221 2099 1523 2152 designaverat,
1555 2111 1685 2139 rerum
1717 2110 1860 2138 conse·

2 2161 151 2211 >scuta
179 2157 436 2198 commutatio
468 2157 688 2198 absterruit
720 2159 797 2207 (uti
829 2159 988 2199 omnino
1018 2160 1137 2211 puto)
1169 2171 1218 2198 ne
1251 2157 1428 2212 Styriam
1460 2158 1748 2211 ingrederetur.

7 2211 61 2267 ’Ῐ
173 2214 216 2254 111
248 2216 442 2268 principio
475 2215 805 2257 Germanicarum
836 2218 1042 2258 literarum
1074 2230 1246 2257 errorem
1278 2229 1453 2269 agnosco
1487 2217 1709 2258 verborum.
1755 2214 1861 2256 Sen-

6 2270 125 2330 'js-..¹⁷⁸
155 2273 314 2314 omniuo
346 2275 477 2314 verbis
508 2276 588 2315 illis
621 2289 645 2314 a
676 2288 738 2315 me
769 2276 973 2329 usurpatis
1003 2276 1110 2316 inest
1140 2275 1261 2316 talis:
1293 2276 1414 2316 Velle
1432 2289 1495 2316 me
1521 2275 1736 2315 defendere
1765 2286 1861 2327 pro-

6 2335 228 2389 ’μέι1111111
266 2345 394 2373 11101111]
439 2346 573 2373 0013111
617 2339 671 2373 10.
733 2334 860 2386 Atqui
897 2335 1028 2375 hercle
1067 2347 1143 2375 non
1186 2334 1223 2374 id
1269 2334 1365 2375 mihi
1409 2335 1485 2375 fnit
1526 2334 1672 2383 animi,
1717 2332 1861 2373 abortii

53 2389 242 2448 sicquid
273 2391 313 2432 id
346 2397 411 2431 est
439 2392 663 2432 verborum.
727 2392 895 2433 Sensum
927 2394 1032 2434 enim
1062 2406 1151 2433 esse
1184 2393 1316 2442 volui,
1356 2393 1613 2446 suppeditare
1645 2405 1708 2432 me
1739 2403 1861 2444 prae-

42 2449 206 2504 'cepturi
237 2451 420 2502 exempla
450 2455 588 2490 vetera
621 2452 717 2498 (non
751 2451 910 2502 quidem
941 2452 1055 2504 qnasi
1086 2464 1285 2500 censeam,
1319 2452 1390 2492 illa
1413 2452 1598 2504 ignorare
1629 2457 1684 2500 te,
1716 2451 1789 2490 sed
1821 2456 1863 2489 ut

9 2519 17 2534 ²
39 2514 93 2541 -’·-
129 2507 283 2549 1110111111
315 2510 718 2558 commonefacerem
743 2509 1003 2563 ¹Erinneren.)
1037 2510 1176 2563 quibus
1204 2511 1398 2562 exemplis
1422 2523 1551 2551 meam
1572 2511 1718 2550 famam
1738 2508 1861 2549 Stuc-

0 2612 1 2622 ¹
55 2564 73 2613 ᾗ,
135 2567 215 2607 ι130
247 2574 388 2609 0011113
419 2569 732 2616 obtrectatores,
765 2568 799 2607 si
833 2569 897 2621 qui
929 2570 1031 2609 forte
1064 2569 1258 2617 existant,
1302 2570 1505 2610 defendat.
1568 2570 1708 2621 Itaque
1738 2567 1864 2607 verba

0 2627 13 2662 *ξ
44 2640 95 2664 01¹«
134 2626 290 2667 mehrer
320 2627 538 2667 Defension
571 2626 698 2667 meins
729 2627 962 2667 Fiirhabens
995 2627 1052 2667 sic
1084 2627 1354 2680 accipiantur,
1386 2628 1460 2668 das
1493 2628 1563 2668 der
1592 2628 1645 2667 Η.
1677 2627 1725 2667 Ρ.
1757 2626 1861 2666 1110111

10 2683 252 2727 4011311011
297 2685 412 2725 desto
455 2686 595 2726 besser
634 2685 839 2726 defendirn
884 2686 1053 2726 khsnde.
1117 2685 1199 2726 Sed
1241 2686 1343 2726 bene
1388 2687 1547 2734 fecisti,
1594 2686 1661 2738 qui
1701 2685 1863 2726 lituram

42 2740 243 2783 <ducere
274 2743 534 2785 incommodis
565 2745 656 2785 istis
686 2744 819 2784 verbis
852 2744 1046 2784 statuisti.
1110 2745 1273 2785 Utinam
1306 2758 1402 2785 sane
1440 2745 1629 2785 feceris?
1672 2743 1863 2785 Ceterum

11 2846 34 2850 ⁴
62 2851 67 2856 ἱ
97 2821 101 2830 ·
161 2815 238 2841 11110
271 2805 472 2852 σφαλματι
503 2809 689 2855 excepto,
723 2803 836 2843 vides
868 2803 966 2855 ipse,
1001 2803 1220 2843 consultius
1253 2804 1390 2850 fuisse,
1420 2808 1466 2843 ut
1495 2809 1536 2843 te
1569 2803 1794 2856 alloquerer
1822 2803 1860 2843 in

58 2875 77 2910 2³
91 2858 130 2900 la
159 2860 343 2912 epistola,
376 2874 491 2914 quem
522 2862 644 2902 etiam
673 2862 858 2914 princeps
880 2862 1182 2914 alloquebatur:
1215 2868 1273 2910 ut,
1306 2862 1491 2914 quoniam
1522 2874 1596 2914 ego
1629 2875 1654 2902 a
1683 2861 1861 2915 principe

85 2930 130 2958 ··r
147 2924 189 2958 te
209 2918 495 2960 internuncium
522 2921 813 2972 interrogabar,
845 2920 1031 2973 princeps
1063 2920 1182 2960 etiam
1214 2934 1239 2960 a
1265 2933 1327 2960 me
1346 2933 1580 2973 responsum
1598 2933 1670 2973 per
1694 2921 1862 2961 eundem

76 2999 98 3017 μ
132 2976 312 3018 haberet.
374 2977 517 3019 Sciunt
547 2991 710 3027 omnes,
748 2991 824 3019 non
858 2991 947 3018 esse
979 2979 1154 3019 literatis
1184 2979 1224 3019 in
1256 2992 1365 3019 more
1402 2979 1602 3032 positum,
1645 2979 1863 3021 vernacula

83 3039 172 3095 jsra
200 3034 286 3076 uti:
330 3048 403 3076 nec
433 3037 600 3078 obscure
631 3037 871 3089 conjiciunt,
916 3036 1086 3089 principi
1115 3050 1177 3077 me
1209 3037 1318 3077 dicta
1349 3038 1479 3087 velle,
1525 3050 1625 3092 quae
1657 3039 1732 3078 tibi
1763 3038 1858 3078 dixi.

66 3093 417 3142 λη’.001111111113110111
447 3108 650 3143 numerum
680 3096 962 3137 claviculorum
994 3095 1142 3136 attinet
1173 3096 1211 3136 in
1243 3097 1343 3144 rotis
1362 3097 1548 3147 Veneris,
1580 3096 1766 3141 existimo
1798 3109 1859 3139 me
