2028 3242
614 87 658 120 «ιο
691 86 888 121 cnon-imo
910 89 945 122 in
980 97 1105 122 mm
1134 88 1323 123 mxcix.
1777 87 1864 133 415

68 191 247 244 quae-in
280 191 349 234 his
382 192 557 245 planetis
598 193 823 234 rectissime
859 194 1090 247 negligitur.
1154 193 1308 246 Opinor
1343 208 1371 235 a
1399 195 1555 235 nemine
1595 208 1659 236 me
1695 197 1864 237 refutari

66 260 203 301 poete,
218 250 312 291 'nisi
335 249 400 291 ab
425 251 775 292 observationibus
805 252 1012 304 ejusmodi,
1043 253 1084 293 in
1116 253 1258 306 quibus
1288 253 1458 295 decursu
1489 266 1637 294 arenae
1668 260 1863 295 constan-

64 303 445 350 tineimoffaestivus
495 316 536 350 et
573 310 760 351 hibernus
797 311 883 352 dies
919 316 1209 357 mensurentur.
1270 312 1358 352 Hoc
1396 325 1497 365 opus
1535 312 1601 354 hic
1639 312 1754 354 labor
1785 319 1861 355 est.

62 364 186 411 Modo
214 380 266 409 ne
294 369 385 422 quis
416 381 478 409 me
503 369 635 410 rideat
665 369 857 410 coelestia
887 371 1145 413 terrestribus
1175 370 1420 411 metientem.

102 448 135 471 -ie
179 425 299 470 Enoc
335 427 389 468 ad
410 427 504 480 Dig.
535 427 582 470 T.
614 428 756 470 literas
792 430 1034 481 respondere
1064 429 1186 478 volui,
1217 429 1474 470 vehementer
1504 434 1639 471 antem
1669 442 1763 479 oro,
1806 431 1862 472 uti

62 484 349 527 chaeur-itatem
378 486 497 535 hanc,
524 499 626 539 quae
653 486 752 527 mihi
782 487 1072 540 quodammodo
1101 493 1278 529 connata
1308 495 1385 536 est,
1415 493 1460 528 et
1483 488 1709 530 exilitatem
1730 490 1862 542 scrip-

63 543 186 585 tionis
217 544 315 585 boni
344 545 542 596 consulat,
573 557 715 599 meque
746 545 824 587 sibi
848 558 973 599 porro
1005 547 1322 588 commendatum
1353 547 1517 587 habeat.
1579 547 1697 588 Vale.

0 599 1 603 ’
179 600 251 647 29.
280 603 400 646 Janu.
432 617 536 646 anno
567 601 639 647 99.
1088 605 1149 647 M.
1175 611 1224 647 et
1251 606 1303 646 D.
1338 606 1391 647 V.
1424 606 1804 648 observantissimus

1251 665 1310 704 Μ.
1343 664 1414 706 Jo.
1445 663 1625 719 Kepler,

1177 722 1222 764 S.
1255 722 1300 763 S.
1333 724 1380 765 P.
1414 724 1741 765 Mathematicus:

0 818 1 824 =
181 800 234 833 Ad
265 800 352 834 haec
394 802 562 843 respondit
584 803 834 838 Hervartus
868 805 899 837 d.
928 803 982 836 10.
1006 803 1107 837 Mart.
1141 802 1198 837 ⁹⁹.
1231 803 1384 847 (Kepleri
1418 805 1636 849 marginalia.
1672 805 1861 839 exhibenn'a

58 856 248 889 responsum
272 848 487 890 deperditum,
513 850 778 893 adscripsimus):
1655 861 1658 863 ’

178 906 230 939 Ex
253 906 355 939 literis
378 909 443 940 tuis
467 909 625 946 intellexi,
649 919 715 952 qua
739 911 865 942 ratione
885 910 1083 942 anomaliam
1099 910 1188 942 illam
1206 910 1385 951 eclipsium‚
1409 920 1508 952 quam
1523 910 1767 944 observationes
1784 922 1854 944 mo·

66 952 192 986 demae
216 963 297 996 pne
320 964 356 986 se
380 955 464 987 ferre
488 956 648 996 videntur,
672 958 799 989 salvare
824 958 959 990 coneris.
1010 956 1077 990 Sed
1101 958 1197 989 simul
1222 957 1448 995 animadverti,
1474 966 1533 989 eas
1543 962 1583 994 ,te
1598 967 1862 1000 praesupponere

69 998 314 1033 observationes
338 1001 410 1034 loco
434 1002 651 1038 fundamenti.
678 1013 762 1047 quae
787 1004 864 1037 mihi
888 1005 1032 1046 proxime
1055 1005 1252 1047 praeteritas
1277 1004 1414 1046 eclipses
1438 1005 1624 1037 observanti
1647 1005 1744 1048 longe
1768 1006 1863 1039 aliter

57 1048 147 1080 visae
170 1047 312 1080 fuerunt.

173 1091 228 1125 29.
255 1094 350 1128 Dec.
376 1093 430 1127 91.
457 1096 488 1127 11.
524 1095 581 1128 16.
610 1095 670 1128 12’
704 1107 726 1130 a
748 1098 884 1130 meridie
908 1097 1089 1131 secundum
1113 1098 1259 1130 Tabulas
1282 1097 1476 1130 Prutenicas
1499 1098 1562 1130 fuit
1586 1099 1733 1131 maxima
1757 1099 1857 1141 eclip-

56 1141 101 1172 sis
124 1136 161 1182 D
188 1141 363 1184 digitorum
386 1140 416 1174 9.
445 1140 515 1175 ³7¹.
565 1145 611 1175 At
635 1144 858 1186 Alphonsinae
883 1145 965 1177 Tab.
991 1149 1121 1186 tempus
1144 1145 1230 1177 illius
1253 1145 1403 1178 defectus
1435 1146 1559 1178 tardius
1592 1144 1608 1176 1
1637 1145 1671 1178 11.
1697 1147 1858 1179 indicant.

56 1185 269 1226 (eratenim
285 1189 434 1222 meliores
451 1199 549 1232 quam
567 1190 818 1232 Alphonsinae.)
836 1209 874 1215 ——
905 1190 1133 1234 (Keplerus
1157 1193 1192 1224 in
1207 1193 1376 1235 margine:
1400 1191 1473 1224 Hoc
1489 1202 1543 1225 me
1560 1193 1743 1226 confirmat.
1770 1193 1857 1226 Nam

54 1234 89 1266 111
114 1237 177 1274 Θ,
210 1230 252 1276 ,ὃ
280 1234 370 1268 Prut.
398 1237 476 1269 nihil
502 1237 640 1277 errant.)

170 1280 228 1314 20.
254 1282 348 1315 Feb.
375 1281 433 1315 98.
460 1284 587 1325 eclipsis
613 1281 667 1326 Ξῖ,
704 1287 796 1326 cujus
828 1285 971 1318 m'edinm
994 1285 1192 1318 Prutenicae
1225 1289 1377 1318 statuunt
1399 1285 1432 1317 h.
1462 1284 1516 1316 17.
1543 1284 1596 1324 8¹,
1631 1287 1857 1329 Alphonsinae

53 1328 84 1360 h.
108 1327 160 1360 18.
176 1327 233 1361 43.
276 1329 430 1363 Ceterum
455 1336 544 1363 totus
559 1332 655 1372 hujus
673 1333 803 1374 eclipsis
816 1343 929 1365 cursus
948 1342 1063 1374 parum
1078 1342 1100 1364 a
1115 1333 1290 1365 Prutenico
1317 1332 1443 1365 calculo
1461 1333 1624 1370 dissensit.
1649 1335 1693 1366 ab
1709 1334 1858 1376 Alphon-

53 1376 124 1408 sino
146 1385 245 1463 qua13
268 1376 451 1419 plurimum.
477 1394 522 1402 -
559 1377 714 1421 (Kepl.:
750 1380 844 1412 Haec
878 1380 1007 1422 eclipsis
1041 1381 1173 1422 integra
1205 1389 1253 1412 cc.
1287 1379 1371 1412 hora
1404 1385 1522 1412 secuta
1562 1386 1613 1413 est
1644 1381 1856 1415 Protenicnm

168 1470 260 1504 Idem
282 1471 318 1503 iu
345 1471 455 1513 eclipsi
482 1468 530 1515 J.
566 1471 599 1505 9.
626 1474 719 1506 Feb.
748 1471 802 1505 99.
853 1473 1000 1506 Medium
1029 1473 1208 1505 secundum
1237 1473 1320 1506 Τ311.
1338 1473 1430 1506 Prut.
1447 1474 1480 1506 h.
1512 1473 1564 1506 17.
1585 1474 1642 1512 2’,
1672 1475 1731 1508 sed
1753 1476 1849 1517 Alph.

59 1517 113 1549 18.
131 1515 204 1550 41‘.
254 1517 365 1550 Nubes
389 1520 467 1551 mihi
485 1516 519 1561 D
550 1530 568 1552 e
592 1525 770 1562 conspectu
787 1522 984 1562 eripuerunt.
1036 1519 1193 1553 Concludi
1217 1520 1484 1553 concordantiam
1502 1531 1576 1553 cum
1592 1521 1684 1554 Prut.
1712 1532 1751 1554 ex
1769 1524 1854 1555 aeris

52 1565 260 1597 obscuritate.
285 1580 332 1586 —
366 1564 520 1608 (Kepl.:
550 1567 622 1610 Ego
647 1568 821 1600 manifeste
855 1567 1072 1609 deprehendi.
1101 1569 1254 1600 seriorem
1283 1567 1369 1600 hanc
1395 1568 1494 1601 fuisse
1517 1579 1615 1611 quam
1643 1569 1751 1611 prodit
1771 1570 1852 1602 Pru-

52 1612 181 1644 neuim
206 1613 283 1645 eim-
305 1608 347 1652 Ἰ.
373 1612 405 1644 11.
456 1613 582 1656 obtigit
606 1614 686 1647 mihi
709 1625 774 1646 nox
797 1613 942 1653 serena.)
1089 1622 1095 1627 '

169 1656 225 1690 23.
250 1660 343 1700 Apr.
371 1657 426 1690 95.
454 1660 587 1706 eclipsin
613 1658 648 1703 D
678 1662 768 1694 coelo
793 1671 908 1694 sereno
937 1662 1122 1697 observavi;
1162 1662 1255 1702 cuius
1278 1661 1420 1694 medium
1443 1672 1502 1704 per
1522 1663 1743 1705 Alphonsinas
1769 1665 1851 1697 inci-

51 1707 129 1740 dere
154 1706 267 1743 debuit
289 1706 321 1738 11.
348 1704 403 1737 16.
429 1705 510 1746 45’,
544 1709 723 1740 secundum
754 1709 945 1740 Pmtenicas
970 1708 986 1739 1
1015 1709 1047 1740 11.
1073 1709 1179 1740 citius.
1237 1708 1332 1740 Haec
1356 1709 1556 1750 Alphonsino
1607 1711 1733 1743 calculo
1766 1711 1851 1744 belle

51 1753 257 1796 respondisse
284 1754 413 1788 inveni,
442 1753 531 1786 Prut.
559 1757 758 1797 anticipasse
774 1757 842 1788 fere
863 1755 878 1787 1
897 1755 930 1787 h.
950 1757 1068 1797 spatio.
1096 1772 1139 1778 —
1167 1755 1326 1796 (Kep1.:
1351 1755 1425 1788 Hoc
1442 1767 1566 1788 rursum
1590 1768 1644 1789 me
1667 1758 1850 1791 confirmat.

49 1800 137 1834 Na‘m
153 1799 280 1841 eclipsis
304 1801 339 1832 111
355 1802 434 1841 Apr.
455 1801 552 1833 debet
567 1803 747 1835 secundum
763 1813 816 1835 me
833 1804 933 1835 serior
949 1812 1118 1844 apparere,
1136 1811 1235 1844 quam
1252 1803 1430 1835 secundum
1446 1804 1669 1843 Prutenicas.)

167 1845 311 1879 [Mart.
338 1845 394 1879 98.
420 1848 482 1880 ecl.
497 1846 556 1888 Q.
575 1850 799 1891 Alphonsinae
828 1856 956 1892 tempus
987 1851 1078 1882 visae
1107 1849 1244 1890 copulae
1269 1860 1329 1882 seu
1356 1851 1456 1882 medii
1485 1851 1618 1894 deliquii
1633 1852 1666 1884 11.
1687 1850 1754 1893 13].
1782 1858 1850 1886 tar-

49 1895 122 1928 &aa
144 1904 244 1937 quam
258 1893 368 1932 Prut.;
402 1897 539 1937 magnit.
558 1897 706 1930 defectus
735 1896 757 1928 8
782 1898 847 1940 dig.
875 1897 1071 1929 definierunt
1096 1895 1187 1936 (cum
1212 1897 1303 1929 Prut.
1329 1902 1436 1929 totum
1470 1898 1538 1931 fere
1569 1897 1612 1938 Q
1641 1900 1850 1933 obscuratum

49 1939 292 1981 ostenderent),
315 1942 423 1983 quoad
446 1947 618 1985 utrumque
644 1945 720 1977 illae
747 1945 844 1987 longe
867 1944 984 1977 melius
1006 1954 1104 1986 quam
1120 1943 1210 1975 Prut.
1229 1954 1364 1986 scopum
1381 1946 1531 1988 attigisse
1547 1947 1637 1978 visae
1654 1952 1741 1979 sunt.
1784 1947 1851 1980 Sed

48 1993 84 2022 tc
106 1990 141 2022 in
166 1989 239 2021 aliis
263 1988 374 2030 eclips-
396 1987 438 2028 Q
456 1991 564 2032 magis
578 1991 657 2022 'mihi
674 2001 803 2034 semper
820 2001 918 2034 quam
936 1993 970 2023 in
987 1991 1173 2024 Lunarihus
1192 1991 1345 2024 aberrare
1362 1991 1454 2024 Prut.
1473 1993 1634 2025 videntur.
1658 2010 1706 2017 —

165 2035 287 2077 Kepl.
302 2042 312 2067 :
340 2035 481 2075 Quando
497 2038 598 2080 igitur
614 2039 798 2071 obscuratio
815 2039 867 2071 hic
885 2048 1010 2071 rursum
1027 2038 1237 2080 Alphonsinis
1253 2039 1361 2078 fovet,
1390 2049 1561 2081 possumus
1576 2041 1653 2073 inde
1672 2042 1847 2083 conjicere,

9 2079 12 2081 ⁴
48 2082 250 2124 Alphonsum
274 2083 309 2114 in
325 2082 442 2118 Lunae
463 2086 638 2126 praecipue
654 2091 746 2118 motu
772 2086 963 2128 diligentem
978 2086 1088 2118 fuisse.
1137 2086 1208 2126 Ego
1233 2087 1332 2128 igitur
1357 2087 1454 2129 signa
1468 2087 1512 2119 ad
1526 2087 1728 2129 Alphonsum
1744 2093 1783 2120 ut
1798 2091 1845 2121 vi-

49 2129 110 2162 deo
126 2130 242 2166 refero,
260 2134 295 2162 et
309 2139 438 2162 mecum
456 2131 578 2172 Tycho.
628 2133 724 2165 Error
739 2135 771 2165 in
790 2134 880 2165 Prut.
898 2134 1027 2174 irrepsit
1044 2137 1172 2165 coacte.
1223 2133 1440 2165 correxerant
1462 2145 1580 2176 nempe
1610 2140 1735 2167 motum
1753 2136 1848 2177 Solis,

50 2181 87 2209 at
115 2176 276 2209 nolebant
291 2176 407 2208 Lunae
432 2183 555 2209 motum
581 2181 768 2212 anomalum
792 2182 911 2213 facere.
965 2180 1000 2212 Si
1024 2187 1174 2212 maneret
1198 2181 1427 2213 eccentn'citas
1450 2181 1633 2214 Ptolemaei
1658 2182 1848 2225 Copernicu,

49 2223 186 2266 eclipses
202 2223 318 2256 melius
334 2223 511 2256 haberent..

12 2301 20 2312 ,
164 2270 185 2302 J
193 2271 242 2302 111.
269 2268 323 2301 90.
351 2270 420 2302 Ecl.
448 2269 490 2310 Q
525 2271 747 2312 Alphonsinae
785 2274 879 2305 citius
907 2282 1005 2315 quam
1028 2274 1120 2305 Prut.
1149 2278 1277 2314 tempus
1308 2275 1523 2307 exhibuerunt
1551 2284 1592 2307 ac
1621 2277 1716 2308 simul
1747 2277 1845 2320 longe

48 2318 164 2350 verius.
190 2332 237 2338 —
262 2315 422 2357 (Kepl.:
448 2318 520 2350 Hoc
537 2328 589 2351 me
606 2329 732 2350 rursum
750 2320 932 2352 confimat.
975 2319 1063 2351 Nam
1089 2317 1173 2362 inps]
1196 2321 1294 2352 citius
1311 2322 1462 2354 accidere
1487 2327 1522 2354 et
1537 2324 1584 2355 sic
1602 2325 1703 2355 etiam
1719 2323 1846 2356 Maest-

43 2363 134 2397 iiam
158 2363 367 2404 observavit.)

165 2411 260 2443 Haec
278 2413 388 2443 omnia
406 2412 438 2442 in
456 2412 513 2443 lat.
533 2409 598 2443 48⁰
620 2413 654 2443 111
671 2413 863 2446 meridiano,
892 2414 944 2454 qui
966 2422 987 2444 a
1003 2413 1163 2444 Toletano
1181 2413 1283 2445 distat
1305 2414 1504 2455 temporibus
1517 2418 1715 2458 aequaturiis
1734 2414 1848 2458 22³l4⁰

10 2454 13 2455 ⁷
30 2465 157 2490 -versus
173 2459 341 2494 orientem.
363 2464 397 2490 et
413 2467 435 2490 a
450 2458 668 2500 Regiomonte
683 2463 784 2500 temp.
804 2457 866 2489 14⁰
883 2470 964 2491 vers,
983 2460 1196 2492 occidentem.

163 2505 341 2538 Praeterea
367 2507 401 2536 in
432 2506 603 2546 eclipsibus
629 2505 804 2544 Solaribus,
831 2516 916 2547 quae
944 2511 1029 2538 retro
1060 2512 1138 2538 ante
1163 2507 1321 2548 epocham
1339 2506 1457 2541 Christi
1486 2517 1526 2540 ex
1550 2511 1695 2551 utrisque
1724 2511 1846 2543 tabulis

24 2556 276 2594 supputantur,
294 2553 510 2584 animadverti
528 2553 747 2594 Alphonsinas
765 2551 785 2584 3
802 2553 835 2584 h.
854 2554 920 2585 fere
939 2563 996 2585 eas
1013 2554 1137 2585 tardius
1152 2554 1303 2586 exhibere
1327 2563 1425 2595 quam
1441 2554 1646 2588 Prutenicas.
1694 2557 1784 2589 Nam
1802 2559 1846 2590 ad

30 2596 268 2638 gloriaianum
284 2599 471 2631 Romanum
488 2609 520 2631 a.
540 2609 570 2631 a.
591 2599 649 2631 Ch.
675 2598 747 2631 183.
768 2601 902 2641 eclipsin
922 2599 963 2640 Q
983 2602 1087 2642 reperi
1114 2606 1192 2633 ante
1208 2600 1291 2632 Mer.
1309 2601 1340 2632 h.
1357 2599 1389 2631 2.
1409 2599 1442 2632 9.
1461 2600 1506 2633 38
1522 2603 1637 2640 visam,
1665 2605 1846 2637 obscuratis

28 2642 161 2688 {digitis
178 2643 210 2678 6.
230 2645 284 2676 16.
312 2656 351 2678 ex
368 2646 450 2678 Tab.
469 2647 581 2683 Prut.;
613 2647 670 2678 sed
688 2648 912 2689 Alphonsinae
942 2648 1081 2679 eandem
1108 2648 1168 2680 ecl.
1203 2647 1356 2679 exhibent
1373 2648 1502 2680 demum
1519 2659 1541 2681 a
1557 2650 1691 2682 meridie
1708 2651 1739 2682 11.
1762 2652 1792 2683 1.
1811 2652 1844 2689 2,

34 2692 226 2726 >οἱιιαιηὲίε
256 2693 365 2735 digitis
395 2689 475 2733 831..
530 2692 684 2734 (Kep1.:
710 2695 796 2736 Ergo
814 2695 942 2726 omnino
959 2695 1012 2726 hic
1039 2705 1125 2726 error
1154 2696 1195 2727 ab
1225 2695 1471 2727 eccentricitate
1500 2697 1623 2737 pendet
1651 2707 1843 2741 quocunque

24 2736 32 2771 ζ
47 2739 154 2777 modo,
170 2740 247 2782 quia
262 2740 419 2777 videmus,
436 2750 510 2772 cum
527 2745 629 2772 aucta
645 2743 891 2773 eccentricitate
908 2743 1022 2784 augeri
1040 2746 1073 2774 et
1089 2740 1335 2781 differentiam.)

24 2807 32 2818 .·
166 2786 384 2819 Consimiliter
410 2796 509 2831 annos
524 2797 555 2819 a.
575 2787 632 2819 Ch.
664 2787 741 2819 180.
768 2789 836 2819 tab.
861 2788 952 2820 Prut.
979 2789 1107 2820 Romae
1137 2788 1291 2820 exhibent
1318 2788 1453 2830 eclipsin
1484 2787 1526 2828 Θ
1553 2789 1622 2822 1101.
1655 2795 1735 2824 ante
1763 2802 1842 2825 mer.

31 2829 83 2869 πθ.
101 2830 156 2864 23.
174 2831 243 2871 46;
269 2834 452 2866 obscuratio
477 2835 542 2876 dig.
564 2833 594 2865 7.
614 2833 669 2865 53.
719 2835 801 2867 Τ311.
816 2835 912 2876 Alph.
938 2835 1151 2867 medietatem
1176 2835 1262 2866 illius
1280 2835 1339 2867 ecl.
1370 2836 1546 2868 ostendunt
1569 2846 1600 2869 a.
1619 2848 1663 2869 m.
1680 2838 1713 2870 11.
1731 2837 1765 2870 0.
1784 2838 1841 2877 21,

49 2879 137 2912 ubsc-
154 2880 220 2923 dig.
239 2875 319 2921 93]..
370 2881 459 2912 Utris
484 2878 677 2914 fidendum?
703 2898 745 2903 —
786 2880 945 2922 (Kepl.:
981 2882 1189 2923 Alphonsinis
1217 2883 1376 2920 existimo,
1407 2883 1466 2915 sed
1484 2884 1646 2916 calculum
1665 2885 1842 2927 differam.)

25 2929 39 2953 ί
166 2926 286 2959 Incidit
298 2927 387 2964 mihi,
414 2928 596 2960 anne-forte
614 2928 735 2960 Terrae
752 2933 903 2970 quartum
921 2929 1061 2970 aliquem
1077 2933 1200 2960 motum
1216 2929 1391 2961 attribuere
1410 2930 1599 2968 debeamus,
1616 2932 1668 2964 vel
1683 2942 1751 2965 una
1768 2943 1843 2966 cum

49 2970 172 3005 Luna-i
188 2974 278 3006 coelo
300 2974 351 3006 vel
368 2975 490 3017 absque
505 2975 569 3014 illo,
600 2975 650 3007 vel
681 2976 783 3007 etiam
798 2975 983 3015 hujusmodi
998 2980 1134 3012 motum,
1161 2976 1213 3017 qui
1240 2986 1297 3017 pro
1315 2976 1439 3008 diverso
1467 2977 1583 3010 habitu
1603 2975 1639 3020 ζ
1657 2980 1701 3012 ad
1720 2978 1763 3019 Θ
1781 2990 1840 3013 va-

49 3017 161 3059 intur,
188 3021 239 3052 uti
261 3021 405 3054 videmus
428 3031 540 3054 omnes
555 3022 707 3063 planetas
737 3032 793 3063 pro
811 3022 936 3055 diverso
960 3032 1019 3054 sno
1036 3023 1106 3054 loco
1134 3023 1177 3055 ad
1197 3021 1239 3062 Θ
1259 3024 1459 3056 31101113113111
1481 3025 1667 3058 admittere.
1715 3027 1842 3061 Plinius

48 3070 176 3109 quoque
200 3067 254 3100 lib.
275 3065 330 3099 36.
359 3079 389 3102 e.
422 3067 475 3101 10.
503 3067 560 3109 (de
578 3068 763 3109 Gnomone)
789 3093 796 3100 .
822 3094 830 3100 .
860 3093 868 3101 .
898 3069 1014 3107 „haec,
1044 3071 1159 3113 inquit,
1189 3070 1372 3103 observatio
1398 3068 1443 3103 30
1468 3073 1540 3113 jam
1567 3073 1635 3107 fere
1662 3075 1757 3108 annis
1774 3085 1841 3109 uon
