2028 3242
149 127 160 168 l
170 126 225 168 46
821 121 968 160 Mysterii
996 119 1260 161 Cosmographici

142 233 360 271 niscendum,
396 242 465 275 quo
500 230 612 264 stella
645 227 897 274 octangularis
927 226 1174 261 associaretur
1205 225 1394 266 diametro,
1428 226 1496 260 sub
1522 227 1647 261 eodem
1676 226 1780 273 quasi
1806 236 1955 272 genere,

142 286 367 321 reclamante
388 288 536 318 natura.
592 282 708 316 Recte
730 281 845 327 igitur
865 281 1012 320 factum,
1044 280 1138 324 quod
1160 290 1232 312 non
1252 278 1417 324 acquievi
1438 279 1522 313 huic
1541 279 1804 314 distributioni.

247 333 301 382 w)
330 337 410 371 Hoc
440 337 552 381 plane
574 346 651 369 sum
673 338 820 368 secutus
855 333 888 367 in
922 333 985 367 lib.
1008 333 1051 367 V.
1076 331 1284 366 Harmonic.
1316 333 1377 366 sed
1414 331 1449 366 in
1483 332 1654 366 instituto
1679 331 1835 367 diverso.
1890 330 1960 366 Hic

143 392 236 426 enim
270 391 491 435 quaerebam
526 393 644 422 ortum
675 387 944 422 harmoniarum
965 386 1210 431 singula-rum;
1242 390 1283 419 at
1313 385 1375 420 lib.
1397 386 1441 419 V.
1463 385 1764 420 Harmonicorum
1795 385 1959 420 delectus

143 446 238 479 inter
264 443 343 488 ι111111
376 447 476 477 ortas
509 447 568 475 est
601 440 802 480 institutus,
837 450 931 484 quae
958 438 1151 473 harmonia
1177 437 1306 482 quibus
1334 438 1506 483 planetis,
1538 448 1611 484 qua
1640 438 1822 473 mediante
1839 438 1962 484 figura

144 497 261 532 solida
281 496 567 530 consociaretur.
626 494 726 528 Cubo
758 493 872 538 igitur
898 492 966 526 etsi
995 504 1066 526 non
1085 496 1185 525 recte
1213 491 1272 525 hic
1292 492 1511 526 adscribitur
1538 491 1618 537 ipse
1638 494 1740 526 ortus
1760 500 1958 526 consonan-

145 551 219 585 tiae
251 549 440 593 diapason,
471 551 570 582 recte
603 551 726 581 tamen
758 546 854 580 dicto
885 545 948 579 lib.
977 546 1020 579 V.
1050 544 1352 579 Harmonicorum
1383 543 1590 580 associatur
1620 544 1738 590 ipsum
1763 544 1960 590 diapasom

144 615 216 638 non
247 613 361 636 causa
393 606 507 642 ortus,
541 601 602 634 sed
636 610 750 634 causa
783 597 1068 632 cohabitationis
1101 597 1198 632 inter
1227 597 1402 642 planetas
1430 599 1595 638 eosdem;
1623 601 1724 632 recte
1757 597 1964 632 associatur

145 657 328 695 octaedrm
360 655 454 700 quod
475 653 557 688 cubi
578 652 737 697 conjunx
758 656 826 692 est,
849 651 1095 696 disdiapason,
1127 650 1183 684 cui
1213 649 1249 684 in
1268 650 1481 686 harmonica
1500 650 1662 686 sectione
1689 650 1869 686 adhaeret
1886 649 1961 684 dia-

147 715 327 744 tessaron.
384 707 475 742 Vide
506 707 570 741 lib.
602 707 646 740 V.
677 716 757 750 cap.
789 705 823 739 9.
855 715 956 749 prop.
989 704 1012 738 8
1041 708 1080 738 et
1111 703 1170 738 12.

250 759 293 803 x)
323 761 394 795 Hic
414 760 545 795 iterum
567 759 718 793 fortuito
739 755 893 803 (quippe
923 757 957 791 in
979 757 1232 802 speculatione
1252 767 1323 790 non
1345 755 1510 801 propria)
1537 757 1574 792 in
1592 767 1718 792 verum
1747 755 1854 790 incidi
1874 765 1962 801 qua·

145 817 349 850 damtenus.
405 814 499 848 Nam
519 823 623 858 prop.
651 812 694 846 15
717 816 756 845 et
775 810 838 846 27.
873 810 959 845 dicti
979 810 1112 855 capitis
1134 810 1168 844 9.
1200 810 1426 844 dodecaedro
1453 810 1594 855 quidem
1620 809 1794 856 diapente
1814 807 1962 854 obtigit,

146 869 334 902 icosaedro
355 878 441 901 vero
462 871 618 911 utraque
641 869 842 905 sexta-rum,
873 863 993 898 tertiis
1013 864 1131 897 locum
1150 863 1289 897 nullum
1309 874 1391 896 esse
1410 864 1591 908 probatur
1609 874 1712 910 prop.
1735 863 1771 898 6.

251 918 292 966 y)
322 921 380 954 De
410 920 481 953 hac
510 918 668 952 materia
697 922 755 951 est
783 928 883 951 meus
912 916 1007 950 liber
1035 917 1096 952 IV.
1126 915 1437 950 Harmonicorum.

251 970 290 1017 z)
318 973 453 1007 Parum
486 971 624 1016 aliquid
652 971 686 1004 iu
718 971 788 1004 hac
808 970 1081 1015 comparatione
1102 970 1374 1010 emendandum,
1408 969 1488 1004 vide
1508 969 1571 1005 lib.
1592 970 1654 1004 IV.
1674 969 1802 1004 Harm.
1822 979 1902 1013 cap.
1927 968 1962 1003 6.

251 1034 313 1078 aa)
342 1036 582 1081 Nequaquam
615 1046 701 1069 vero
731 1034 887 1069 debilem
921 1034 1155 1079 experientia
1195 1037 1368 1073 testatur,
1414 1034 1476 1068 sed
1518 1033 1704 1069 fortiorem
1740 1044 1853 1079 saepe
1883 1032 1963 1078 ipso

145 1090 262 1130 trino;
299 1100 446 1123 causam
480 1101 527 1123 ex
561 1088 649 1123 meis
682 1087 868 1133 principiis
901 1088 946 1120 do
976 1087 1041 1123 lib.
1075 1087 1137 1122 IV.
1172 1087 1296 1121 Harm.
1747 1082 1754 1088 '

251 1139 316 1184 bb)
348 1139 446 1176 Puta
473 1141 507 1175 in
529 1141 744 1188 Tetrabiblo
777 1142 820 1174 de
847 1140 1065 1186 Astrologia
1085 1139 1231 1185 scripto.
1254 1135 1305 1185 ⁴²)
1360 1142 1412 1174 At
1431 1139 1468 1174 in
1486 1139 1728 1182 Harmonicis,
1762 1149 1857 1186 quae
1876 1141 1963 1173 tunc

145 1197 302 1231 nondum
321 1195 493 1235 videram,
525 1205 675 1228 causam
698 1194 795 1228 hanc
815 1193 948 1239 tangit,
973 1194 1034 1227 sed
1064 1193 1172 1234 male,
1204 1197 1245 1228 ut
1264 1205 1312 1227 ex
1332 1192 1421 1228 meis
1441 1192 1537 1228 notis
1558 1194 1605 1228 ad
1623 1193 1877 1229 Ptolemaeum
1895 1201 1962 1238 pa-

147 1249 255 1284 tebit:
290 1248 432 1283 omnino
465 1247 559 1282 enim
592 1253 631 1281 et
663 1258 771 1281 unum
800 1251 839 1281 et
859 1246 1016 1292 quinque
1050 1246 1159 1292 signa
1190 1250 1363 1292 aspectus
1402 1245 1631 1282 constituunt
1661 1245 1841 1287 efficaces,
1871 1255 1963 1291 quos

147 1302 297 1347 appello
331 1301 571 1335 semisextum
603 1305 641 1335 et
670 1300 920 1345 quincuncem.

254 1352 308 1396 cc)
338 1355 418 1388 Hoc
438 1355 484 1388 ad
510 1354 654 1388 literam
675 1354 809 1387 falsum
830 1357 900 1387 est.
957 1353 1050 1387 Nam
1076 1352 1172 1387 inter
1192 1353 1346 1388 chordas
1370 1354 1386 1388 1
1410 1357 1450 1387 et
1473 1352 1518 1388 12
1542 1357 1601 1387 est
1619 1351 1870 1398 trisdiapason
1887 1349 1964 1396 epi-

146 1409 330 1452 diapente,
367 1407 417 1441 sic
449 1407 545 1441 inter
579 1407 732 1441 chordas
756 1406 777 1441 5
799 1410 837 1440 et
861 1405 907 1440 12
942 1410 999 1440 est
1031 1405 1144 1440 tertia
1175 1405 1291 1440 minor
1319 1416 1434 1451 supra
1461 1405 1652 1452 diapason.
1706 1404 1820 1440 Aliud
1850 1403 1967 1450 igitur

146 1461 332 1495 habebam
352 1460 387 1494 in
409 1460 528 1494 animo
549 1471 628 1494 cum
648 1460 742 1494 haec
756 1459 871 1493 verba
891 1459 1098 1500 scriberem,
1121 1459 1272 1500 scilicet,
1295 1459 1433 1494 nullam
1452 1470 1534 1494 esse
1554 1458 1753 1494 sectionem
1771 1456 1967 1503 tripliciter

146 1513 405 1554 harmonicam,
441 1523 535 1558 quae
563 1514 786 1557 respondeat
813 1512 913 1546 hisce
946 1512 1182 1546 divisionibus
1210 1512 1345 1554 circuli,
1379 1512 1466 1558 quia
1494 1512 1566 1547 etsi
1587 1513 1621 1547 1.
1647 1510 1712 1553 12,
1734 1511 1821 1546 item
1842 1510 1878 1546 5.
1903 1508 1963 1544 12.

142 1570 352 1607 consonent,
387 1570 427 1600 at
452 1566 600 1600 residua
623 1567 663 1599 ll
690 1569 728 1600 et
750 1566 770 1600 7
799 1566 1002 1600 abhorrent
1031 1565 1079 1599 ab
1107 1565 1272 1611 utrisque
1299 1565 1474 1601 terminis.
1530 1567 1582 1600 At
1609 1576 1681 1599 non
1710 1575 1793 1599 esse
1813 1563 1966 1599 eandem

142 1619 323 1654 rationem
343 1623 560 1663 aspectuum
593 1629 686 1664 quae
718 1622 777 1652 est
797 1618 1127 1659 consonantiarum,
1161 1620 1272 1663 doceo
1295 1614 1369 1663 ¹per
1396 1623 1514 1654 totum
1537 1617 1670 1653 librum
1689 1617 1752 1653 lv.
1773 1615 1966 1652 Harmoni-

145 1683 278 1713 corum‚
309 1671 508 1718 praecipue
539 1683 618 1716 cap.
650 1672 686 1706 6.
1460 1668 1471 1672 ”

250 1721 314 1769 dd)
343 1725 492 1759 Minime
529 1737 576 1759 ex
616 1724 690 1765 his,
745 1728 786 1758 at
823 1724 916 1758 bene
955 1736 1004 1758 ex
1040 1724 1167 1770 figuris
1206 1724 1344 1770 planis,
1391 1735 1542 1770 quarum
1579 1735 1652 1760 non
1689 1721 1957 1771 ignobilissima

147 1780 416 1824 dodecagonus.
1837 1778 1846 1784 '

257 1830 316 1873 ee)
347 1832 426 1864 Hoc
458 1829 560 1864 initio
594 1830 693 1863 facto
726 1830 828 1875 coepi
859 1841 998 1876 augere
1030 1841 1218 1864 numerum
1247 1835 1479 1874 aspectuum:
1513 1830 1583 1865 etsi
1608 1831 1706 1866 male
1731 1828 1868 1866 adscivi
1891 1838 1966 1864 ses-

149 1885 338 1930 quadrum,
369 1895 434 1917 seu
452 1884 590 1928 gradus
615 1881 700 1924 135,
730 1883 824 1917 male
846 1883 947 1917 omisi
969 1883 1205 1918 semisextum
1233 1894 1297 1917 seu
1317 1894 1374 1929 gr.
1397 1882 1458 1918 30.
1514 1884 1607 1919 Vide
1626 1895 1740 1930 saepe
1760 1883 1967 1929 allegatum

149 1947 231 1982 cap.
265 1938 306 1972 6-.’
333 1936 396 1970 lib.
428 1937 489 1970 IV.
523 1937 696 1970 Harmon.

199 2024 204 2030 -
255 1999 296 2043 ff)
329 2002 499 2035 Frustra:
532 2011 615 2034 nam
648 2001 835 2035 confirmat
864 2000 1098 2045 experientia
1128 2000 1318 2046 quintilem
1346 2006 1385 2035 et
1411 2000 1658 2046 biquintilem;
1690 2002 1735 2036 de
1766 1999 1967 2046 sesquadro

148 2066 246 2095 vero,
281 2049 439 2088 cur‘ille
459 2053 574 2087 minus
608 2054 656 2087 sit
688 2054 832 2094 efficax,
867 2063 975 2098 quam
1006 2053 1136 2099 reliqui
1169 2065 1304 2095 omnes,
1339 2065 1475 2088 causae
1507 2054 1572 2089 lib.
1592 2055 1655 2089 IV.
1675 2054 1802 2089 Harm-
1825 2063 1906 2098 cap.
1929 2050 1966 2086 5.

150 2109 345 2142 traduntur
377 2108 488 2152 longe
522 2106 701 2140 diversae.
771 2107 870 2141 Istae
903 2118 988 2140 vero
1031 2106 1088 2140 hic
1119 2107 1326 2141 recensitae
1364 2107 1522 2153 quinque
1555 2117 1691 2143 causae
1735 2110 1822 2142 sunt
1862 2103 1967 2141 nobis

149 2161 279 2194 iterum
309 2160 538 2198 refutandae„
576 2171 620 2193 ne
650 2164 804 2194 teneant
835 2159 1025 2205 quintilem
1054 2164 1093 2193 et
1121 2159 1362 2205 biquintilem.

255 2213 348 2246 Nam
369 2214 463 2257 quod
484 2223 634 2246 causam
653 2213 808 2256 primam
829 2211 975 2253 attinet,
1010 2212 1105 2246 sicut
1130 2223 1209 2247 cum
1230 2213 1326 2248 trino
1347 2212 1493 2248 sextilis
1520 2211 1651 2258 implet
1668 2212 1855 2253 circulum,
1889 2221 1968 2246 cum

150 2267 330 2311 quadrato
351 2266 552 2310 quadratus
574 2265 679 2306 alius,
716 2266 768 2299 sic
787 2265 899 2299 etiam
920 2276 999 2299 cum
1019 2265 1163 2311 quintili
1194 2266 1381 2308 tridecilis,
1412 2277 1491 2301 cum
1516 2265 1703 2312 biquintili
1721 2264 1858 2306 decilis,
1888 2275 1968 2299 cum

150 2320 349 2364 sesquadro
380 2319 582 2364 sequadrus
611 2318 764 2362 implent
785 2318 1059 2360 semicirculum,
1095 2331 1161 2353 nec
1186 2319 1358 2364 repudiat
1382 2320 1450 2354 hos
1469 2319 1619 2355 musica.
1675 2319 1758 2358 Non
1777 2322 1836 2353 est
1853 2317 1970 2366 igitur

150 2371 317 2406 efficacia
347 2373 394 2405 ab
423 2372 493 2405 hac
524 2372 792 2416 adaequatione
823 2371 1049 2406 semicirculi.

256 2425 423 2459 Secunda
456 2435 569 2458 causa
603 2426 648 2458 ad
678 2436 753 2459 rem
774 2429 851 2459 est:
882 2428 923 2459 at
954 2424 1019 2459 illa
1049 2437 1119 2459 non
1149 2425 1294 2470 penitus
1325 2425 1496 2471 repudiat
1518 2425 1719 2471 quintilem,
1752 2425 1815 2459 sed
1835 2424 1968 2459 solum-

151 2479 253 2511 modo
276 2477 582 2521 imperfectiorem
612 2477 701 2511 facit
733 2478 826 2512 trino
847 2482 884 2512 et
904 2478 1042 2519 sextili,
1077 2483 1252 2524 quantum
1274 2479 1416 2524 quidem
1435 2478 1518 2524 ipsa
1537 2479 1666 2524 pollet,
1697 2488 1777 2513 cum
1796 2478 1878 2512 sola
1897 2489 1968 2512 nou

150 2531 208 2564 sit.
266 2530 488 2564 irrationale
532 2536 656 2564 autem
689 2531 739 2564 sic
770 2542 939 2576 nuncupo
969 2543 1048 2565 cum
1081 2533 1212 2577 vulgo,
1257 2533 1351 2578 quod
1383 2532 1420 2566 in
1450 2531 1679 2566 Harmonicis
1720 2530 1807 2566 mihi
1838 2530 1971 2585 dicitur

151 2583 347 2617 ineffabile.

255 2636 381 2671 Tertia
408 2647 522 2670 causa
547 2636 717 2670 coincidit
737 2648 815 2670 cum
836 2636 968 2681 prima;
1001 2637 1113 2671 omnis
1141 2637 1235 2672 enim
1265 2637 1301 2671 in
1322 2636 1548 2671 semicirculo
1569 2637 1730 2683 angulus
1755 2640 1877 2671 rectus
1897 2639 1966 2670 est.

151 2688 199 2721 Et
219 2689 247 2722 si
278 2689 387 2722 aliter
408 2689 623 2723 informetur
643 2690 735 2723 haec
755 2701 880 2730 causa,
915 2691 1007 2735 quod
1036 2689 1109 2724 bini
1134 2701 1278 2735 semper
1305 2694 1477 2735 aspectus
1497 2690 1662 2724 efficiant
1688 2699 1863 2724 summam
1881 2689 1968 2723 duo-

151 2751 227 2774 rum
258 2746 447 2782 rectorum,
479 2754 572 2776 nunc
602 2742 850 2776 semicirculus
880 2743 1011 2776 iterum
1040 2748 1099 2776 est
1127 2755 1250 2778 eorum
1279 2754 1461 2777 mensura.

258 2794 399 2832 Quart-a
420 2806 532 2829 causa
553 2795 666 2829 futilis
690 2800 757 2836 est,
792 2795 820 2829 si
841 2795 935 2829 enim
957 2795 1070 2830 tertia
1089 2797 1207 2830 mollis
1229 2797 1309 2830 ideo
1329 2800 1388 2830 est
1405 2796 1664 2841 quodammodo
1683 2795 1860 2840 perfecta,
1882 2793 1969 2840 quia

151 2844 266 2878 utitur
286 2848 412 2880 eadem
434 2847 607 2882 divisione
630 2859 709 2882 cum
730 2848 913 2892 perfectis,
942 2848 1020 2882 scil.
1043 2849 1280 2890 duodenaria,
1311 2859 1400 2883 sane
1420 2853 1459 2883 et
1478 2848 1605 2883 divisio
1630 2847 1816 2883 vicenario.
1834 2847 1968 2882 eonsti-
2026 2879 2028 2882 .

152 2896 267 2930 tuitur
287 2898 496 2941 adjumento
519 2901 791 2945 quaternariae,
826 2905 864 2934 et
884 2902 1137 2946 sexagenaria
1157 2902 1354 2937 ternariae.
1411 2901 1449 2936 Si
1474 2901 1589 2939 tertia
1607 2903 1700 2936 dura
1720 2912 1793 2936 non
1812 2901 1970 2946 quadrat

152 2950 197 2982 ad
227 2950 497 2992 duodenarium,
520 2953 649 2997 majori
670 2954 824 2988 termino
841 2954 875 2994 5,
911 2965 999 2988 sane
1032 2965 1150 2999 neque
1182 2955 1296 2989 tertia
1326 2955 1446 2989 mollis
1474 2956 1634 3000 quadrat
1663 2955 1710 2988 ad
1734 2953 1966 2994 vicenarium,

151 3000 280 3044 majori
301 3003 451 3037 termino
474 3006 509 3039 6.
566 3006 722 3039 Rursum
749 3007 778 3040 si
807 3006 920 3040 tertia
946 3006 1064 3041 mollis
1096 3007 1176 3041 ideo
1197 3008 1358 3042 habetur
1382 3019 1449 3053 pro
1475 3007 1654 3053 perfecta,
1685 3006 1773 3052 quia
1791 3010 1850 3041 est
1868 3005 1968 3041 dimi·
2024 3038 2028 3043 Δ

151 3053 246 3087 dium
266 3054 378 3098 ipsius
400 3056 583 3101 diapente,
618 3058 736 3103 magis
758 3059 871 3093 tertia
891 3061 982 3094 dura
1002 3060 1202 3094 habebitur
1230 3071 1297 3105 pro
1319 3061 1497 3105 perfecta,
1529 3060 1615 3106 quia
1633 3064 1672 3094 et
1691 3059 1773 3105 ipsa
1792 3063 1850 3094 est
1868 3058 1969 3094 dimi-
2025 3066 2028 3072 ⁴

151 3106 246 3140 dium
267 3106 379 3151 ipsius
401 3108 573 3153 diapente
595 3121 774 3155 superans
796 3116 951 3153 tantum,
983 3117 1159 3157 quantum
1180 3113 1294 3148 tertia
1314 3113 1433 3148 mollis
1454 3113 1575 3148 deficit
1594 3124 1617 3149 a
1636 3112 1790 3148 dimidio.
1840 3112 1970 3158 Itaque
2018 3142 2028 3173 ἓ
