2028 3242
774 109 937 151 Apologia
960 108 1135 150 τῃιιοιιιι.
1778 105 1862 148 237

58 211 246 252 emittere
275 212 524 264 profiteatur,
558 212 651 252 dum
682 225 819 253 omnes
850 218 893 253 et
923 213 1130 254 evidenter
1158 212 1373 253 Dominum
1391 212 1621 266 Tychonem
1649 211 1783 252 Brahe
1814 212 1864 251 de

55 270 191 323 palma
234 270 544 323 magisterioque
588 271 875 311 mathematico
912 272 953 312 in
990 272 1193 312 certamffl
1224 276 1367 311 vocat:
1411 270 1692 323 percommode
1735 282 1864 310 meam

56 329 270 381 epistolam
305 329 347 369 in
383 329 519 369 libello
553 342 625 370 ceu
660 329 868 382 cujusdam
896 329 1043 383 judicis
1075 329 1163 370 loco
1200 329 1435 378 introducit,
1483 342 1583 382 quae
1620 329 1747 369 talem
1785 329 1865 369 fert

55 387 310 438 sententiam,
341 393 386 428 ut
409 387 515 428 Urso
545 388 681 440 palma
710 388 782 428 illa
811 388 915 429 citra
934 387 1249 429 controversiam
1279 387 1486 429 debeatur.
1550 387 1732 439 Denique
1752 387 1838 427 fece

55 458 141 487 ram
171 458 247 499 ego
278 446 318 486 in
349 447 490 487 eadem
521 447 593 487 illa
623 446 797 499 epistola
826 447 1068 487 mentionem
1093 446 1293 500 Tychonis
1317 446 1659 514 perhonorificam‚
1691 446 1863 486 Ursum·
1900 440 1956 502 ᾖ(

54 517 132 558 que
161 517 385 554 oraveram,
413 497 462 546 'ut
491 505 596 546 hanc
626 518 757 546 meam
788 505 1059 546 inventionem
1090 506 1142 545 ad
1173 505 1303 557 ipsum
1322 505 1362 545 in
1381 505 1555 545 Daniam
1581 505 1861 557 perscriberet.

52 563 215 616 ,ljlacuit
189 563 367 664 m'gitnr
298 562 523 617 tanrso‚
556 576 637 611 non
667 563 789 605 aliter
819 576 882 615 me
913 564 963 612 de
994 564 1078 612 hac
1098 564 1411 617 Qhonem
1440 563 1731 617 adversarium
1749 576 1873 617 suum

481 622 808 675 ⁷ul‹:i1;‹=i,quam
848 622 884 663 si
914 623 1128 691 epistolam
1157 635 1317 675 meam,
1328 623 1515 670 extrita
1528 622 1745 672 mentione
1776 610 1860 677 ''ry-

53 680 205 733 οΙιῳξ,
237 667 599 733 euffi‘in‘libellum
628 682 845 731 insereret,
885 683 952 734 qui
979 695 1068 730 ιιοιι
1089 682 1172 734 ad
1191 672 1300 736 aliud
1315 694 1464 750 quam
1496 681 1557 733 ad
1576 680 1871 733 lancinandam

46 739 454 839 ¹frss-r---g-“aanarn'solionis
459 747 717 801 comparatus
749 746 791 796 et
821 713 954 796 editus
985 746 1069 795 est:
1107 731 1172 781 ut
1182 739 1261 786 ita.
1280 732 1397 797 qui
1406 728 1653 796 Tycbnnem.
1666 739 1865 792 privatim

90 810 157 839 rso
201 811 253 839 an
281 810 456 847 averam,
488 811 642 851 poenae
674 799 762 840 loco
794 790 1103 840 convitiatorem
1100 786 1334 854 Τγοῖιόἷιίε
1363 799 1523 852 publice
1554 798 1735 839 omnibus
1768 798 1860 854 lau-

40 843 358 910 mter·
420 857 501 899 Tot
534 857 790 910 nominibus
805 871 894 904 cum
923 858 1031 908 Urso
1058 858 1230 907 libuerit
1267 858 1381 913 abuti
1399 871 1524 915 me3
1544 850 1750 913 epistola,
1768 856 1862 913 jam

47 912 356 983 m
367 929 437 960 cnr
478 916 567 957 luce
605 917 767 971 dignam
803 916 1061 970 judicaverit.
1121 917 1229 958 Nam
1265 906 1381 971 quod
1399 906 1686 958 inventionem
1729 927 1861 956 meam

50 974 212 1023 attinet,
244 974 280 1015 si
310 974 439 1016 lucem
469 988 519 1015 ea
549 981 735 1020 meretur.
762 975 850 1028 jam
869 988 959 1016 eam
979 976 1135 1016 fatente
1154 976 1259 1017 Urso
1278 975 1451 1024 viderat,
1484 980 1673 1016 exstante
1695 974 1735 1015 in
1755 988 1859 1015 nun-

51 1033 156 1074 dinis
185 1032 343 1085 integro
373 1033 528 1083 libello,
573 1047 647 1075 nec
678 1034 875 1087 epistolae
906 1035 981 1075 hac
1013 1047 1113 1087 opus
1152 1034 1229 1074 fuit
1257 1034 1448 1075 editione.
1511 1033 1644 1081 Quam
1680 1033 1861 1086 graviter

51 1097 187 1133 autem
216 1091 317 1132 haec
348 1093 472 1133 editio
502 1105 566 1133 me
598 1093 785 1142 haberet,
826 1106 916 1133 cum
947 1094 1075 1134 literis
1106 1093 1158 1133 ad
1187 1093 1240 1134 D.
1274 1093 1506 1147 Tychouem
1537 1098 1581 1133 et
1610 1092 1663 1133 ad
1694 1092 1859 1133 Roesli-

50 1163 143 1191 num
172 1151 408 1203 perscriptis
439 1156 633 1192 testatum
665 1152 762 1192 feci:
795 1158 880 1192 tum
899 1153 1004 1193 Urso
1036 1153 1113 1205 ipsi
1145 1152 1338 1205 superiori
1358 1152 1552 1193 Januario
1584 1149 1741 1200 (1600)
1773 1151 1860 1204 pri-

50 1221 159 1250 mum
189 1214 312 1262 atque
341 1210 516 1262 Pragam
546 1211 652 1256 veni,
683 1211 724 1251 in
756 1211 899 1252 faciem
931 1211 1027 1260 dixi,
1056 1210 1759 1264 mmemnomiuffi
1792 1222 1856 1258 ne,

50 1268 86 1308 si
117 1280 206 1308 cum
235 1274 450 1320 praesente
481 1269 658 1320 Keplero
689 1269 767 1309 sibi
797 1283 882 1310 rem
914 1283 1003 1310 esse
1036 1270 1179 1318 sciret,
1219 1283 1305 1310 rem
1335 1270 1388 1310 ad
1423 1269 1561 1322 jurgia
1590 1269 1899 1336 ριοιι81ιεῐ8ι·

48 1326 205 1368 Addidi
237 1332 281 1367 et
304 1327 425 1367 haee:
459 1328 617 1380 quando
648 1328 823 1369 lubuerit
852 1329 924 1377 illi,
957 1341 1033 1378 me,
1068 1329 1134 1382 qui
1165 1328 1351 1381 discipuli
1381 1329 1455 1369 sub
1473 1341 1649 1395 persona
1678 1327 1857 1380 scripse-

49 1397 149 1433 ram,
173 1385 215 1426 in
240 1385 389 1438 judicis
419 1387 615 1427 subsellia
643 1387 810 1428 invitum
838 1388 1092 1455 protrahere,
1134 1390 1344 1440 pateretur
1383 1400 1478 1440 ergo
1510 1399 1572 1427 me
1611 1387 1651 1427 in
1683 1387 1756 1427 illa
1787 1386 1857 1427 lite
1881 1334 1901 1434 2

50 1444 231 1485 literaria
260 1444 332 1491 (do
361 1445 547 1486 convitiis
578 1446 682 1486 enim
719 1452 762 1486 et
798 1446 950 1498 injuriis
981 1446 1163 1503 politicis
1201 1447 1401 1487 actionem
1430 1446 1610 1500 Tychoni
1652 1444 1904 1520 relinque-(

48 1502 183 1552 bam),
218 1508 343 1547 exuta
371 1503 557 1556 discipuli
587 1505 798 1544 modestia
812 1505 961 1556 judicis
987 1505 1271 1546 auctoritatem
1291 1517 1517 1554 assumere,
1549 1511 1593 1544 et
1623 1505 1727 1558 quod
1759 1517 1782 1544 8
1812 1516 1855 1544 re

48 1561 334 1603 mathematica
363 1562 448 1603 fore
479 1563 663 1603 videatur
692 1563 848 1615 publice
878 1563 1056 1604 vicissim
1075 1565 1301 1605 decernere.
1363 1563 1565 1619 Sicqqe
1529 1576 1671 1615 nomen
1690 1563 1856 1617 tandem
1891 1540 1923 1632 )

15 1620 447 1679 Μῶα
485 1622 537 1662 ab
568 1622 656 1675 ipso
687 1623 870 1669 discessi.
1889 1633 1891 1635 ·

165 1677 257 1726 Quo
286 1680 414 1721 serius
433 1685 567 1720 autem
586 1671 868 1721 denunciatam
887 1681 992 1722 Urso
1011 1682 1293 1722 refutationem
1324 1681 1430 1721 illius
1450 1681 1589 1734 scripti
1621 1681 1695 1721 sub
1714 1693 1856 1721 manus

48 1744 257 1786 sumerem,
287 1739 439 1779 multae
468 1752 517 1780 ac
546 1739 759 1792 praecipue
790 1740 1033 1780 domesticae
1065 1741 1348 1792 occupationes
1379 1740 1854 1792 impedierunt.1nter-

48 1796 160 1837 venit
188 1802 232 1838 et
258 1809 368 1838 mors
385 1798 493 1847 Ursi,
525 1811 627 1850 quae
646 1812 710 1838 me
729 1799 907 1839 nonnihil
938 1799 1098 1839 dubium
1116 1799 1276 1840 habuit.
1308 1811 1358 1839 ne
1386 1806 1507 1847 esset,
1542 1799 1608 1852 qui
1638 1799 1743 1839 hanc
1767 1811 1857 1839 cum

48 1859 202 1896 mortuo
231 1867 406 1908 pugnam
435 1857 757 1898 calumniaretur.
820 1857 903 1898 Sed
934 1858 1027 1910 quia
1054 1859 1294 1910 promissum
1325 1870 1455 1898 meum
1486 1858 1538 1899 D.
1566 1858 1702 1912 Tycho
1721 1858 1855 1898 Brahe

0 1961 2 1976 ζ
47 1914 238 1966 urgebat,
268 1927 296 1955 a
324 1915 436 1967 cujus
460 1915 634 1957 humeris
665 1917 739 1956 hoc
771 1929 872 1956 onus
904 1916 1105 1957 scribendi
1133 1918 1260 1969 primo
1290 1917 1395 1957 ultro
1426 1917 1467 1957 in
1486 1930 1550 1958 me
1570 1929 1849 1969 susceperam:

0 1977 2 2003 ῑ
49 1977 92 2012 ct
119 1973 215 2025 quia
242 1985 316 2025 per
345 1987 390 2014 se
418 1987 485 2014 res
516 1980 606 2016 erat
634 1976 825 2025 honesta,
867 1976 1090 2028 exstirpare
1123 1989 1174 2015 ex
1204 1976 1347 2016 animis
1392 1976 1631 2017 discentium
1661 1988 1853 2016 erroneas

51 2030 278 2082 opiniones,
323 2033 537 2074 obliterare
582 2034 622 2074 in
662 2035 943 2075 Maecenatum
980 2035 1263 2088 persuasiones
1305 2035 1542 2088 impressam
1581 2035 1853 2076 inventionum
1906 2062 1908 2066 ψ

51 2089 424 2132 mathematicam
453 2093 713 2133 calumniam:
760 2106 831 2133 nec
864 2093 1098 2134 inusitatum
1111 2126 1122 2143 ,
1168 2095 1218 2134 de
1261 2101 1507 2135 mortuorum
1556 2094 1851 2147 quanticunque

49 2147 198 2188 fuerint
230 2149 391 2200 placitis
429 2156 471 2190 et
499 2151 670 2202 publicis
701 2152 964 2192 monmnentis
996 2153 1210 2192 decernere
1241 2154 1482 2205 superstites
1509 2154 1636 2206 (quod
1660 2153 1749 2205 ipse
1767 2153 1851 2194 Ur·
1883 2156 1888 2193 0'

48 2219 119 2246 sus
162 2206 231 2247 fol.
270 2206 316 2247 C.
347 2206 388 2248 2.
430 2208 469 2248 in
506 2210 712 2249 demortuo
749 2210 880 2250 Ramo
921 2211 1098 2250 taxando
1137 2212 1392 2262 comprobat)
1436 2213 1602 2252 tandem
1642 2224 1737 2263 ergo
1784 2211 1852 2251 diu

49 2265 246 2316 agitatam
275 2266 378 2305 hanc
402 2267 726 2318 scriptiunculam
757 2268 891 2308 animo
923 2269 1078 2309 sincero
1110 2275 1151 2308 et
1181 2269 1239 2309 rei
1264 2271 1573 2310 mathematicae
1600 2271 1734 2310 studio
1755 2282 1851 2309 sus-

49 2324 154 2376 cepi,
192 2330 367 2376 putoque
403 2325 461 2365 sic
493 2338 581 2365 eam
617 2324 887 2379 pen-texuisse,
930 2333 976 2367 ut
1006 2333 1048 2367 et
1077 2328 1129 2367 ad
1160 2341 1223 2368 me
1263 2329 1455 2368 defensae
1496 2335 1539 2369 et
1577 2330 1630 2369 ad
1660 2329 1850 2369 lectorem

48 2382 211 2434 agnitae
240 2383 427 2423 veritatis
458 2384 615 2424 utilitas
646 2390 687 2424 et
716 2385 805 2424 laus
836 2385 1015 2425 reditura
1045 2386 1113 2426 sit.
1871 2388 1875 2395 '
