1982 3268
209 125 224 166 1
234 123 260 166 4
985 126 1198 159 Prooemium.

205 232 373 272 demere.
435 230 588 282 Quodsi
619 231 825 272 existimas
858 231 1002 272 licere:
1043 236 1250 284 sequetur,
1280 245 1353 272 nos
1384 245 1502 285 posse
1532 232 1679 273 habere
1710 232 1982 274 exactissimos

204 297 346 331 motus.
408 290 512 330 Nam
542 291 674 331 media
703 291 792 331 loca
822 295 914 331 sunt
944 304 993 330 ex
1022 291 1097 331 hoc
1127 288 1241 330 modo
1258 290 1288 340 ’;’
1313 290 1453 332 deinde
1497 287 1769 333 dimensiones
1789 288 1982 346 eccentri'-

204 346 368 390 citatum
400 362 449 390 ex
480 350 718 402 corporibus,
782 349 1040 390 Consideravi
1073 355 1216 398 autem,
1248 356 1376 391 utrum
1402 364 1478 391 non
1500 349 1685 392 debilitas
1702 352 1774 392 illa
1793 365 1818 391 a
1836 349 1982 391 summfi

204 408 397 449 inferioris
429 409 479 448 ad
510 409 627 449 imam
658 409 872 461 superioris
904 410 1168 461 computanda
1198 409 1275 450 sit-z
1320 415 1364 450 ut
1393 411 1452 450 ita
1482 423 1553 463 per
1583 410 1807 461 crassitiem
1837 409 1982 451 orbium

204 468 311 508 nulla
343 468 542 508 accideret
573 467 807 508 debilitatio.
871 467 951 508 Sed
990 481 1061 508 nec
1098 469 1171 508 hoc
1214 469 1371 510 sufficit.
1433 470 1538 511 Nam
1575 469 1737 519 Venus,
1782 469 1907 509 Terra
1948 473 1982 508 et

202 528 313 567 Mars
346 527 536 567 deberent
566 528 711 567 habere
742 527 955 567 maximam
988 528 1212 568 crassitiem
1244 528 1282 567 in
1312 529 1565 581 proportione
1596 542 1691 570 suae
1721 528 1905 581 propriae
1926 528 1982 568 di-

204 586 402 626 stantiae:
448 600 535 626 cum
566 592 696 627 tamen
728 586 767 635 Q
799 592 839 626 et
872 589 903 636 ὦ
938 586 1113 627 habeant
1143 587 1332 639 aequales
1363 594 1405 628 et
1434 588 1641 637 minimas,
1686 593 1781 640 post
1809 585 1836 638 B
1868 593 1910 629 et
1941 585 1982 635 Ω,

203 646 292 685 inde
325 651 357 691 0'
388 651 430 686 et
462 647 493 695 ᾧ
527 659 612 686 cum
645 646 778 693 Luna,
819 659 874 686 sc.
908 646 941 685 si
974 646 1101 697 ipsam
1132 646 1239 686 orbis
1271 647 1468 687 crassitiei
1499 661 1747 698 accenseam,
1778 646 1982 687 maximam

204 718 296 745 vero
329 705 478 745 habeat
511 707 550 756 ζὲ.
614 706 746 757 Atque
780 705 877 745 haec
910 705 1117 745 hactenus.
1178 705 1243 745 Ex
1274 707 1412 758 quibus
1430 707 1557 754 vides,
1589 719 1650 747 me
1681 712 1870 759 nugatum
1900 718 1982 745 esst

204 765 243 804 in
281 765 468 817 proximis
506 764 631 804 literis
671 765 718 804 de
758 765 974 816 quadrante
1006 765 1171 804 fixarum
1204 765 1375 806 ambitus
1406 766 1548 807 mundo
1579 766 1819 818 invergendo
1850 777 1982 805 versus

204 823 352 864 Solem.
413 823 500 875 Ego
542 829 648 863 certe
687 823 897 863 artificiose
935 836 997 863 me
1034 824 1162 876 ipsum
1203 824 1355 877 decepi,
1396 831 1438 865 et
1466 826 1608 866 misere
1641 825 1808 877 quidem.
1870 823 1982 864 Nulla

204 895 373 936 unquam
405 882 616 923 calculatio
647 883 736 934 plus
768 883 957 935 temporis
990 884 1210 936 occupavit,
1242 884 1331 935 plus
1363 884 1570 936 spirituum
1600 884 1747 932 hausit,
1781 896 1897 936 quam
1920 882 1982 923 illa

206 943 294 995 ipsa
318 948 402 982 tam
432 955 537 982 vana
568 948 726 994 tamque
760 942 997 982 frustranea.
1059 942 1114 982 Et
1146 949 1278 982 tamen
1310 943 1480 984 fortasse
1512 944 1638 984 simile
1666 943 1852 996 quiddam
1871 943 1982 990 inest.

207 1002 310 1069 quod
341 1013 415 1068 ego
448 1007 607 1042 secutus
639 1014 736 1041 sum.
800 1000 882 1041 Sed
912 1007 1002 1041 utut
1034 1000 1140 1050 insit,
1176 994 1322 1042 accidit
1351 1003 1494 1045 mundo
1527 1008 1568 1043 et
1591 1002 1783 1044 creatoris
1809 1000 1982 1050 consilio

207 1060 290 1101 sive
322 1061 400 1113 ipsi
431 1066 596 1101 naturae
629 1059 763 1108 Solis,
797 1073 883 1100 cum
915 1061 1060 1100 nullam
1093 1061 1240 1101 habeat
1271 1074 1456 1102 causam:
1490 1062 1559 1102 sed
1578 1075 1627 1102 ne
1648 1061 1858 1102 verisimile
1878 1060 1982 1114 quic-

207 1133 322 1172 quam
365 1125 524 1171 praeter
565 1119 898 1171 pulchritudinem
941 1121 1062 1160 stulte
1106 1121 1294 1160 creditam
1347 1127 1388 1161 et
1431 1121 1574 1173 quietis
1610 1121 1773 1161 fixarum
1817 1131 1979 1161 causam

207 1180 356 1220 Verum
389 1191 686 1231 supervacanea
718 1184 781 1218 est
812 1191 932 1218 causa
963 1179 1055 1227 illa,
1101 1192 1186 1219 cum
1230 1180 1309 1219 alia
1351 1181 1404 1220 sit
1438 1181 1560 1228 multo
1592 1180 1720 1233 magis
1750 1179 1982 1220 necessaria.

207 1239 309 1279 Nam
342 1239 418 1278 etsi
450 1239 594 1290 exigua
626 1238 759 1290 aliqua
791 1238 915 1277 virtus
948 1251 1109 1278 movens
1142 1239 1195 1278 sit
1225 1251 1344 1291 prope
1377 1240 1500 1289 fixas,
1532 1252 1609 1280 non
1641 1245 1773 1280 movet
1802 1238 1894 1279 illas
1923 1243 1982 1279 ta-

206 1311 309 1347 men,
345 1298 437 1350 quia
468 1310 544 1337 non
579 1302 670 1337 sunt
700 1298 738 1337 in
770 1297 870 1337 1000.
932 1298 1037 1338 Nam
1069 1298 1176 1337 locus
1208 1311 1258 1338 ex
1289 1298 1348 1338 his
1379 1298 1579 1350 principiis
1610 1299 1661 1339 ad
1691 1303 1840 1339 motum
1857 1297 1982 1350 requi-

207 1358 328 1398 ritur:
379 1357 460 1396 tale
492 1369 630 1408 nempe
664 1356 767 1408 quid,
802 1357 840 1396 in
873 1369 947 1408 quo
980 1358 1104 1397 virtus
1138 1371 1162 1396 a
1193 1356 1286 1397 Sole
1319 1370 1522 1410 emergens
1553 1359 1704 1399 nitatur
1734 1363 1776 1398 et
1805 1357 1982 1398 reflecta-

207 1417 375 1464 tur..(in
407 1416 613 1468 margine:
646 1415 818 1456 Axioma
850 1416 1135 1456 divinissimum
1166 1417 1377 1456 valiturum
1407 1429 1479 1469 per
1515 1430 1650 1458 omnes
1693 1413 1882 1457 scientias
1919 1427 1982 1468 eg(

206 1477 290 1527 jam
323 1476 451 1515 animo
484 1475 688 1527 suspicor:
722 1488 777 1514 sc.
812 1473 1056 1527 Quidquid
1089 1476 1337 1516 constanti
1370 1476 1521 1516 utitur
1551 1488 1744 1517 numero
1774 1476 1822 1516 in
1853 1475 1982 1516 coel(

133 1571 137 1585 ,
207 1536 287 1574 vel
314 1535 486 1582 Terra,
520 1535 622 1586 ejus
654 1534 838 1575 numeri
868 1534 999 1574 ratio
1034 1535 1106 1574 vel
1136 1535 1345 1575 mediate
1376 1536 1456 1575 vel
1487 1535 1770 1576 immediate
1797 1533 1867 1575 a5
1888 1546 1982 1575 cor-

206 1594 406 1646 poribus
439 1593 734 1633 deducenda.
796 1593 853 1634 Ut
882 1593 921 1632 in
954 1606 1047 1633 rosa
1078 1593 1243 1646 quinque
1276 1599 1368 1634 sunt
1399 1595 1543 1635 fratres
1563 1596 1675 1643 etc.).
1724 1587 1846 1634 'Haec
1865 1593 1982 1634 omnia

207 1653 356 1705 poterit
385 1653 435 1692 D.
467 1658 703 1707 praeceptor
735 1665 852 1691 manu
882 1652 1162 1692 Emdschochii
1196 1652 1397 1705 descripta
1434 1654 1555 1694 etiam
1598 1655 1651 1694 ad
1692 1653 1792 1693 alios
1835 1652 1982 1692 mitten

209 1719 250 1752 et
280 1713 491 1764 praecipue
519 1712 569 1751 ad
600 1711 833 1751 Roslinum:
867 1711 931 1763 qui
962 1712 1096 1763 procul
1130 1712 1244 1752 dubio
1271 1713 1354 1764 jam
1383 1725 1500 1764 porro
1533 1713 1695 1753 fatiscet
1725 1712 1797 1752 sub
1822 1711 1982 1764 ponder«

209 1772 276 1812 illo
309 1771 432 1812 totius
464 1771 564 1810 coeli
596 1770 817 1810 e'ccentrici.
880 1771 1012 1810 Etiam
1054 1771 1092 1810 in
1124 1771 1198 1811 hoc
1229 1772 1322 1811 mihi
1350 1772 1663 1823 gratificaretur,
1707 1771 1742 1812 si
1771 1770 1982 1812 Hohenfel-

210 1832 291 1882 deri
310 1827 346 1879 ²)
378 1836 423 1870 ut
448 1830 611 1878 nobiles,
646 1842 756 1869 suam
788 1830 1027 1870 sententiam
1061 1830 1232 1870 carmine
1262 1831 1327 1870 vel
1357 1843 1488 1882 prosa,
1521 1836 1565 1872 ut
1585 1831 1706 1879 lubet,
1740 1824 1982 1871 demonstras⁴

207 1896 308 1930 rent.
372 1890 479 1930 Nam
510 1889 567 1928 illi
599 1889 710 1928 liberi
751 1894 855 1928 sunt.
918 1888 978 1928 De
1021 1889 1110 1929 aliis
1152 1890 1378 1929 academiae
1411 1890 1558 1942 J'uratis
1588 1895 1748 1938 metuo,
1791 1894 1836 1930 ut
1872 1888 1982 1931 velini

209 1949 358 2001 aliquid
389 1954 526 1988 contra
557 1954 758 1999 receptam
789 1948 1027 1987 sententiam
1060 1948 1205 2000 largiri.
1269 1949 1348 1988 Vel
1387 1949 1425 1988 in
1459 1949 1726 2006 disputatione
1759 1949 1808 1989 de
1826 1948 1942 1988 Luna
1971 1959 1982 1992 ι

208 2022 269 2049 me
301 2007 528 2060 conscripta
557 2007 630 2046 hoc
661 2007 718 2046 M.
752 2007 943 2047 Miillerus
976 2007 1284 2056 demonstravit,
1318 2020 1434 2060 quam
1465 2000 1623 2060 alloqui
1642 2004 1874 2048 defensurus
1905 2007 1982 2047 fue-

208 2074 272 2108 rat
304 2067 498 2107 Besoldus
519 2062 566 2113 ⁵).
628 2066 807 2118 Denique
840 2066 886 2105 de
918 2067 1165 2119 typographo
1197 2072 1307 2106 tuam
1327 2067 1566 2107 sententiam
1585 2067 1755 2113 audiam,
1787 2080 1837 2106 an
1859 2065 1982 2118 Grup-

208 2126 468 2180 penbachium
502 2131 761 2177 opportunum
781 2131 820 2164 et
839 2130 1021 2176 paratum
1052 2138 1248 2173 censeres,
1284 2139 1332 2165 an
1357 2127 1662 2166 Francofurtum
1674 2125 1910 2166 mittendum
1929 2123 1982 2165 si't-

209 2191 250 2227 et
280 2199 378 2238 quae
412 2185 569 2224 soleant
599 2183 687 2223 iniri
708 2184 966 2224 conditiones.
1016 2184 1117 2236 Ego,
1150 2185 1296 2236 optime
1316 2191 1564 2237 praeceptor,
1585 2191 1777 2238 propero:
1810 2197 1888 2224 non
1907 2195 1982 2224 me(

209 2245 426 2286 commodo.
489 2245 593 2284 Nam
624 2243 721 2282 haec
753 2243 818 2282 ubi
849 2244 1035 2295 evulgata
1063 2244 1219 2293 fuerint,
1253 2244 1319 2284 alii
1347 2245 1482 2284 forsan
1504 2245 1620 2296 plura
1649 2243 1862 2292 invenient,
1896 2254 1982 2296 quat

209 2305 303 2344 mihi
333 2303 552 2356 potuissem
583 2315 801 2343 reservare.
870 2302 951 2342 Sed
982 2315 1114 2342 sumus
1146 2315 1280 2343 omnes
1313 2304 1374 2351 (et
1404 2316 1477 2356 ego
1508 2304 1763 2355 praesertim)
1794 2302 1982 2355 ἐφημερρι

209 2364 295 2416 Ego
327 2376 420 2403 vero
458 2363 621 2410 studeo,
667 2367 711 2401 ut
740 2362 838 2401 haec
871 2362 922 2401 ad
952 2362 1028 2401 Dei
1059 2362 1241 2414 gloriam,
1290 2362 1356 2414 qui
1395 2363 1482 2402 vult
1512 2376 1562 2402 ex
1592 2363 1690 2403 libro
1721 2367 1888 2403 naturae
1920 2371 1982 2418 agyj

210 2423 331 2472 nosci,
365 2435 479 2475 quam
511 2420 737 2461 maturrime
769 2421 1000 2472 vulgentur:
1035 2433 1109 2472 quo
1142 2422 1231 2473 plus
1264 2421 1332 2461 alii
1362 2421 1453 2461 inde
1485 2422 1741 2469 extraxerint,
1773 2421 1847 2461 hoc
1865 2419 1982 2472 magi!

210 2483 402 2535 gaudebo,
434 2481 530 2520 nulli
561 2480 755 2520 invidebo.
818 2478 885 2519 Sic
917 2480 1007 2519 vovi
1038 2480 1138 2529 Deo,
1172 2480 1228 2520 sic
1260 2485 1343 2521 stat
1374 2481 1586 2521 sententia.
1648 2480 1873 2530 Theologus
1905 2487 1982 2520 ess<

210 2542 413 2582 volebam:
453 2540 518 2580 diu
551 2539 743 2591 angebar:
777 2539 886 2579 Deus
918 2551 1008 2578 ecce
1041 2538 1131 2579 mea
1162 2538 1284 2591 opera
1315 2540 1436 2580 etiam
1467 2540 1506 2580 in
1538 2539 1779 2580 astronomia
1810 2538 1982 2592 celebrari

210 2608 286 2642 tur.
349 2599 454 2646 Quin
485 2599 646 2639 tandem
678 2611 765 2638 cum
784 2599 901 2638 Petro
935 2598 1127 2638 attonitus
1160 2611 1343 2651 erumpo:
1375 2599 1456 2639 Abi
1489 2613 1512 2638 a
1542 2611 1616 2648 me,
1650 2598 1740 2651 quia
1759 2598 1876 2638 homo
1894 2609 1944 2650 pe
1970 2636 1975 2648 ε

209 2666 322 2700 eator
353 2672 452 2699 sum.
516 2657 562 2699 Si
591 2670 773 2709 unquam,
806 2657 870 2696 vel
901 2657 964 2696 hic
996 2658 1116 2698 etiam
1147 2658 1195 2697 de
1226 2657 1420 2698 industria
1450 2658 1665 2698 voluissem
1697 2669 1785 2698 esse
1806 2661 1962 2697 astron

211 2733 319 2767 mus,
365 2718 399 2757 si
435 2730 510 2757 non
555 2716 686 2757 omnia
717 2716 996 2757 delectationis
1027 2730 1150 2757 causa
1181 2716 1469 2768 suscepissem,
1514 2716 1640 2756 minus
1672 2716 1848 2756 mirarer.
1911 2715 1942 2758 S

210 2778 368 2817 nimium
388 2790 448 2817 me
481 2777 646 2824 effundo,
681 2775 832 2827 gaudeo
863 2788 923 2815 me
955 2775 1088 2815 videre
1120 2776 1235 2816 finem
1265 2776 1436 2816 chartae.
1500 2776 1601 2815 Vale
1630 2776 1871 2827 Praeceptor
1891 2773 1940 2816 Cl
1967 2770 1969 2772 ’

210 2837 364 2876 rissime
397 2843 438 2876 et
467 2849 528 2875 me
561 2848 692 2875 amare
717 2847 848 2886 perge.
911 2835 1040 2875 Datae
1073 2834 1112 2876 3.
1148 2834 1237 2876 Oct.
1271 2840 1322 2875 st.
1355 2847 1393 2874 n.
1428 2847 1528 2874 anno
1561 2831 1630 2876 95.
1694 2833 1874 2875 Salutem
1904 2830 1967 2874 di‘

213 2895 389 2935 omnibus
421 2894 763 2946 Praeceptoribus.

897 2952 1167 2992 Humanitatis
1198 2952 1305 2991 Tuae

1026 3010 1334 3051 officiosissimus
1366 3013 1407 3048 et
1438 3008 1686 3061 gratissimus
1718 3008 1932 3062 discipulus

1315 3068 1374 3109 M.
1406 3068 1474 3110 J0.
1504 3067 1676 3122 Kepzer.
