2028 3242
214 65 299 108 334
539 49 541 51 ¹
775 68 908 101 Literae
933 67 1069 108 Kepleri
1095 69 1296 110 aliorumque
1321 74 1456 102 mutuae

321 171 376 212 ,Si
408 177 451 210 tu
490 171 720 221 existimas,
759 179 800 212 te
833 178 991 224 gratum
1031 173 1126 213 mibi
1170 174 1322 223 facere,
1374 186 1438 214 me
1477 154 1698 216 exercendo
1737 175 2026 227 objectionibus

214 243 289 269 non
324 229 458 276 seriis,
505 235 546 269 et
583 231 623 270 in
663 231 802 283 quibus
844 233 930 284 ipse
963 232 1071 272 scias
1110 232 1362 281 solutionem,
1397 233 1564 274 falleris.
1627 234 1718 275 Non
1749 241 1844 286 peto
1874 231 2026 274 ubios

213 288 389 338 vincere,
424 289 493 328 sed
526 295 720 337 mentem,
762 291 955 340 animum,
997 292 1240 331 sententiam
1284 292 1357 332 tibi
1389 292 1541 344 eripere
1572 292 1752 347 penitus:
1797 298 1870 334 aut
1898 302 2026 347 meam

214 347 286 387 tibi
319 349 473 394 cedere,
508 348 542 387 si
574 349 732 390 viceris.

308 429 555 462 Fabricius:
600 430 636 463 Si
660 433 694 463 in
720 435 796 464 aere
821 432 928 464 nullus
955 431 1056 470 calor,
1083 436 1120 464 ut
1145 436 1183 464 tu
1207 433 1254 464 vis
1281 432 1328 475 (p.
1360 429 1457 472 315),
1482 433 1570 466 unde
1594 436 1743 466 metecra
1766 434 1885 481 ignita,
1909 433 2027 466 stellae

212 476 385 508 volantes?
437 477 534 510 Certe
562 487 582 510 a
607 486 641 510 se
669 479 807 511 accendi
833 488 898 511 non
923 484 1071 520 possunt,
1099 489 1160 512 nec
1189 489 1209 512 a
1235 479 1310 512 Sole
1338 477 1401 512 sub
1420 471 1556 512 Terram
1581 475 1748 518 demersb3
1773 484 1836 514 uec
1861 488 1884 514 a
1907 477 2028 527 frigida

212 529 335 556 natura
360 525 431 556 loci.
483 526 513 557 A
537 526 680 567 planetis
706 536 780 559 vero
808 527 958 563 accendi,
985 527 1113 558 facilius
1141 527 1207 559 dici
1231 531 1353 568 potest,
1384 534 1482 570 qnam
1507 527 1646 570 probari.
1699 526 1802 570 Cupie
1828 532 1905 573 emo
1930 531 1970 561 e!
1990 526 2027 562 te

214 579 434 614 cognoscere,
472 573 631 615 quomodo
659 574 884 606 accendantur
917 573 974 606 illa
998 574 1032 605 in
1058 576 1134 606 aere
1160 579 1194 606 et
1219 575 1290 607 loco
1315 573 1458 617 frigido?
1510 575 1670 607 'fractum
1695 575 1783 607 enim
1805 574 1898 608 iilum
1923 579 2027 609 totum

216 619 259 650 ad
285 618 415 651 Lunam
440 629 553 662 usque,
581 620 631 652 vel
658 622 758 653 etiam
783 622 936 659 ulterius,
963 621 1135 663 frigidum,
1161 621 1212 653 vel
1239 626 1327 654 certe
1353 631 1419 654 non
1444 622 1591 667 calidum'
1615 629 1700 659 esse,
1729 626 1764 655 et
1788 630 1851 666 ego
1876 622 2025 666 conficie-

214 666 283 708 Ego
309 667 477 699 stellarum
501 669 535 699 in
555 670 648 700 'aere
664 669 914 700 discurrentium
948 669 1122 700 materiam
1157 678 1225 700 non
1250 677 1415 705 crassam,
1453 670 1512 702 sed
1542 670 1687 703 maxime
1711 670 1838 710 levem,
1875 670 2026 705 sumilein

215 722 394 792 ceniserem.
445 713 550 746 Nemo
575 725 720 757 unquam
747 726 787 748 ex
805 716 954 749 accensis
971 715 1033 748 illis
1050 716 1234 748 volantibus
1251 717 1352 748 stellis
1368 718 1402 750 in
1418 717 1553 766 Terram
1570 711 1748 760 quidquam
1767 713 1918 751 decidere
1935 716 2025 756 rffit,

215 771 256 792 au
281 762 338 792 ivit
363 766 421 793 aut
446 763 558 794 sensit.

332 821 603 873 Keplerus:
656 821 776 861 Aeris
810 820 1012 872 frigiditas
1047 821 1118 861 tibi
1158 834 1236 861 non
1269 822 1418 873 placet.
1486 819 1852 874 Objicisssmeteora
1882 822 2024 876 ignita.

215 878 373 930 objicio
407 893 480 932 ego
513 881 699 920 Boream.
763 879 809 921 Si
841 892 998 932 semper
1031 886 1173 932 suapte
1214 888 1361 920 natura
1403 880 1556 920 calidus
1604 885 1693 928 aer,
1730 881 1835 922 unde
1879 890 2026 935 quaeso

213 939 276 982 fit,
329 944 371 977 ut
408 939 562 979 Boreas
604 940 781 980 membra
819 940 996 979 adurat?
1058 939 1163 979 Nam
1196 940 1294 980 iilud
1325 950 1460 980 rarum
1497 945 1584 990 est,
1635 940 1795 981 incendi
1827 947 2020 991 memora,

214 998 287 1036 hoc
318 1005 553 1052 perpetuum
574 1011 742 1051 semper,
775 998 1003 1051 infrigidari
1036 1002 1171 1039 aerem
1203 1011 1275 1039 sua
1295 1005 1451 1046 natura,
1485 999 1563 1040 nisi
1588 999 1828 1040 calefactum
1850 1001 2024 1041 aliunde.

215 1057 298 1096 Imo
332 1070 424 1097 vero
458 1058 497 1097 in
530 1058 789 1111 sequentibus
822 1058 1017 1107 declaras,
1052 1063 1092 1098 te
1125 1071 1276 1098 mecum
1310 1058 1474 1107 sentire,
1508 1059 1549 1099 id
1580 1059 1727 1104 saltem
1758 1062 1902 1112 cupere
1936 1060 2022 1100 dis-

214 1129 321 1164 cere,
374 1130 449 1169 quo
488 1118 603 1157 modo
644 1123 822 1157 meteora
863 1117 934 1157 illa
970 1117 1249 1157 incendantur.
1311 1114 1657 1169 Respondeoe'si
1688 1116 1875 1170 flagrant,
1909 1119 1967 1159 sic
2000 1123 2025 1158 a

216 1175 363 1227 frigore
396 1177 674 1225 incenduntur,
708 1182 751 1216 ut
782 1177 942 1228 fulgura
975 1183 1015 1216 et
1048 1177 1214 1217 fulmina
1244 1177 1350 1217 inter
1380 1177 1616 1228 g1·andines;
1650 1172 1845 1230 coguntur
1875 1175 2022 1231 Rigore

215 1235 371 1287 vimque
404 1235 616 1276 intendunt
650 1249 761 1276 suam
795 1242 835 1276 et
868 1237 1068 1276 flammam
1100 1236 1342 1289 concipiunt.

309 1330 560 1362 Fabricius:
604 1330 766 1363 Virtutem
792 1330 926 1362 vitalem
951 1331 985 1362 in
1009 1330 1141 1362 humido
1166 1330 1305 1363 radicali
1330 1334 1366 1363 tu
1390 1330 1496 1372 prima
1520 1331 1623 1363 causa
1636 1331 1745 1372 ponis,
1769 1329 1934 1365 secundas
1949 1340 2026 1365 vero

213 1378 327 1409 tribuis
351 1378 454 1409 motui
481 1377 578 1409 Solis.
628 1378 689 1409 Est
714 1379 802 1410 enim
826 1379 860 1410 in
887 1377 963 1410 Sole
987 1379 1035 1409 vis
1067 1378 1265 1420 vegetandi,
1301 1377 1534 1410 exstimulandi
1570 1378 1697 1410 animos
1735 1382 1770 1410 et
1805 1378 1902 1410 robur
1926 1378 2026 1411 vitale

213 1435 277 1456 non
306 1426 436 1467 exigua.
488 1425 590 1457 Putas
623 1435 698 1456 vero
734 1435 807 1457 eam
840 1426 993 1457 virtutem
1030 1425 1305 1457 exstimulativam
1337 1423 1396 1458 &cs
1430 1432 1487 1466 pro
1518 1425 1607 1457 vario
1640 1425 1705 1457 situ
1737 1430 1796 1457 suo
1820 1423 1856 1456 in
1879 1421 2027 1458 themate

214 1482 281 1503 non
306 1473 436 1512 variari,
463 1472 522 1504 sed
545 1478 740 1514 perpetuam
766 1477 799 1504 et
826 1473 886 1505 sibi
911 1473 1051 1504 similem
1077 1482 1159 1509 esse,
1187 1474 1268 1504 situs
1292 1482 1368 1505 vero
1393 1472 1610 1505 variationem
1634 1471 1732 1505 certis
1756 1473 1914 1514 perennis,
1940 1476 2025 1505 tem·

214 1521 344 1560 poribus
370 1524 404 1551 et
427 1520 507 1551 locis
534 1520 703 1552 stimulare
730 1521 856 1552 animos
896 1517 1015 1562 (comp.
1042 1531 1074 1561 p.
1102 1517 1199 1559 314).
1250 1520 1465 1561 Respondeo:
1493 1524 1619 1552 certum
1644 1523 1705 1558 est,
1730 1519 1896 1552 hominm
1919 1521 2026 1554 viuere

216 1568 338 1608 absque
365 1567 451 1606 Sole,
479 1577 541 1599 nec
567 1567 623 1599 Sol
649 1569 748 1600 unica
764 1569 853 1599 vitae
871 1568 1032 1600 naturalis
1058 1577 1162 1600 causa
1187 1572 1247 1605 est,
1274 1569 1335 1600 sed
1359 1567 1478 1599 saltem
1502 1567 1675 1608 adjuvans,
1701 1571 1736 1600 et
1759 1567 1920 1599 relatione
1944 1577 2024 1610 quae

216 1615 293 1646 dam
320 1615 430 1647 divina
456 1625 510 1649 cor
535 1616 622 1647 vitae
647 1615 773 1647 fontem
797 1617 931 1657 respicit
956 1615 1136 1656 (Keplerus
1153 1615 1186 1646 in
1204 1616 1372 1658 margine:
1400 1614 1456 1647 Sol
1482 1623 1537 1646 cor
1561 1616 1696 1657 respicit
1716 1625 1785 1646 non
1808 1619 1879 1646 tam
1895 1611 2027 1654 occulta

216 1663 341 1694 ratione
369 1662 492 1699 divina,
519 1672 618 1704 quam
642 1664 820 1694 manifesta
845 1662 1056 1694 similitudine
1082 1662 1259 1702 naturae),
1293 1664 1379 1695 sicut
1405 1662 1506 1694 ceteri
1530 1662 1686 1704 planetae
1712 1662 1780 1694 alia
1802 1659 1952 1694 membra
1973 1667 2024 1695 re-

216 1711 375 1750 spiciunt,
411 1709 496 1751 quod
521 1720 563 1741 ne
587 1711 704 1741 mirum
729 1711 788 1742 tibi
814 1711 875 1747 sit,
902 1710 1048 1751 exemplo
1075 1709 1260 1742 declarabo.
1309 1710 1422 1742 Habet
1447 1708 1503 1740 Sol
1534 1709 1676 1742 eundem
1702 1710 1861 1747 calorem,
1899 1711 2027 1751 temper

215 1758 275 1788 sibi
299 1758 456 1794 similem,
496 1761 532 1788 at
556 1757 683 1789 ratione
709 1759 790 1788 situs
815 1758 849 1789 in
875 1758 967 1789 coelo
992 1767 1059 1789 non
1083 1758 1202 1799 ubique
1229 1758 1412 1799 aequaliter
1438 1766 1512 1789 eum
1537 1757 1679 1790 calorem
1704 1757 1866 1798 impentih
1893 1757 1927 1790 in
1951 1761 2024 1790 orm

214 1806 349 1846 exiguus
376 1809 443 1842 est,
470 1805 520 1836 vel
546 1805 647 1836 etiam
672 1805 799 1841 nullus,
827 1806 861 1836 in
885 1805 1065 1837 meridiano
1091 1806 1272 1842 maximus,
1309 1806 1360 1837 ita
1382 1809 1421 1836 ut
1445 1805 1508 1836 situ
1531 1805 1676 1839 vitietur
1700 1804 1791 1838 calm·
1814 1803 1911 1846 Solia
1961 1803 2027 1837 Gur

213 1863 280 1883 non
305 1853 422 1884 eadem
446 1852 572 1883 ratione
607 1852 739 1884 occulta
771 1852 847 1884 talis
873 1854 919 1884 vis
946 1853 1114 1884 animandi
1147 1857 1194 1886 et„
1205 1852 1383 1895 vegetandi
1415 1851 1585 1884 humidum
1608 1853 1698 1885 vitae
1721 1851 1871 1884 radicale
1892 1847 2023 1884 diversi—

214 1900 309 1931 mode
336 1909 370 1932 se
396 1900 518 1931 habere
543 1900 644 1940 possit
677 1898 871 1941 (Keplerus:
917 1899 1004 1938 Quia
1030 1900 1116 1931 aliae
1142 1900 1232 1942 leges
1257 1897 1382 1940 hujus),
1409 1908 1471 1931 nec
1495 1902 1609 1931 tamen
1635 1899 1670 1932 in
1691 1899 1743 1932 bis
1769 1898 1917 1946 &mnibus
1942 1893 2025 1931 adeo

216 1947 258 1978 ad
285 1956 404 1979 causas
431 1951 464 1977 et
491 1948 635 1978 rationes
661 1947 829 1978 naturales
854 1947 1094 1988 respiciendum
1120 1956 1192 1978 esse
1217 1952 1316 1988 puto,
1355 1950 1409 1983 ut,
1435 1955 1520 1987 quae
1545 1951 1679 1987 praeter
1700 1948 1855 1978 navatam
1884 1950 1929 1979 fen
1949 1945 2025 1979 sela

215 1994 326 2025 divina
351 1994 558 2026 ordinatione
582 1995 632 2026 ita
656 1995 838 2026 constituta
862 1999 949 2031 sunt,
976 1991 1032 2035 pro
1058 1994 1148 2026 falsis
1173 1994 1294 2026 habere
1319 1991 1482 2026 velimus?
1531 1990 1612 2034 (Ka
1639 1993 1756 2032 Proba,
1782 1993 1929 2027 divinam
1949 1998 2026 2028 §tm

217 2042 494 2078 constitutionem,
522 2046 555 2072 et
579 2051 636 2082 pro
663 2042 745 2073 falso
772 2052 838 2073 non
861 2040 1018 2080 habebo.)

309 2088 401 2120 Deus
436 2088 622 2129 apheticam
653 2090 716 2120 vim
751 2090 911 2121 diversam
945 2084 1156 2120 luminaribus
1191 2089 1359 2126 attribuit,
1394 2092 1432 2120 ut
1462 2089 1497 2120 in
1528 2087 1590 2121 hoc
1620 2087 1692 2121 loco
1723 2087 1879 2120 thematis
1908 2088 2027 2125 minus,

214 2136 247 2166 in
279 2135 342 2167 alio
375 2137 497 2178 magis,
535 2136 568 2166 in
603 2137 700 2167 tertio
735 2137 814 2167 nihil
850 2136 1056 2178 significent3
1099 2145 1177 2167 nam
1213 2136 1301 2168 bona
1336 2139 1369 2168 et
1398 2135 1490 2168 mala
1528 2132 1743 2168 diversimode
1779 2128 1958 2177 dispensat,
1993 2132 2028 2168 et

215 2193 290 2215 cum
325 2193 383 2224 per
419 2185 516 2225 signa
549 2184 673 2215 variam
710 2183 798 2216 hanc
836 2184 1113 2225 dispensationem
1144 2183 1361 2225 praefigurat,
1403 2193 1470 2215 non
1504 2184 1539 2215 in
1575 2182 1692 2226 signis,-
1731 2182 1791 2230 sed
1826 2184 1862 2215 ιιι
1895 2182 2024 2215 ordint-⁴·

215 2231 304 2262 tione
329 2230 393 2262 Dei
421 2240 545 2262 causae
569 2231 664 2271 hujus
692 2231 891 2263 diversitatis
915 2231 1129 2273 inquirendae
1157 2235 1261 2263 erunt.
1313 2231 1412 2272 Lapis
1443 2240 1505 2263 sua
1527 2235 1649 2263 natura
1680 2240 1746 2263 non
1771 2234 1823 2263 est
1844 2230 1939 2263 limes
1962 2239 2026 2266 nee

215 2279 344 2320 signum
369 2279 459 2318 viae,
484 2279 535 2310 vel
561 2278 650 2310 aliud
676 2279 911 2310 adminiculum
934 2279 1011 2311 huic
1037 2279 1087 2310 vel
1112 2279 1156 2310 illi
1183 2279 1230 2310 rei
1256 2278 1557 2314 accommodatum,
1589 2279 1648 2311 sed
1673 2288 1712 2312 ex
1737 2278 1942 2313 ordinatione
1966 2277 2024 2311 ho-

214 2329 337 2357 minum
363 2327 392 2357 ei
419 2326 524 2357 officio
551 2326 741 2368 delegatur,
780 2331 817 2358 ut
848 2327 943 2358 modo
975 2327 1018 2358 sit
1048 2327 1140 2358 limes
1176 2336 1349 2368 agrorum,
1390 2326 1486 2357 modo
1513 2326 1680 2369 angularis
1704 2325 1788 2370 lapis
1811 2326 1846 2357 in
1872 2321 2024 2357 aedificio

215 2372 340 2414 aliquo,
379 2373 473 2404 modo
501 2374 630 2415 signum
664 2375 736 2406 viae
762 2374 813 2405 vel
838 2374 1107 2415 impedimentum
1133 2375 1224 2414 ejus,
1263 2373 1358 2405 modo
1383 2383 1441 2414 per
1466 2383 1501 2405 se
1523 2375 1616 2414 jacet
1642 2373 1765 2415 absque
1796 2372 1883 2404 omni
1907 2366 2026 2404 officio.

216 2419 359 2452 Stultum
385 2420 438 2452 hic
466 2425 574 2458 esset,
611 2421 646 2452 in
677 2422 746 2462 ipso
777 2422 887 2462 lapide
919 2431 1075 2462 quaerere
1101 2422 1283 2456 rationem,
1322 2429 1379 2453 cur
1403 2420 1567 2452 interdum
1599 2420 1823 2459 limesfesset,
1861 2419 2025 2452 interdum

216 2467 318 2504 nihil;
345 2469 403 2500 sed
427 2469 461 2500 in
485 2468 627 2500 hominis
653 2470 859 2500 ordinatione
884 2468 990 2500 latent
1015 2468 1130 2500 horum
1154 2469 1311 2500 rationes.
1362 2467 1559 2509 (Keplerusz
1599 2467 1746 2506 Summa,
1770 2470 1808 2499 ut
1830 2464 2024 2507 lauis'ordi-

214 2516 349 2546 natione
374 2514 541 2547 hominum
565 2516 730 2547 interdum
755 2526 794 2548 ex
818 2516 919 2547 limite
945 2516 983 2547 fit
999 2515 1280 2556 impedimentum,
1307 2516 1356 2547 ita
1373 2515 1428 2547 Sol
1455 2522 1495 2547 ex
1512 2513 1716 2547 ordinatione
1734 2514 1845 2547 divina
1860 2513 2025 2549 interdum

215 2571 254 2592 ex
278 2563 366 2595 vitae
392 2563 506 2594 datore
531 2562 773 2605 θανασιμος.)
824 2563 878 2596 Sic
917 2563 1004 2604 quod
1029 2563 1083 2594 Sol
1108 2563 1142 2595 in
1167 2562 1243 2594 XII.
1271 2559 1398 2602 (domo)
1435 2571 1492 2603 pro
1517 2562 1587 2594 vita
1622 2555 1775 2603 exiguam
1810 2565 1870 2594 aut
1901 2560 2026 2594 nullam

215 2610 489 2651 significationem
514 2610 626 2648 habet,
652 2612 685 2642 in
712 2611 739 2641 l.
767 2615 800 2642 et
824 2610 864 2641 X.
890 2619 1062 2652 magnam,
1087 2611 1121 2641 in
1140 2610 1232 2641 V111.
1261 2610 1361 2651 aliam
1386 2618 1484 2651 quam
1500 2609 1535 2639 in
1555 2607 1632 2647 VII,
1660 2617 1765 2640 causa
1786 2608 1905 2643 horum
1924 2612 2024 2644 nme

214 2657 290 2687 ralis
316 2657 407 2688 nulla
433 2662 482 2689 est
506 2659 541 2688 in
567 2658 653 2697 Sole,
682 2659 741 2690 sed
765 2659 798 2689 in
817 2658 882 2690 Dei
908 2658 1114 2689 ordinatione
1140 2657 1339 2698 (Keplerusz
1363 2656 1444 2688 Inde
1462 2655 1638 2687 absurdum
1654 2654 1876 2696 probandum)
1906 2673 1946 2680 —
1968 2664 2022 2689 >10-

214 2703 316 2735 lativa
349 2705 435 2736 enim
469 2705 565 2746 signa
590 2710 667 2737 sunt
691 2705 800 2737 sidera
826 2724 868 2728 —
896 2705 949 2746 qui
980 2705 1044 2736 hac
1080 2705 1268 2736 diversitate
1301 2703 1474 2735 arbitraria
1498 2703 1584 2734 bona
1609 2703 1696 2734 varie
1723 2703 1913 2744 dispensat.
1949 2712 2022 2735 cum

215 2761 280 2781 non
306 2752 402 2782 unius
432 2752 518 2783 modi
543 2753 610 2783 sint
634 2752 802 2789 homines,
845 2761 906 2783 nec
938 2761 1003 2782 uno
1029 2751 1125 2783 modo
1152 2755 1257 2793 agant
1283 2755 1342 2782 aut
1365 2751 1495 2786 vivant,
1532 2753 1565 2780 et
1590 2750 1756 2788 actionem
1781 2749 1938 2782 astralem
1972 2749 2022 2782 vel

214 2798 489 2839 significationem
516 2803 574 2831 aut
599 2799 802 2841 suspendunt
827 2803 885 2830 aut
903 2803 1066 2830 exserunt.
1119 2797 1315 2839 (Keplerust
1342 2796 1376 2829 Si
1400 2796 1484 2828 haec
1501 2795 1566 2828 Dei
1590 2796 1742 2829 voluntas
1757 2797 1854 2829 nullis
1872 2795 2021 2839 curlegi-

213 2845 272 2875 bus
298 2846 448 2887 alligata,
473 2848 586 2887 nequit
610 2848 705 2883 sciri;
732 2847 759 2878 si
786 2850 836 2878 est
861 2846 1011 2888 alligata,
1033 2848 1102 2886 ,iam
1129 2847 1221 2878 facta
1245 2849 1296 2877 est
1319 2853 1395 2886 pars
1420 2847 1582 2880 naturae,
1609 2845 1814 2886 accipietque
1839 2844 1953 2877 modos
1980 2844 2023 2877 ad

214 2891 312 2923 finem
337 2891 523 2932 ducentes.)
599 2931 603 2934 ,

311 2939 407 2977 Quod
432 2940 600 2980 eclipsium
626 2940 763 2972 effectus
789 2950 847 2982 per
872 2940 1108 2981 experientiam
1133 2939 1212 2971 mali
1237 2937 1543 2980 deprehendantur,
1581 2948 1647 2970 non
1673 2947 1713 2979 ex
1737 2941 1858 2970 natura
1881 2937 2020 2974 illarum,

217 2985 275 3016 sed
301 2996 340 3018 ex
364 2986 429 3026 Dei
455 2987 661 3019 ordinatione
687 2997 768 3026 esse,
797 2988 867 3029 quis
893 2997 958 3022 non
983 2985 1100 3019 videt?
1150 2984 1231 3026 (K.:
1258 2986 1328 3028 Ego
1346 2994 1473 3026 quoque
1492 2983 1596 3024 olim.)
1646 2984 1746 3023 Nam,
1772 2994 1871 3026 quam
1894 2983 2021 3026 physici

219 3032 360 3063 afferunt
385 3042 533 3069 causam,
558 3035 705 3066 invalida
723 3038 789 3072 est3
817 3034 899 3067 alias
923 3035 957 3065 in
988 3035 1101 3076 quavis
1121 3029 1159 3077 Os
1186 3033 1293 3070 Luna,
1319 3032 1478 3064 destituta
1494 3032 1616 3064 lumine
1634 3031 1728 3069 Solis,
1754 3031 1904 3064 humores
1921 3032 2023 3063 etim

218 3078 410 3111 destitueret
435 3084 469 3112 et
493 3081 616 3113 malum
641 3082 785 3113 inferret.
842 3082 933 3113 Idem
958 3082 1000 3114 de
1030 3081 1162 3123 reliquis
1190 3081 1334 3122 planetis
1367 3079 1577 3112 sentiendum
1610 3084 1700 3125 puto..
1748 3079 1848 3112 Aliud
1869 3078 1964 3112 Mart
1986 3079 2022 3111 in
