2028 3242
169 73 255 119 378
730 75 863 107 Literae
887 74 1024 116 Kepleri
1049 75 1250 116 aliorumque
1275 78 1410 107 mutuae

169 181 226 222 sic
257 185 414 234 potest,
461 185 505 220 ut
537 180 575 220 in
611 180 808 220 infinitum
854 180 1057 232 progressi
1101 190 1259 232 semper
1289 179 1453 232 propius
1481 179 1740 228 accedamus,
1786 189 1859 217 nec
1888 174 1979 228 plus

168 254 247 280 una
287 240 441 279 unitate
482 238 713 280 deficiamus
758 239 797 279 in
843 240 934 291 ipsa
966 239 1154 291 quadrati
1198 237 1479 279 delineatione.
1541 239 1783 292 Incipiamus
1819 234 1924 276 enim
1955 247 1980 274 a.

168 299 365 339 minimis:
399 298 455 339 sit
485 311 672 339 numerus
704 298 916 338 divisibilis
949 298 1132 338 minimus
1165 297 1210 347 2,
1244 303 1383 351 partes
1414 297 1568 337 habens
1603 297 1635 338 1
1658 302 1700 338 et
1733 296 1777 342 1,
1816 305 1979 348 quarum

169 371 250 398 una
277 358 363 410 jam
396 358 594 398 habeatur
624 370 696 411 pro
727 357 891 404 minori,
931 357 1061 397 altera
1091 371 1162 410 pro
1195 356 1348 409 majori.
1411 355 1480 397 Sic
1523 356 1646 408 igitur
1674 362 1792 396 erunt
1820 351 1981 395 termini

174 416 216 466 1,
251 415 294 466 1,
331 415 372 456 2.
437 416 483 458 Si
516 418 697 469 perfecte
729 422 842 457 esset
872 429 1065 468 expressa
1095 417 1302 470 proportio
1336 415 1489 463 divina,
1528 419 1732 469 oporteret
1761 418 1979 463 rectangm

170 477 250 515 lum
295 481 567 516 extremorum
611 475 773 529 aequari
819 476 1016 528 quadrato
1048 476 1186 526 medii,
1234 480 1277 515 at
1314 474 1474 515 excedit
1504 475 1679 522 unitate,
1721 478 1769 514 ut
1796 472 1889 521 [D
1915 471 1982 519 [Β

169 548 293 587 pergo
326 535 469 587 igitur,
503 547 746 587 componens
778 540 936 586 partem
964 535 1158 587 majorem
1198 534 1215 575 1
1253 546 1341 574 cum
1379 539 1464 573 toto
1498 532 1543 583 2,
1586 539 1632 574 ut
1661 533 1744 574 sint
1774 529 1820 580 3,
1867 533 1983 572 erunt

169 594 329 634 termini
362 595 423 635 sic
461 592 502 642 1,
523 594 582 647 12,
616 592 666 643 3;
712 593 775 633 hic
807 594 1082 645 rectangulum
1116 600 1382 635 extremorum
1409 597 1473 633 est
1505 591 1551 642 3,
1593 593 1832 646 quadratum
1852 587 1980 634 ,medii

169 658 232 692 est
263 650 290 693 4
342 654 418 700 (ᾖ
439 682 450 698 ,
485 652 568 701 ΕΗ).
631 653 761 704 Pergo
805 665 984 696 rursum,
1030 655 1220 706 majorem
1264 650 1291 692 2
1336 652 1487 692 addens
1532 651 1609 692 toti
1653 649 1704 699 3,
1749 655 1795 691 nt
1837 660 1981 690 novum

169 717 297 752 totum
329 712 382 751 sit
414 711 439 752 5
451 725 463 761 ;
498 712 655 753 termini
688 711 728 758 2,
763 710 801 758 3,
837 709 877 752 5.
939 710 1235 765 Rectangulum
1260 715 1524 751 extremorum
1557 709 1597 759 2,
1632 709 1658 752 5
1691 714 1757 750 est
1779 707 1846 759 10,
1879 719 1981 764 qua·-

169 800 327 840 dratum
360 801 479 840 medii
512 807 576 840 est
607 799 633 842 9
671 776 810 876 (Q
862 773 998 877 Q).
1080 799 1273 842 Similiter
1318 802 1420 842 adde
1465 799 1491 841 3
1536 804 1578 840 et
1623 798 1675 847 5,
1725 803 1770 838 ut
1813 795 1894 836 sint
1937 793 1979 835 8.

170 916 307 958 5><5
344 933 394 952 =
430 916 511 964 25,
546 915 654 958 3.s
690 934 738 953 =
775 917 1003 972 24,*ping0
1034 919 1157 972 igitur
1189 920 1246 960 sic
1310 897 1455 991 (Q
1505 893 1663 990 Q).
1738 915 1825 963 na,
1877 912 1980 966 quod

169 1005 233 1045 uni
267 1006 395 1050 deest,
429 1006 548 1045 alteri
581 1006 764 1047 abundat
793 1015 1002 1059 perpetuo.
1064 1007 1156 1048 Non
1188 1013 1298 1060 puto,
1331 1021 1394 1048 me
1426 1019 1545 1076 posse
1578 1005 1726 1047 clarius
1759 1008 1803 1044 et
1830 1001 1978 1055 palpa-

170 1065 286 1104 bilius
321 1078 401 1104 iem
435 1065 647 1117 explicare,
684 1079 802 1118 quam
834 1066 868 1106 si
900 1067 1043 1115 dicam,
1078 1072 1119 1106 te
1150 1066 1286 1107 videre
1318 1067 1515 1119 imagines
1547 1066 1630 1107 illic
1661 1062 1882 1110 mutulae,
1914 1059 1980 1101 hic

169 1125 325 1164 vulxae.
387 1124 526 1163 Efficit
558 1124 680 1182 igitur
712 1126 776 1165 hic
809 1139 999 1166 excessus
1032 1127 1288 1180 alternisque
1310 1126 1492 1166 defectus
1523 1122 1766 1175 rectanguli,
1801 1125 1846 1162 ut
1875 1132 1980 1159 nun-

169 1196 285 1236 quam
319 1184 494 1250 perfecte
529 1183 796 1236 exprimamus
828 1185 1002 1226 numeris
1033 1186 1329 1253 proportionem
1362 1184 1552 1226 divinam.
1615 1183 1672 1224 Et
1701 1187 1838 1222 tamen
1867 1191 1979 1218 sem-

169 1255 240 1294 per
271 1242 434 1294 propius
467 1243 518 1282 ad
550 1243 681 1295 ipsam
713 1244 969 1293 accedimus,
1017 1257 1092 1297 quo
1138 1245 1298 1297 saepius
1336 1244 1626 1297 componimuS.
1651 1246 1716 1287 ut
1753 1239 1789 1280 si
1821 1236 1846 1280 5
1880 1243 1922 1278 et
1951 1235 1980 1278 8

169 1314 396 1352 componas,
431 1307 547 1341 erunt
584 1301 660 1351 133
689 1303 776 1354 jam
814 1301 865 1344 13
898 1304 936 1343 in
969 1302 995 1345 5
1028 1304 1295 1355 multiplicata
1327 1304 1425 1344 dant
1456 1299 1524 1352 65,
1558 1300 1587 1343 8
1607 1314 1700 1342 vero
1732 1298 1860 1341 octies
1885 1300 1979 1338 sunt

172 1357 228 1401 64
275 1362 367 1408 (en,
403 1373 525 1413 supra
557 1361 658 1410 dixi,
700 1361 728 1403 8
755 1362 870 1403 annis
907 1361 957 1404 13
981 1363 1221 1415 contingere
1253 1363 1553 1403 conversiones.
1567 1361 1774 1407 Veneris).
1837 1357 1977 1409 Itaque

171 1420 351 1459 defectus
392 1420 506 1459 unius
551 1421 775 1473 rectanguli
820 1422 999 1490 proxime
1033 1427 1267 1474 compensat
1300 1435 1507 1464 excessum
1550 1419 1728 1474 proxime
1761 1413 1978 1470 sequentis,

171 1485 214 1518 ut
246 1480 302 1518 ita
334 1478 375 1518 in
408 1479 560 1519 duabus
584 1480 735 1520 vicibus
768 1482 952 1533 proxime
983 1482 1045 1521 bis
1081 1487 1236 1522 utamur
1266 1481 1522 1534 proportione
1555 1479 1702 1520 divina.
1740 1477 1832 1518 Ad
1864 1474 1980 1526 cujus

170 1538 227 1578 rei
259 1537 580 1588 similitudinem,
609 1540 642 1579 si
675 1553 725 1579 ex
758 1541 890 1593 aliquo
923 1540 1071 1594 Satyro
1104 1541 1306 1580 rusticano
1339 1553 1528 1592 quaeras,
1567 1552 1646 1592 qua
1676 1538 1716 1579 in
1747 1550 1790 1578 re
1823 1534 1981 1576 differat

170 1596 377 1649 generatio
411 1598 575 1664 plautae
609 1613 632 1638 a
664 1600 922 1651 generatione
954 1600 1137 1649 hominis,
1170 1600 1450 1651 respondebit,
1490 1598 1528 1638 in
1561 1599 1658 1646 hoc,
1705 1597 1810 1650 quod
1839 1595 1981 1647 planta

171 1656 321 1696 habeat
365 1670 500 1696 semen
534 1657 572 1696 in
606 1671 669 1707 se,
715 1659 851 1710 itaque
884 1672 1002 1699 unam
1034 1659 1214 1699 sufficere
1248 1660 1298 1698 ad
1331 1658 1472 1699 similis
1503 1656 1828 1710 generationem,
1865 1656 1910 1693 at
1939 1650 1979 1690 in

141 1711 326 1755 ‘homine
359 1717 576 1755 mentulam
610 1722 651 1756 et
684 1719 844 1757 vulvam
877 1718 1086 1758 convenire
1119 1731 1283 1758 necesse
1315 1731 1424 1766 esse,
1471 1722 1534 1766 ut,
1569 1716 1673 1768 quod
1704 1715 1771 1756 uni
1801 1712 1908 1755 desit
1938 1713 1981 1750 et

171 1775 275 1822 hiet,
324 1774 441 1814 alteri
474 1776 650 1815 abundet
683 1782 724 1815 et
755 1778 1028 1828 propendeat,
1076 1778 1307 1829 duobusque
1341 1775 1564 1816 hominibus
1590 1775 1743 1828 junctis
1788 1778 1830 1816 et
1860 1770 1979 1823 hujus

171 1846 338 1873 excessu
370 1834 411 1872 in
443 1833 550 1874 illius
584 1835 784 1875 defectum
815 1836 982 1884 inserto,
1016 1837 1159 1876 tertius
1193 1835 1333 1876 similis
1367 1840 1570 1875 nascatur.

288 1895 424 1944 Atque
458 1893 520 1932 hic
552 1906 741 1933 excursus
775 1900 874 1943 esto,
911 1908 1026 1947 quem
1058 1895 1151 1934 mihi
1185 1895 1355 1935 extorsit
1384 1894 1557 1946 prurigo,
1592 1858 1856 1933 aReinhardi
1883 1901 1980 1942 spe-

172 1951 438 1991 culitionibus
470 1952 688 1993 concitata.
753 1954 866 1993 Ludo
901 1955 1044 2006 quippe
1077 1960 1118 1994 et
1151 1966 1224 2006 ego
1252 1953 1443 2007 symbolis
1475 1958 1517 1992 et
1537 1951 1768 2004 opusculum
1792 1948 1975 1990 institui:

171 2010 411 2057 „cahbalam
432 2012 760 2061 geometricam“,
810 2025 910 2064 quae
944 2019 1008 2052 est
1029 2013 1076 2052 de
1096 2012 1196 2052 ideis
1229 2025 1358 2052 rerum
1390 2011 1630 2052 naturalium
1662 2010 1701 2049 in
1733 2008 1980 2106 geometrRffi

174 2069 244 2108 sed
277 2069 336 2108 ita
367 2069 480 2115 ludo,
526 2076 570 2109 ut
602 2083 663 2110 me
697 2072 832 2110 ludere
866 2084 944 2111 non
977 2072 1205 2112 obliviscar.
1268 2071 1381 2112 Nihil
1414 2070 1516 2110 enim
1549 2070 1743 2122 probatur
1774 2068 1978 2121 symb01s‚

172 2127 269 2167 nihil
301 2127 476 2167 abstrusi
509 2129 660 2168 eruitur
691 2130 730 2169 in
764 2131 937 2170 naturali
969 2131 1224 2182 philosophia
1254 2143 1326 2183 per
1346 2130 1550 2184 symbolas
1570 2128 1850 2181 geometricas,
1883 2133 1979 2168 tan-
2012 2166 2019 2172 ,

171 2190 253 2226 tum
287 2191 380 2226 ante
414 2192 510 2226 nota
543 2190 906 2237 accommodantur,
942 2190 1018 2229 nisi
1051 2190 1172 2229 certis
1206 2189 1428 2229 rationibus
1461 2189 1679 2237 evincatur,
1714 2200 1793 2227 non
1823 2191 1981 2227 tantum
2017 2191 2020 2226 ζ

171 2258 261 2285 esse
296 2245 527 2298 symbolica,
562 2248 631 2286 sed
665 2261 754 2288 esse
788 2249 1015 2300 descriptos
1049 2249 1306 2288 connexionis
1339 2248 1397 2288 rei
1429 2248 1635 2299 utriusque
1655 2247 1796 2287 modos
1817 2251 1859 2287 et
1879 2259 1980 2286 cau-

172 2317 259 2353 sas3
293 2310 336 2344 ut
368 2305 405 2344 iu
439 2306 626 2346 meteoris
659 2313 724 2346 est
755 2308 890 2359 aliqua
932 2321 1055 2348 causa
1094 2309 1241 2360 agenS,
1282 2307 1450 2347 rationis
1483 2311 1524 2346 et
1555 2305 1801 2357 geometriae
1834 2316 1978 2358 capax,

173 2376 274 2415 quae
308 2363 357 2402 ad
393 2371 605 2404 nascentes
640 2366 677 2405 in
710 2367 821 2406 coelo
859 2372 1047 2419 aspectus
1081 2369 1183 2415 (rem
1205 2366 1509 2418 geometricam)
1545 2365 1821 2405 accommodat
1839 2364 1978 2404 modos
2018 2374 2028 2411 ’ς

172 2429 213 2461 et
243 2435 506 2476 paioxysmos
539 2425 599 2463 sui
633 2426 777 2477 operiS,
814 2427 918 2478 quod
951 2432 1015 2465 est
1046 2427 1247 2466 concitare
1269 2426 1452 2465 humores
1474 2424 1771 2471 subterraneos,
1805 2428 1848 2463 ut
1881 2435 1979 2462 eva-
2025 2452 2028 2460 .

171 2488 326 2531 porent.
391 2482 465 2521 llic
514 2484 664 2524 frustra
708 2485 811 2525 alius
862 2485 1258 2538 symbolisationibus
1303 2484 1460 2524 innixus
1507 2496 1556 2522 ex
1594 2481 1620 2533 15
1665 2482 1821 2531 nivem,
1867 2494 1917 2522 ex
1948 2481 2028 2527 d

174 2542 320 2581 tonina
354 2543 597 2593 expectabit,
634 2557 683 2583 ex
714 2544 752 2592 Ἅι
784 2545 973 2596 pluviam,
1008 2557 1028 2583 e
1064 2545 1096 2592 Q
1129 2557 1271 2591 rorem,
1307 2556 1356 2583 ex
1389 2544 1425 2594 ζῖ
1449 2546 1610 2583 ventum
1631 2541 1700 2581 διο.
1765 2539 1848 2581 Sed
1879 2553 1980 2592 geo·
2023 2553 2028 2593 ξ

174 2601 318 2640 metria
361 2607 595 2651 aspectuum
639 2604 683 2642 fit
723 2616 846 2642 causa
888 2600 1139 2654 objectivas
1162 2615 1324 2642 movens
1357 2602 1586 2642 Archeum
1573 2600 1897 2640 subterraneum
1928 2599 1979 2639 ad
2020 2585 2028 2670 Ξ

173 2657 360 2709 impetum
395 2660 589 2711 aliquem,
637 2675 686 2701 ex
731 2675 806 2714 quo
852 2662 985 2702 omnia
1026 2663 1134 2702 dicta
1170 2661 1394 2714 promiscue
1437 2673 1509 2711 pro
1542 2672 1584 2699 re
1615 2663 1738 2708 nata,
1778 2659 1864 2711 jam
1907 2658 1981 2698 hoc

166 2716 251 2767 jam
285 2719 381 2758 illud
408 2720 589 2759 resultat.

292 2777 380 2816 Non
416 2777 564 2828 dubito,
598 2779 891 2834 Pythagoricos
924 2780 1006 2819 tale
1039 2777 1410 2831 quid'respexisse,
1444 2776 1559 2827 quale
1592 2788 1666 2827 ego
1698 2775 1762 2815 hic
1794 2775 1981 2827 proposui
2006 2663 2028 2932 I

174 2835 221 2873 de
256 2848 421 2874 excessu
455 2842 494 2874 ct
527 2839 684 2879 defectu
731 2839 1035 2889 quadratorum,
1075 2839 1167 2877 dum
1199 2837 1371 2891 impares
1403 2847 1587 2875 numeros
1618 2847 1750 2874 mares
1783 2834 1978 2882 dixerunt,

173 2907 292 2944 pares
327 2907 419 2933 vero
455 2895 637 2938 feminas.
701 2897 755 2936 Et
786 2898 924 2945 Plato,
959 2903 1000 2936 ut
1033 2910 1154 2948 supra
1185 2897 1358 2943 dictum,
1392 2894 1559 2945 primum
1593 2893 1812 2944 imparem,
1843 2893 1884 2932 id
1917 2897 2007 2932 est

173 2952 381 3000 unitatem,
418 2954 706 3007 interpretatus
740 2962 802 2995 est
834 2956 994 3004 „ideam
1015 2970 1083 2996 seu
1108 2957 1286 3002 formam,
1322 2965 1421 3005 quae
1448 2965 1533 2992 mas
1554 2952 1776 3000 habetur“;
1810 2951 1980 3004 primum
2015 2981 2028 3030 ,π

174 3024 267 3051 vero
299 3024 460 3063 parem,
506 3014 543 3053 id
578 3022 642 3054 est
674 3015 882 3064 binarium,
919 3015 1128 3055 materiam
1161 3013 1279 3060 fecit,
1327 3025 1425 3063 quae
1471 3011 1640 3050 feminae
1684 3010 1814 3051 instar
1843 3010 1978 3051 habet.
2002 2998 2019 3072 Ξ

1998 3095 2015 3127 ..ἒ

1998 3130 2014 3166 ’ἵ
