1982 3268
724 166 727 170 ·
797 170 1011 202 Prooemium.
1753 162 1809 207 67

2 280 116 309 mu
138 280 199 309 ant
220 284 374 308 smmum
399 276 561 307 subtilitas
582 275 646 307 hoc
671 276 868 317 investigare
892 274 1034 315 poterit,
1067 272 1154 314 quod
1179 272 1341 314 Keplerus
1365 271 1527 309 intendit3
1564 279 1644 305 m
1673 271 1702 305 ι’
1731 279 1810 304 oon·

73 322 138 354 'nm
159 321 295 354 firmiter
315 322 486 364 probetur,
515 323 619 353 omnis
644 321 816 363 Copernici
839 321 1040 353 astronomia
1062 319 1157 351 valde
1181 324 1337 361 suspecta
1368 319 1440 351 erit.
1476 318 1600 351 Dubito
1623 321 1812 361 praeterea,

72 369 148 401 tati:
171 369 336 412 inquisitio
361 368 406 400 ad
430 369 663 401 astronomiam
687 369 860 410 quicquam
886 371 1056 409 apportet,
1097 367 1161 397 nisi
1193 374 1236 398 ea
1273 366 1316 398 ad
1338 366 1504 407 perfectas
1527 365 1685 398 scientias
1710 362 1812 406 (quod

2 415 133 449 videar
155 414 283 453 conari)
308 419 527 447 convertatur.
559 413 564 416 ”

97 461 185 495 Huic
209 462 475 503 innixnsjmlicio
502 461 748 495 Hervartu·
770 460 939 502 respondit
961 459 1105 502 Keplero
1130 459 1161 491 d
1190 458 1245 490 15.
1267 458 1342 491 Oet.
1371 457 1464 491 ¹598
1486 459 1573 491 hunc
1599 459 1633 490 in
1656 458 1812 491 modun:

4 510 76 544 Du
99 509 159 545 leh
182 510 257 542 dom
278 509 387 542 nem
411 509 472 541 anf
491 509 562 541 rein
586 518 630 540 an
653 508 741 540 mich
762 510 880 550 jungrt
902 506 1027 550 gethan
1053 506 1231 539 Scbreiben
1268 516 1304 538 so
1336 506 1437 548 lange
1462 505 1539 538 Zeit
1570 505 1663 538 nicht
1692 510 1812 548 geant·

5 561 131 594 ποι-ιιι,
155 556 200 589 ist
222 565 283 588 am
307 555 543 600 eingefallener
565 555 771 591 Krankheit.
797 555 901 587 damit
923 554 978 587 ich
1001 554 1142 586 beladen
1166 563 1319 595 gevesen
1344 553 1412 585 und
1437 552 1558 593 darauf
1580 552 1816 585 anbefohlener

4 599 120 642 Enim,
146 603 254 636 daven
276 601 330 635 ich
355 606 422 635 exst
444 602 565 635 wieder
587 602 675 634 nach
698 602 792 634 Hans
816 601 972 645 gelangt,
1009 600 1137 633 bishero
1170 600 1367 632 verblieben.
1416 599 1494 632 Und
1517 599 1597 632 tbue
1621 599 1710 632 mich
1736 600 1815 632 aber

6 651 115 684 abes
146 658 191 683 ιιι
224 649 313 682 mich
349 650 611 692 abgegangenen
646 649 859 687 Schreibens,
898 649 1059 680 darinnen
1096 657 1131 680 er
1167 647 1254 679 mich
1285 648 1376 679 seine
1412 646 1620 679 vorhabende
1645 646 1755 678 studia
1778 656 1814 678 so

6 696 203 732 'mulien
226 695 398 733 berichtet,
422 706 508 739 ganz
533 696 664 729 freund-
689 697 758 728 nnd
786 695 960 728 disnstlich
984 695 1168 727 bedanken.

99 744 175 777 Wie
196 743 252 776 ich
274 744 332 776 des
356 743 463 776 Berrn
487 753 759 786 vorgenommene
789 744 1035 775 observationes
1066 741 1216 774 verstehe
1229 764 1239 779 ‚
1277 741 1410 773 viirden
1447 740 1595 774 dadnrch
1608 764 1617 777 ‚
1656 740 1717 772 auf
1750 740 1814 772 den

6 787 79 827 ran
102 791 150 824 Er
171 791 356 824 sensibilem
379 790 597 823 differentiam
623 801 662 822 ex
687 791 912 823 observatione
937 788 1194 830 deprebendiren
1223 788 1348 821 konnte
1362 811 1370 823 .
1410 787 1469 820 des
1506 787 1678 829 copon-uici
1711 787 1813 830 hypo·

5 838 119 872 mom
141 839 299 875 evomit,-
322 838 474 870 tinterna!
500 837 699 879 Copemicns
723 838 991 879 praesupponirt,
1029 835 1115 878 quod
1151 835 1311 867 distantia
1346 836 1431 867 inter
1468 834 1577 867 Solem
1612 834 1646 866 et
1680 833 1816 866 Terram

6 885 52 920 td
85 885 339 918 ineuntem
362 884 542 917 stellarum
577 884 715 916 fixarum
740 885 917 917 existimari
954 887 1106 925 nequeat.
1156 881 1233 914 Und
1266 881 1425 924 gehorten
1468 881 1556 914 dam
1595 883 1815 914 instrumenta

144 937 302 971 ,exacta
324 935 359 964 et
381 932 668 969 rectificatissima,
693 932 841 964 dadurcb
876 939 955 963 man
987 930 1073 962 auch
1097 929 1141 962 ad
1164 929 1319 970 scrupula
1342 930 1465 970 prima,
1501 929 1552 961 vel
1577 930 1679 961 etiam
1704 930 1816 970 puteo

9 979 135 1023 aliquan
159 978 300 1021 amuli
324 979 418 1020 primi
442 980 590 1020 praecise
615 979 799 1012 observiren
823 978 958 1010 konnte.
995 977 1051 1009 Da
1075 977 1133 1008 der
1156 976 1243 1009 Herr
1267 976 1475 1031 dergleichen
1498 976 1569 1013 hat,
1594 977 1713 1008 nimmt
1727 974 1816 1008 mich

10 1024 174 1064 Wunder,
197 1035 248 1057 vo
272 1025 351 1057 oder
373 1027 434 1058 vie
460 1026 495 1057 ei·
519 1026 572 1058 die
596 1021 734 1058 er'obert.
782 1025 903 1056 Wollte
927 1034 1008 1067 geru
1031 1026 1168 1063 τήκει,
1194 1025 1252 1062 ob,
1284 1025 1347 1056 vie
1370 1023 1439 1055 und
1462 1024 1497 1056 in
1522 1033 1591 1056 vas
1614 1022 1732 1055 Wehrt
1753 1032 1814 1055 un·

11 1072 194 1117 ‘eunuch
217 1072 425 1116 dergleichen
449 1083 491 1104 zu
515 1073 708 1104 bekommen
733 1073 804 1105 sein
827 1072 993 1104 mhcbten.

105 1119 216 1152 Wann
240 1119 314 1151 dem
336 1118 444 1152 Herm
469 1121 503 1151 in
526 1120 622 1151 rebus
644 1119 889 1151 mathematicis
925 1119 1004 1151 oder
1034 1117 1120 1150 auch
1150 1118 1216 1149 suis
1242 1117 1356 1150 studiis
1388 1122 1422 1149 et
1446 1116 1725 1149 observationibus
1748 1122 1817 1148 vas

11 1166 194 1210 mangot.
219 1166 295 1199 thot
316 1165 363 1198 Er
382 1167 445 1198 mir
468 1168 521 1199 ein
545 1166 760 1199 sonderbares
778 1166 941 1202 Gesallen,
967 1166 1012 1198 da
1035 1165 1080 1197 Er
1102 1165 1190 1197 mich
1215 1165 1332 1197 dessen
1357 1164 1577 1207 verstandigt‚
1603 1164 1671 1196 und
1695 1164 1741 1196 da
1763 1162 1818 1195 ich

3 1214 84 1248 '‘Ime
106 1214 198 1248 kann
220 1213 319 1246 hiem
341 1214 375 1245 in
400 1214 463 1246 eim
489 1214 567 1246 oder
591 1214 694 1246 ander
717 1214 803 1255 Weg
827 1213 992 1245 verholl'en
1016 1222 1115 1253 seyn.
1141 1212 1201 1244 hat
1225 1212 1270 1244 Er
1293 1211 1380 1244 mich
1403 1212 1490 1244 dazn
1514 1211 1624 1253 villig.
1673 1209 1748 1244 Wie
1763 1210 1819 1243 ich

0 1260 85 1294 Ὶικ
107 1260 198 1294 daun
221 1260 422 1293 nmdliehe
446 1260 734 1303 Dienstvilligkeit
757 1270 798 1292 zu
822 1261 980 1292 erveisen
1002 1260 1141 1302 geneigt
1164 1259 1337 1291 verbleibe.
1434 1258 1561 1291 Datum
1585 1257 1646 1290 ᾱο.

108 1365 136 1398 1:
160 1365 342 1408 Kepleri
365 1366 575 1407 responsione
598 1365 683 1398 haec
709 1364 881 1398 addimus:

128 1492 313 1535 Salutem
344 1493 384 1534 in
417 1492 577 1534 Christo
607 1493 832 1533 Mediatore
863 1498 907 1532 et
935 1491 1179 1532 Redemtore
1210 1497 1347 1532 nostro
1379 1491 1508 1532 unico.

19 1599 42 1623 ‚a
134 1575 294 1617 Literas
324 1582 429 1624 tuas,
460 1575 599 1627 Magn.
631 1575 719 1623 Vir,
758 1573 823 1616 15.
857 1573 950 1615 Oct.
981 1573 1167 1626 scriptas,
1200 1572 1241 1615 5.
1273 1573 1371 1614 Dec.
1405 1572 1552 1626 accepi.
1586 1571 1818 1626 Recupera-

9 1635 102 1679 Μ
131 1635 269 1687 itaque
297 1634 581 1682 valetudinem,
614 1634 839 1674 confectum
870 1633 1040 1674 feliciter
1069 1634 1166 1678 iter,
1199 1638 1241 1672 et
1270 1633 1441 1672 reditum
1473 1633 1524 1672 ad
1556 1632 1711 1672 nobiles
1743 1631 1817 1670 de-

10 1693 132 1747 {inme
162 1695 290 1734 rerum
320 1693 691 1733 mathematicamm
721 1693 795 1733 tibi
826 1693 1018 1744 gratulor.

19 1749 22 1751 ’
135 1750 254 1799 Quod
283 1765 394 1792 meas
424 1752 569 1792 stellae
600 1752 750 1803 polaris
782 1751 1083 1792 observationes
1114 1750 1275 1799 attinet,
1306 1750 1341 1789 si
1368 1749 1538 1789 antehac
1569 1762 1647 1793 non
1674 1748 1817 1793 monui,

7 1796 130 1869 ῗᾷιῄθ
155 1811 243 1862 jam
272 1811 490 1862 praeterire
527 1823 606 1850 non
641 1823 824 1862 possum,
867 1810 1072 1850 inductum
1103 1821 1165 1848 me
1195 1809 1236 1848 in
1268 1809 1368 1848 hanc
1410 1807 1675 1860 suspicionem
1706 1812 1820 1847 certa

0 1864 67 1919 {m
87 1863 270 1911 dimensa
298 1870 432 1922 aliqua
455 1869 772 1918 ratiocinatione,
805 1869 975 1918 scilicet,
1006 1874 1051 1908 ut
1081 1880 1183 1919 quae
1214 1867 1317 1907 ratio
1349 1874 1414 1907 est
1444 1867 1551 1906 orbis
1571 1866 1735 1906 Terreni
1766 1866 1819 1906 ad

0 1927 156 1973 arbem
194 1928 443 1977 Saturnium,
483 1928 625 1968 eadem
665 1934 837 1980 ponatur
872 1928 974 1968 ratio
1018 1927 1126 1967 orbis
1158 1925 1323 1966 Saturni
1360 1926 1412 1966 ad
1457 1925 1594 1965 orbem
1630 1926 1817 1966 ·,fixarum

0 1982 147 2036 ‚ficet
174 1987 297 2038 igitur
326 1959 621 2026 semidiameter
650 1987 776 2036 orbis,
810 1987 875 2039 qui
907 1987 1071 2026 Terram
1102 1986 1230 2032 vehit,
1263 1985 1315 2024 ad
1346 1984 1686 2024 semidiametrum
1715 1985 1820 2024 fixa—

8 2086 10 2088 ,
137 2045 410 2098 subcentupla,
439 2046 531 2098 quia
561 2051 626 2085 est
645 2046 696 2085 ad
722 2046 1062 2085 semidiametrum
1087 2043 1252 2085 Saturni
1277 2043 1533 2095 subdecupla.
1575 2043 1690 2083 Haec
1714 2042 1819 2082 ratio

22 2102 25 2105 '
86 2116 184 2145 vera
213 2104 287 2152 sit,
319 2104 544 2144 differentia
574 2104 827 2143 altitudinum
860 2104 1104 2143 diversarum
1135 2103 1280 2142 stellae
1310 2102 1460 2154 polaris
1492 2102 1570 2142 erit
1598 2113 1722 2154 prope
1754 2101 1819 2141 di—

21 2162 183 2203 midium
214 2163 394 2214 gradum.
454 2163 543 2202 Hac
571 2168 790 2214 praeeunte
820 2162 974 2202 ratione
1006 2162 1159 2202 accinxi
1192 2173 1254 2200 me
1287 2162 1340 2201 ad
1370 2161 1672 2201 observandum.
1714 2161 1821 2200 Nam

16 2220 79 2263 *ss
106 2221 306 2260 dimidium
338 2221 505 2272 gradum
535 2222 751 2261 notandum
781 2234 858 2261 non
890 2221 991 2261 adeo
1021 2232 1166 2272 magno
1197 2220 1460 2260 instrumento
1493 2232 1590 2271 opus
1610 2225 1686 2259 est.
1730 2219 1818 2258 Da-

36 2296 78 2316 -‚:
121 2278 244 2330 igitur
282 2279 442 2318 veniam
477 2279 591 2327 mihi,
638 2280 705 2331 qui
744 2281 795 2320 ad
834 2280 1146 2331 speculationem
1183 2278 1238 2325 (si
1278 2291 1348 2330 pro
1381 2279 1579 2331 dignitate
1611 2278 1698 2330 quis
1731 2290 1820 2317 eam

137 2350 199 2376 re
233 2337 348 2385 velit)
380 2337 700 2384 subtilissimam,
738 2339 824 2378 rudi
855 2339 1117 2378 instrumento
1155 2337 1321 2377 accessi.
1383 2338 1489 2377 Nam
1527 2337 1633 2388 quod
1664 2337 1712 2376 de
1744 2336 1819 2376 ob-

35 2438 37 2443 ,
67 2414 88 2430 ·-
115 2395 244 2436 atorio
286 2407 374 2435 meo
415 2396 598 2448 quaeris,
638 2397 885 2448 respondeo,
924 2396 1121 2448 prodiisse
1161 2396 1259 2435 illud
1300 2408 1351 2435 ex
1387 2396 1530 2436 eadem
1559 2395 1737 2442 officina,
1770 2407 1821 2433 ex

28 2451 89 2490 A„
130 2454 344 2507 primorum
374 2459 583 2506 parentum
612 2455 770 2506 tuguria
799 2455 995 2506 prodiere.
1059 2454 1227 2494 Suffecit
1268 2454 1373 2494 enim
1409 2454 1506 2493 mihi
1537 2454 1819 2506 qualecumque

54 2513 64 2565 ζ
111 2518 326 2558 ,mentum
370 2512 423 2552 ad
465 2512 668 2553 dimidium
704 2514 870 2565 gradum
905 2514 971 2553 vel
1002 2513 1261 2552 asserendum
1301 2513 1367 2552 vel
1397 2513 1638 2564 negandum.
1700 2510 1756 2550 Et
1786 2511 1820 2550 si

20 2603 35 2626 2-
54 2570 118 2606 “¹1
148 2584 226 2612 non
257 2572 443 2619 sufficiat,
467 2577 610 2618 ‚tamen
640 2572 852 2611 carendum
883 2576 947 2611 est
977 2570 1242 2623 exquisitiori,
1276 2571 1367 2623 quia
1398 2583 1524 2622 neque
1558 2571 1654 2609 mihi
1688 2569 1821 2609 Attali

24 2630 120 2684 st
148 2642 257 2682 opes,
288 2643 415 2682 neque
446 2629 677 2669 Alexander
707 2629 943 2681 discipulus,
976 2641 1102 2681 neque
1135 2629 1358 2669 Praxiteles
1390 2629 1540 2680 opifex,
1575 2640 1701 2679 neque
1732 2627 1820 2667 Re-

91 2706 120 2722 ι·ι
140 2689 268 2728 mtani
298 2701 451 2729 manus.
512 2688 569 2728 Et
597 2693 732 2727 tamen
764 2688 995 2739 quantulum
1025 2688 1118 2727 mihi
1150 2701 1285 2728 arcum
1315 2687 1526 2735 indicavit,
1566 2687 1614 2725 de
1647 2698 1694 2725 eo
1726 2698 1820 2726 arcu

123 2764 152 2781 ·;
189 2759 289 2787 sum.
349 2747 398 2786 Id
438 2751 485 2786 ut
520 2751 634 2786 tanto
672 2746 861 2786 libentius
898 2747 992 2786 mihi
1024 2746 1190 2795 credas,
1233 2746 1456 2786 describam
1499 2744 1817 2784 instrumentum.

63 2804 76 2815 ⁹
94 2822 103 2838 ι
157 2810 261 2845 tum
291 2805 457 2845 admissi
485 2805 608 2845 risum
637 2805 810 2845 teneatis
843 2804 985 2844 amici:
1019 2803 1121 2845 Cum
1151 2817 1228 2844 non
1248 2809 1359 2843 esset
1383 2803 1479 2842 mihi
1499 2803 1601 2842 alius
1626 2803 1820 2843 materiae

124 2883 129 2895 τ
171 2876 288 2916 qnam
320 2863 429 2915 ligni,
462 2864 604 2903 scirem
633 2876 728 2903 vero
760 2869 958 2903 tumesere
989 2869 1031 2902 et
1060 2863 1214 2902 hiscere
1257 2862 1390 2901 omnia
1419 2861 1576 2901 omnino
1606 2862 1718 2913 ligna
1746 2874 1819 2913 pro

93 2920 105 2931 ’
141 2934 180 2961 «e
210 2922 316 2962 aeris
347 2922 388 2961 in
418 2923 571 2962 latum:
601 2923 692 2962 ideo
724 2921 974 2961 machinatus
1006 2934 1091 2961 sum
1121 2921 1203 2960 tale
1233 2921 1553 2967 instrumentum,
1579 2914 1692 2972 cujus
1718 2933 1819 2974 quae

24 3027 29 3036 .
76 2986 98 3033 j«
123 2998 154 3014 ι’
193 2985 235 3020 et
264 2985 496 3020 constantes
527 2993 616 3020 esse
650 2981 851 3021 debebant
882 2980 1029 3028 lineae,
1080 2993 1104 3018 a
1140 2978 1384 3030 longitudine
1428 2983 1470 3018 et
1498 2979 1607 3019 fibris
1639 2979 1723 3019 sive
1753 2979 1819 3018 filo

165 3039 472 3079 sustinerentur.
533 3039 790 3091 Triangulum
832 3039 966 3090 itaque
1005 3036 1057 3082 6,
1088 3036 1138 3085 8,
1175 3036 1229 3077 10
1266 3037 1411 3090 pedum
1442 3037 1583 3078 struxi.
1645 3038 1749 3077 Nam
1781 3038 1820 3077 hi

90 3098 93 3099 ⁷
167 3097 177 3105 “
194 3097 379 3138 >omnium
408 3097 630 3137 certissime
659 3099 832 3150 produnt
861 3103 1012 3137 rectum
1042 3096 1243 3148 angulum.
1303 3097 1351 3136 Id
1379 3097 1619 3148 triangulum
1657 3111 1682 3136 a
1711 3101 1820 3136 recto

95 3173 98 3180 ¹
121 3172 125 3187 .
160 3174 166 3189 ι
204 3155 406 3208 suspendi,
436 3156 543 3196 filum
567 3169 656 3197 cum
685 3156 965 3209 perpendiculo
997 3168 1047 3195 ex
1078 3155 1218 3195 eodem
1246 3160 1358 3195 recto
1378 3157 1523 3208 angulo
1554 3155 1709 3204 demisi,
1738 3156 1819 3207 -hy-

1482 3225 1539 3256 5*
