1982 3268
119 67 184 113 ’38
727 41 732 46 ’
919 68 1135 105 Prooemium.

59 174 75 182 ⁶
123 177 209 220 qnod
233 178 393 210 maximus
418 181 453 210 et
477 178 616 220 optimus
642 182 771 211 avertat
794 177 904 215 Deus.
930 178 1059 220 publice
1083 178 1166 211 istas
1189 177 1387 220 hypotheses
1414 187 1488 212 eum
1514 177 1682 222 Scriptura
1705 189 1732 212 s.
1756 179 1946 222 maffia-rue,

122 225 221 258 velles
247 229 280 257 et
304 235 521 268 propugnare.
549 230 672 259 certum
697 230 828 264 metuo,
854 230 891 258 ut
914 226 948 258 in
974 226 1193 258 dissensiones
1218 230 1253 258 et
1276 236 1411 258 nervum
1435 236 1486 258 res
1512 226 1639 260 isthaec
1663 232 1833 269 erumpat:
1869 238 1932 270 quo

123 282 203 306 casn
226 272 322 304 velim
347 282 420 315 ego,
446 283 498 306 me
523 274 604 306 istas
631 275 848 317 cogitationes
873 277 961 311 tuas,
986 275 1020 305 in
1045 283 1080 306 se
1106 273 1236 317 quidem
1262 278 1296 306 et
1319 273 1556 307 mathematice
1587 274 1812 308 consideratas
1835 283 1930 317 prae-

123 320 232 354 claras
258 320 460 357 et-nobiles,
496 331 663 363 nunquam
695 322 823 354 vidisse.
872 321 948 354 ι111111
973 321 1094 354 dudum
1120 321 1206 353 enim
1230 322 1263 353 in
1290 321 1431 354 ecclesia
1454 321 1587 354 Domini
1612 322 1686 364 plus
1714 322 1931 355 contentionis

123 372 192 403 est.
220 377 318 410 quam
342 368 476 401 infirmis
502 369 667 410 expediat.
719 368 785 401 Sed
810 370 920 402 nescio
946 379 1007 410 quo
1032 379 1084 401 me
1110 369 1250 411 abripiat
1274 368 1377 410 stylus
1393 392 1402 406 ,
1440 369 1491 401 vel
1521 369 1629 411 potius
1652 369 1816 402 fraternus
1839 379 1932 402 meus

120 416 155 448 in
179 419 214 448 te
240 425 352 448 amor:
390 417 445 458 qui
477 418 539 448 nisi
564 417 640 449 talis
664 418 697 448 in
722 421 757 449 te
783 421 891 452 esset,
929 416 1034 458 qualis
1059 419 1129 456 est,
1167 416 1411 449 ardentissimus
1435 418 1586 449 nimirum
1610 420 1646 450 et
1669 417 1930 454 candidissimus.

122 467 193 496 turn
217 462 352 496 liberam
378 464 461 504 stylo
487 464 655 497 licentiam
680 475 745 496 non
769 465 996 506 permisissem.
1048 463 1114 497 Sed
1146 464 1199 497 hic
1231 464 1318 496 idem
1344 473 1435 496 amor
1461 465 1524 497 duo
1550 465 1608 497 abs
1631 469 1667 498 te
1690 465 1857 506 postulat,
1894 468 1932 497 ut

121 511 273 544 nimirum
306 515 473 543 strenuum
508 512 600 544 nobis
637 521 720 554 agas
756 512 1026 544 mathematicum
1063 516 1097 544 et
1129 521 1228 554 quam
1254 515 1356 544 antea
1378 512 1437 544 tibi
1462 511 1728 546 commendatam
1753 522 1824 547 esse
1849 513 1928 550 scio,

123 558 284 591 ecclesiae
322 559 594 601 tranquillitatem
628 563 820 592 constanter
856 560 976 591 foveas.
1027 558 1128 591 Hisce
1166 565 1200 591 te
1237 558 1310 591 Deo
1337 558 1376 591 Ο.
1401 558 1448 592 Μ.
1485 569 1554 592 una
1586 569 1660 592 cum
1693 563 1767 592 tota
1790 560 1932 593 ecclesia

123 605 241 639 Christi
265 606 318 647 pie
345 607 547 639 commendo.
597 606 768 649 Tubingae
794 607 825 639 d.
854 605 908 639 12.
936 607 1054 648 Aprilis
1082 604 1183 638 1598.

216 653 341 692 Quibus
379 655 656 686 exhortationibus
694 659 800 687 motus
826 654 989 696 Keplerus
1032 655 1216 696 promisisse
1247 653 1397 690 videtur,
1434 663 1601 697 nunquam
1625 664 1661 687 se
1685 655 1866 687 immiscere
1892 664 1927 688 se

120 701 203 734 velle
228 701 502 743 disputationibus
529 702 786 739 ecclesiasticis;
814 706 907 734 extat
932 703 1018 735 enirn
1045 702 1183 744 epistola
1206 700 1250 734 Η.
1280 699 1328 741 ((1.
1355 701 1386 733 d.
1413 699 1446 733 6.
1473 703 1559 744 Aug.
1588 699 1706 742 1598).
1730 702 1764 734 in
1789 711 1854 744 qua.
1877 702 1931 736 hic

120 758 241 791 magno
267 749 387 791 gaudio
413 753 588 791 acceptam
615 759 636 782 a
660 749 803 791 Keplero
829 750 1072 791 promissionem
1096 750 1215 787 refert,
1257 749 1366 787 „illum
1391 749 1490 790 pluris
1514 750 1625 783 facere
1650 749 1812 782 ecclesiae
1838 753 1929 782 tran-

120 797 338 839 quillitatem,
378 806 475 839 quam
511 807 718 839 quoscunque
756 798 960 840 ingeniorum
990 797 1205 829 nobilissimos
1240 800 1274 829 et
1307 797 1503 830 clarissimos
1537 797 1654 830 foetus.
1706 797 1751 830 Et
1774 799 1931 838 quamvis,

121 845 236 886 inquit,
266 844 306 876 de
331 844 472 877 thesium
496 846 634 877 veritate
661 845 771 877 adhuc
796 845 927 887 quidem
952 845 1178 882 dissideamus,
1205 854 1254 879 eo.
1281 844 1365 886 quod
1390 848 1526 887 uterque
1550 844 1697 877 nostrum
1721 845 1787 876 suis
1811 844 1930 878 funda-

119 892 238 924 mentis
262 892 388 930 nititur,
414 893 492 934 quia
516 896 629 924 tamen
654 896 784 934 propter
808 897 911 929 tuam,
937 902 1002 934 qua.
1025 892 1088 924 frui
1112 893 1171 924 tibi
1197 892 1325 931 videris,
1353 901 1466 925 sensns
1484 892 1731 930 abundantiam,
1756 902 1822 924 non
1839 894 1930 935 quic-

119 949 218 982 quam
243 949 433 980 succenseo,
460 940 506 972 sic
530 940 632 972 multo
657 941 763 972 minus
788 944 825 972 tu
849 940 926 972 mihi
950 941 1071 982 poteris
1096 939 1272 982 indignari.
1300 939 1354 981 qui
1371 939 1562 972 firmioribus
1580 939 1732 973 suffultus
1749 940 1930 973 rationibus

118 986 219 1019 libere
244 987 412 1024 dissentio,
437 988 567 1020 iuterim
591 993 704 1020 tamen
729 988 982 1020 mathematicas
1007 987 1299 1029 contemplationes
1326 991 1485 1029 perpetua
1509 987 1727 1021 admiratione
1755 997 1928 1021 venerans.

121 1034 187 1068 Sed
210 1035 298 1067 vivat
323 1039 358 1067 et
382 1035 494 1077 vigeat
519 1035 681 1068 ecclesiae
706 1036 762 1077 pia
786 1040 967 1078 sanctaque
992 1035 1242 1077 tranquillitas.“

213 1081 266 1115 De
282 1082 502 1115 Hafenrefferi
524 1083 625 1116 literis
649 1083 733 1116 haec
758 1084 858 1116 refert
880 1084 1086 1126 Keplerus
1110 1082 1365 1119 Maestum,
1391 1081 1590 1116 concludens
1613 1082 1730 1116 literas
1753 1082 1928 1128 longiores,

120 1138 258 1174 quarum
282 1132 389 1172 major
413 1140 489 1172 pars
514 1131 601 1163 infra
627 1134 801 1174 sequetur:
1809 1128 1813 1131 “

288 1269 297 1279 .
315 1269 325 1279 .
347 1237 498 1278 Restat
517 1251 635 1278 unum
657 1239 798 1287 adhuc,
834 1244 876 1279 et
905 1251 1005 1292 pene
1037 1237 1306 1291 praecipuum.
1353 1234 1443 1282 Quo
1469 1237 1636 1278 consilio
1655 1238 1707 1278 ad
1725 1238 1776 1279 D.
1797 1239 1928 1280 Hafe-

120 1298 302 1338 refferum
335 1298 576 1350 scripserim,
610 1298 729 1339 nosti.
792 1297 1031 1350 Respondit,
1067 1310 1221 1338 summa
1240 1295 1443 1336 literarum
1462 1296 1562 1336 haec
1582 1302 1671 1338 est:
1705 1297 1928 1352 abstineam

120 1371 144 1397 a
175 1356 376 1397 mentione
410 1370 614 1398 sacrarum
634 1358 840 1398 literarum
860 1358 896 1398 in
924 1357 1096 1409 publico.
1162 1356 1368 1398 Offensum
1393 1355 1440 1396 iri
1471 1356 1617 1397 multos
1647 1357 1795 1399 bonos:
1829 1371 1926 1412 quos

117 1417 222 1457 inter
253 1421 295 1457 et
325 1430 368 1457 se
400 1430 479 1457 non
511 1416 677 1458 obscure
710 1422 861 1459 censet.
928 1416 1097 1458 Omnino
1129 1417 1287 1458 videtur
1318 1420 1521 1463 metuere,
1559 1429 1608 1456 ne
1639 1417 1814 1458 munitus
1853 1430 1927 1470 ego
1978 1442 1982 1448 ι

120 1476 337 1517 autoritate
374 1476 567 1522 F1Mide1i0i
603 1477 792 1529 principis
836 1489 908 1529 per
944 1476 1024 1516 vim
1062 1476 1274 1517 extrudere
1312 1474 1431 1515 velim
1474 1474 1745 1517 defensionem
1788 1482 1930 1518 contra

118 1548 323 1576 sacrarum
355 1535 560 1576 literarum
593 1536 852 1588 objectiones,
888 1535 984 1576 dicit
1016 1535 1136 1585 enim,
1182 1538 1383 1588 repertum
1413 1533 1485 1584 iri,
1526 1535 1592 1587 qui
1622 1548 1707 1576 rem
1737 1528 1927 1588 impedire

115 1595 254 1636 velint.
318 1596 480 1635 Interea
505 1595 624 1647 jubet
655 1608 716 1635 me
749 1600 908 1636 strenue
940 1607 1107 1648 pergere
1138 1595 1179 1635 in
1211 1595 1274 1635 his
1305 1594 1613 1647 hypothesibus,
1646 1600 1842 1648 quatenus
1875 1596 1926 1637 ad

120 1654 405 1696 astronomiam
439 1655 603 1695 faciunt.
666 1654 880 1695 Enimvero
913 1655 1017 1708 quod
1050 1660 1171 1694 antea
1202 1652 1351 1698 censui,
1378 1653 1465 1705 jam
1483 1653 1608 1694 multo
1627 1654 1756 1707 magis
1788 1655 1926 1696 credo:

119 1727 197 1755 non
230 1727 318 1754 esse
352 1714 522 1754 alienum
557 1727 581 1754 a
614 1713 836 1766 Copernico
868 1714 1080 1763 hominem,
1115 1714 1185 1754 sed
1217 1714 1320 1754 inter
1350 1713 1559 1765 theologos
1592 1718 1749 1755 ceteros
1781 1727 1923 1755 neces-

121 1773 227 1814 sario
261 1774 448 1814 standum
480 1773 555 1825 ipsi
587 1786 658 1826 pro
691 1774 907 1814 autoritate
942 1775 1005 1820 (ut
1023 1774 1186 1826 putant)
1220 1772 1453 1824 scripturae.
1515 1772 1688 1826 Ideoque
1720 1786 1832 1814 snam
1851 1782 1924 1827 ge-

120 1833 280 1874 nuinam
311 1834 553 1874 sententiam
583 1833 678 1873 mihi
709 1846 788 1873 non
821 1833 1010 1885 explicat.
1074 1831 1179 1878 Quid
1213 1831 1427 1884 agemus?
1428 1831 1539 1886 Τοῖα
1560 1833 1803 1889 astronomia
1815 1832 1942 1888 1111111

57 1913 60 1915 -
95 1893 196 1933 ”non
230 1897 314 1942 est,
361 1897 404 1933 ut
440 1906 541 1933 unus
580 1906 628 1932 ex
659 1892 815 1946 pusillis
849 1891 1001 1933 Christi
1033 1893 1269 1932 offendatm.
1334 1890 1435 1932 Cum
1459 1885 1598 1943 itaque
1630 1905 1724 1945 pars
1754 1893 1928 1933 maxima

121 1952 327 1992 doctorum
360 1952 481 1991 etiam
514 1952 564 1991 ad
595 1952 698 1992 hanc
731 1952 998 1992 astronomiae
1034 1952 1097 2000 (ut
1127 1951 1246 2003 vulgo
1278 1951 1454 1998 videtur)
1488 1950 1772 1992 sublimitatem
1803 1951 1925 1992 intel-

125 2012 231 2052 lectu
264 2024 334 2051 suo
366 2024 443 2050 non
476 2011 688 2052 ascendat:
724 2024 798 2064 age
830 2012 1133 2065 Pythagoraeos
1162 2011 1225 2050 vel
1259 2010 1421 2050 tandem
1452 2009 1574 2050 etiam
1604 2011 1800 2051 institutis
1832 2011 1925 2052 imi-

124 2075 266 2111 temur.
328 2070 527 2111 Privatim
558 2083 629 2110 nos
663 2072 727 2122 qui
761 2071 864 2119 adit,
899 2070 1229 2115 communicemus
1261 2069 1318 2109 illi
1351 2069 1517 2109 candide
1552 2074 1731 2111 nostram
1759 2075 1924 2110 senten-

124 2130 236 2170 tiam.
300 2128 463 2171 Publice
506 2136 724 2171 taceamus.
790 2129 870 2171 Cur
919 2129 1206 2170 astronomiam
1254 2127 1500 2169 astronomia
1546 2128 1746 2182 perditum
1792 2128 1924 2170 imus?

126 2189 254 2230 Totus
286 2190 454 2229 mundus
486 2189 711 2240 hujusmodi
745 2195 875 2230 scatet
906 2189 1151 2237 hominibus,
1194 2188 1259 2240 qui
1289 2187 1422 2240 parati
1453 2194 1546 2228 sunt
1579 2193 1706 2230 totam
1737 2194 1923 2230 astrono-

127 2248 272 2296 miam‚
308 2249 341 2289 si
375 2247 597 2301 Copernico
630 2261 737 2288 mere
770 2249 1006 2297 adhaereat,
1045 2248 1189 2288 mundo
1222 2248 1363 2300 ejicere
1402 2248 1692 2300 commodisque
1731 2249 1925 2289 artificum

125 2307 336 2348 obsistere.
381 2308 570 2353 Artifices
591 2320 684 2347 vero
717 2321 765 2348 ex
799 2322 840 2360 se
872 2308 971 2361 ipsis
1003 2307 1067 2347 vel
1100 2320 1149 2347 ex
1174 2320 1271 2346 aura
1301 2306 1434 2362 vivere
1459 2319 1536 2347 non
1544 2313 1737 2367 possunt.
1788 2306 1922 2354 Quare

123 2368 183 2409 ita
214 2367 254 2408 in
287 2368 564 2408 astronomicis
598 2380 795 2419 agamm,
848 2373 892 2407 ut
930 2359 1105 2407 fautores
1145 2360 1410 2406 astronomiae
1447 2362 1690 2409 retineamus
1727 2372 1770 2407 et
1799 2372 1843 2407 ut
1873 2379 1922 2407 ne

123 2427 358 2468 esuriamus,
423 2425 539 2473 Quod
572 2427 660 2466 ideo
694 2427 836 2476 scribo,
873 2426 965 2478 quia
994 2425 1215 2479 penultima
1245 2425 1315 2465 tua
1345 2425 1519 2477 epistola
1549 2426 1601 2466 ad
1624 2437 1686 2466 me
1712 2425 1920 2477 scripsisti,

122 2492 163 2526 te
197 2487 327 2539 quoad
359 2487 512 2526 ludicra
542 2491 693 2526 tractet
724 2487 1013 2535 Haferefferus,
1053 2485 1214 2526 ludicris
1246 2497 1469 2533 occurrere,
1503 2485 1572 2525 sed
1603 2490 1784 2537 paratum
1817 2498 1919 2534 esse,

122 2546 156 2586 si
189 2546 334 2586 seriam
365 2546 438 2586 tibi
470 2551 630 2586 moveat
661 2546 987 2594 controversiam,
1019 2557 1090 2598 pro
1123 2544 1264 2585 merito
1289 2545 1400 2585 illum
1420 2543 1614 2596 excipere.
1664 2544 1798 2585 Nolim
1818 2545 1920 2586 enim

123 2611 163 2646 te
193 2606 258 2646 vel
289 2606 329 2646 in
367 2618 496 2646 meam
535 2605 599 2645 vel
639 2605 678 2645 in
710 2605 835 2657 ipsius
869 2605 990 2645 etiam
1020 2604 1204 2645 veritatis
1250 2605 1367 2656 (quae
1412 2603 1555 2644 nullius
1598 2602 1768 2644 hominis
1807 2604 1919 2644 salu-

122 2671 202 2704 tem
235 2671 306 2705 aut
336 2665 582 2705 commodum
614 2664 836 2710 concernit)
869 2664 1042 2715 gratiam
1075 2663 1252 2706 inimicos
1284 2661 1355 2703 tibi
1375 2661 1586 2702 conciliare
1607 2667 1678 2703 aut
1701 2662 1918 2704 incommo-

124 2723 211 2762 dius
244 2736 375 2775 agere.
438 2725 496 2764 Tu
529 2724 595 2776 qui
627 2723 963 2772 animadvertisti,
1002 2729 1178 2767 tractare
1216 2723 1341 2762 virum
1376 2720 1487 2761 illum
1525 2721 1631 2761 seria
1660 2733 1732 2773 per
1778 2723 1918 2769 lusum,

123 2782 280 2822 clavum
312 2784 425 2822 clavo
458 2784 606 2836 pellere
637 2787 753 2835 potes
785 2789 826 2823 et
857 2783 920 2822 vel
953 2783 1056 2822 seria
1089 2786 1330 2822 tractantem
1360 2779 1448 2820 lusu
1480 2780 1661 2832 excipere
1692 2781 1813 2829 serio,
1846 2793 1919 2821 nec

125 2840 205 2881 alia
234 2853 405 2893 persona
436 2843 474 2882 in
508 2855 670 2882 arenam
703 2842 958 2882 descendere.
1016 2842 1127 2882 Haec
1165 2852 1238 2892 ego
1277 2838 1431 2892 quidem
1468 2836 1744 2891 παρρησιαζων
1774 2853 1846 2881 nec
1877 2844 1950 2897 texv

126 2900 308 2947 imitans,
353 2901 418 2951 qui
457 2901 562 2941 soles
598 2901 719 2941 nihil
759 2901 1000 2948 dubitare,
1041 2901 1132 2953 quin
1163 2900 1236 2939 hoc
1267 2910 1341 2949 ego
1373 2910 1503 2950 agam,
1538 2899 1639 2951 quod
1673 2912 1735 2939 me
1766 2899 1917 2940 hortari
1945 2950 1948 2955 ¹

122 2971 193 3011 pro
227 2959 444 2998 autoritate
476 2972 641 3011 posses,
682 2966 724 2999 ut
756 2973 928 3012 agerem.
993 2958 1146 3006 Quodsi
1178 2958 1294 2998 aliter
1323 2956 1397 2996 tibi
1427 2957 1582 2997 videtur
1612 2957 1650 2997 in
1682 2958 1758 2998 hac
1780 2971 1914 3007 causa,

125 3030 280 3070 semper
309 3017 402 3057 mihi
435 3019 510 3058 erit
540 3019 753 3069 integrum,
794 3025 900 3059 tuum
941 3019 1048 3071 sequi
1088 3017 1314 3057 consilium:
1365 3028 1453 3055 nam
1493 3016 1529 3056 in
1561 3017 1790 3068 praesentia
1819 3016 1942 3057 nihil'

123 3076 343 3133 respondeo
374 3077 426 3117 D.
448 3077 706 3126 Hafereffero,
742 3078 814 3117 nisi
848 3083 892 3119 ut
921 3090 992 3130 per
1023 3076 1268 3120 occasionem
1301 3074 1411 3117 illum
1442 3075 1592 3116 salutes
1625 3075 1940 3118 officiosissime.
