2028 3242
717 139 924 182 Astrologi„
948 139 1149 172 certioribus.
1744 135 1831 180 429

35 251 232 301 quamue
258 244 428 299 antiqua
457 243 650 297 dogmata
677 243 798 296 paulo
829 243 1080 296 generaliora
1109 242 1228 284 facio.
1289 243 1396 285 Nam
1431 242 1561 296 primo
1592 241 1696 296 quod
1728 241 1831 284 Ter-

35 317 130 350 ram
153 304 322 355 attinet,
353 316 445 345 csse
475 303 602 344 totius
633 302 742 356 ejus,
777 307 974 356 quatenus
1002 306 1109 351 tota,
1142 301 1310 343 formam
1339 301 1594 351 nobiliorem,
1632 313 1751 354 quam
1782 314 1833 342 ea

36 369 121 414 est,
158 375 262 417 quae
290 363 332 404 in
363 361 543 415 qualibet
572 361 694 414 gleba
725 360 975 414 agnoscitur.
1013 355 1128 401 ne'mo
1159 361 1337 412 negabit.
1398 360 1503 401 Eam
1531 372 1629 400 vero
1661 360 1832 401 formam

35 435 86 463 ex
124 421 354 464 animalium
392 421 627 461 facultatum
663 431 809 472 genere
851 431 964 467 esse,
1013 431 1137 474 opera
1179 419 1304 470 ipsius
1350 423 1543 472 arguunt,
1600 431 1700 471 quae
1738 425 1833 459 sunt

34 481 241 533 generatio
271 479 545 529 metallorum,
582 478 833 520 conservatio
864 478 1010 518 caloris
1040 476 1279 526 Terrestris,
1314 478 1524 518 exsudatio
1556 489 1748 530 vaporum
1779 478 1830 517 ad

34 539 255 589 fluviorum,
285 538 525 593 pluviarum,
555 543 857 589 ceterorumque
887 541 1152 576 meteororum
1164 535 1550 588 progenerationem.
1613 535 1729 582 Quae
1760 549 1829 576 ar-

35 603 187 650 guuut,
228 599 398 640 formam
436 596 524 648 ejus
561 608 651 637 esse
690 608 770 636 non
800 594 948 636 saltem
977 594 1335 642 conservatricem,
1380 594 1509 648 qualis
1546 594 1587 634 in
1619 595 1831 647 lapidibus,

33 655 108 698 sed
136 657 314 726 omnino
323 655 628 709 vegetatricem.

764 711 946 752 Thesis
973 711 1106 752 XLII.

150 766 293 821 Neque
323 749 460 819 ,tamen
490 770 580 812 ideo
611 783 776 812 necesse
808 775 872 811 est
902 782 1083 812 crescere
1102 770 1265 811 Terram
1297 774 1368 810 aut
1391 769 1480 810 loco
1511 767 1676 809 moveri.
1726 769 1831 810 Nam

35 837 163 880 neque
190 826 368 873 humana
397 834 462 870 est
492 830 579 883 ejus
610 829 764 878 anima,
810 841 935 882 neque
967 828 1154 869 animalis
1183 828 1366 881 proprie,
1406 840 1534 881 neque
1571 827 1702 879 qualis
1732 828 1830 869 stir-

34 883 155 937 pium,
185 885 261 928 sed
287 887 505 940 peculiaris
535 888 705 941 speciei,
739 900 840 941 quae
871 887 1139 928 definitionem
1169 887 1221 927 ab
1252 899 1372 939 opere
1402 899 1475 927 suo
1507 885 1695 936 sortitur,
1727 886 1834 926 sicut

35 941 141 984 aliae
171 955 326 999 quoque
363 947 521 999 species
552 946 782 988 animalium
819 946 1070 987 facultatum.
1130 945 1190 986 Et
1225 958 1327 998 quae
1364 944 1469 986 ratio
1500 949 1661 985 veteres
1698 945 1834 998 coegit

34 1001 200 1044 tertiam
228 1004 386 1046 animae
415 1005 591 1058 speciem
621 1005 661 1046 in
679 1005 832 1066 plantis
862 1005 1072 1055 collocare,
1105 1005 1248 1045 eadem
1272 1016 1347 1045 nos
1371 1003 1493 1056 cogit,
1526 1009 1709 1057 quartam
1730 1003 1832 1044 banc

35 1059 232 1102 collocare
261 1061 303 1104 in
332 1063 470 1105 Terra.

757 1122 824 1162 Th
834 1134 933 1162 esis
962 1121 1115 1163 XLIII.

152 1175 239 1219 Sed
268 1191 342 1220 nec
373 1179 471 1220 illud
496 1180 731 1230 absurdum,
765 1181 961 1222 animales
991 1180 1224 1228 facultates,
1257 1190 1358 1231 quae
1390 1177 1571 1219 discursu
1601 1191 1680 1219 non
1709 1183 1833 1220 utun-

35 1239 114 1285 tur,
143 1234 419 1290 intelligentes
449 1251 539 1279 esse
569 1238 828 1291 geometriae,
859 1251 984 1292 eaque
1015 1252 1088 1280 ceu
1118 1238 1291 1292 quodam
1321 1237 1479 1290 objecto
1510 1238 1675 1279 moveri.
1726 1237 1832 1279 Sunt

37 1294 222 1349 exempla
250 1297 439 1338 confessa
468 1298 508 1338 in
538 1303 712 1350 promtu.
773 1297 865 1339 Non
896 1298 1158 1339 ratiocinatur
1189 1295 1342 1336 arboris
1374 1296 1547 1336 facultas
1565 1296 1740 1348 plastica
1746 1308 1760 1345 ;
1792 1302 1835 1336 et

35 1357 173 1396 tamen
202 1351 408 1396 Creatoris
442 1355 560 1408 jussa
601 1362 645 1397 ut
685 1357 899 1409 plurimum
939 1356 1170 1409 exsequitur
1206 1355 1246 1396 in
1278 1354 1527 1395 ordinatione
1565 1355 1750 1395 foliorum
1781 1355 1833 1394 ad

36 1412 360 1458 commoditatem
403 1414 556 1456 fructus
599 1416 728 1468 adque
772 1421 927 1456 certum
943 1456 953 1459 Α
981 1416 1112 1456 finem.
1183 1412 1290 1460 Quin
1332 1413 1456 1454 etiam
1499 1413 1834 1466 pulchritudinem

39 1482 142 1520 eam,
174 1483 279 1525 quae
308 1485 359 1513 ex
387 1474 561 1514 numeris
593 1479 670 1523 est,
703 1475 836 1515 omnia
865 1474 1021 1514 semina
1048 1473 1237 1514 retinent.
1299 1470 1493 1518 Quinario
1520 1472 1693 1524 plurima
1710 1472 1833 1524 plan-

36 1533 171 1571 tunm
198 1541 349 1583 genera
377 1536 558 1581 utuntur3
591 1545 669 1573 non
700 1533 943 1575 necessitate
968 1532 1166 1583 materiae
1199 1543 1249 1571 ex
1279 1530 1422 1571 arbore
1459 1530 1501 1571 in
1531 1543 1691 1583 pomum
1723 1530 1833 1571 deri-

38 1592 154 1636 vata,
198 1587 239 1629 in
269 1592 348 1642 'qua
380 1589 629 1631 derivatione
660 1591 760 1632 haec
791 1591 960 1644 quinarii
991 1591 1176 1631 custodia
1205 1589 1465 1642 impossibilis
1496 1594 1580 1641 est;
1618 1590 1692 1630 sed
1721 1602 1834 1630 com-

39 1645 307 1687 manicatione
339 1648 546 1689 facultatis
576 1649 798 1702 plasticae,
836 1662 937 1703 quae
968 1650 1095 1690 habet
1124 1648 1293 1701 quinarii
1332 1648 1586 1700 congenitam
1609 1648 1834 1700 pulchritu-

41 1704 188 1746 dinem.
260 1704 345 1746 Sed
387 1706 598 1759 ignobilior
638 1708 742 1749 haec
785 1709 913 1749 adhuc
946 1709 1051 1749 ratio
1093 1714 1175 1756 est,
1226 1707 1431 1759 minusque
1475 1706 1689 1754 mirabilis,
1742 1707 1836 1759 quia

42 1763 217 1804 facultas
251 1763 361 1804 intra
389 1778 434 1805 se
462 1766 591 1818 ipsam
622 1773 758 1808 manet
787 1773 829 1808 et
859 1767 1080 1819 quinarium
1122 1778 1238 1818 quem
1273 1765 1398 1806 habet
1433 1771 1645 1818 propagat.
1716 1765 1835 1806 Dabo

41 1821 268 1875 exemplum
309 1824 662 1865 accommodatius.
720 1826 811 1867 Non
854 1826 1117 1866 ratiocinatur
1146 1824 1339 1873 rusticus,
1386 1836 1504 1876 quam
1539 1824 1835 1876 proportionem

40 1879 324 1933 geometricam
361 1881 541 1923 obtineat
579 1896 659 1924 vox
689 1885 743 1924 ad
774 1897 925 1926 vocem.
986 1884 1044 1925 Et
1079 1889 1214 1924 tamen
1244 1883 1317 1923 illa
1346 1882 1481 1923 fidium
1518 1882 1725 1923 harmonia
1761 1895 1835 1923 ex-

42 1943 188 1985 tranea
213 1951 287 1992 per
316 1952 434 1981 aures
464 1941 606 1982 rustici
634 1942 675 1982 in
694 1947 869 1983 mentem
893 1942 1070 1984 illabitur
1088 1942 1365 1994 hominemque
1385 1941 1602 1990 exhilarat;
1634 1954 1713 1981 non
1738 1954 1835 1982 sane

40 1996 242 2038 mistionis
272 2010 412 2039 vocum
442 2000 728 2048 moderatione,
758 2014 837 2042 non
869 2002 949 2042 leni
980 2001 1135 2042 aurium
1166 2000 1409 2040 demulsione
1442 2000 1584 2052 (saepe
1610 1999 1716 2040 enim
1744 1999 1835 2041 vio-

41 2054 143 2097 lenti
171 2055 261 2097 soni
290 2069 409 2098 aures
439 2058 604 2100 laedunt
634 2065 677 2100 et
706 2060 959 2101 nihilominus
991 2059 1254 2100 consonantia
1284 2059 1490 2099 delectant
1520 2060 1612 2107 sua)
1644 2071 1722 2099 non
1753 2059 1838 2099 ulla

42 2113 125 2162 alia
153 2114 206 2154 de
234 2126 379 2164 causa,
423 2129 524 2170 quae
562 2118 765 2173 hucusque
803 2119 969 2160 iuveniri
998 2118 1196 2172 potuerit:
1243 2117 1315 2157 sed
1358 2117 1460 2158 hanc
1500 2130 1618 2158 unam
1655 2117 1706 2158 ob
1737 2130 1834 2166 rem,

41 2171 167 2224 quia,
192 2177 239 2213 ιιι
273 2173 316 2214 in
343 2174 598 2217 Harmonicis
626 2177 824 2229 probabo,
865 2178 1030 2218 formam
1061 2176 1332 2217 consonantiis
1364 2175 1552 2216 conciliat
1593 2177 1838 2228 geometrica

38 2229 175 2284 aliqua
214 2230 319 2272 ratio
354 2232 432 2273 toti
471 2235 616 2275 mundo
653 2236 805 2288 reliquo
838 2236 1070 2283 familiaris,
1115 2234 1289 2275 maxime
1328 2234 1490 2282 animis,
1529 2247 1628 2287 qnos
1673 2235 1836 2287 quidam

37 2294 219 2329 veterum
259 2289 487 2331 harmonias
530 2293 677 2332 dixere.
747 2293 823 2334 His
866 2307 961 2346 ergo
1001 2293 1194 2345 exemplis
1245 2306 1317 2333 ceu
1364 2293 1553 2344 gradibus
1597 2293 1836 2345 quibusdam

38 2346 171 2388 evecti
202 2347 417 2388 audeamus
460 2351 584 2390 etiam
620 2352 671 2391 ad
708 2351 783 2392 hoc
822 2353 977 2393 culmen
1015 2351 1252 2399 ascendere,
1295 2356 1342 2391 ut
1384 2351 1594 2392 credamus
1630 2351 1762 2392 inesse
1793 2352 1833 2391 in

0 2459 1 2465 1
37 2404 165 2446 Terra
192 2405 274 2446 vim
305 2407 517 2448 animalem
547 2410 852 2461 vegetatricem,
891 2411 930 2450 in
970 2410 1010 2450 vi
1048 2410 1209 2449 animali
1247 2422 1408 2450 sensum
1433 2409 1630 2461 quendam
1667 2421 1834 2461 geome-

0 2467 3 2490 Γ
35 2462 159 2512 uiae,
189 2463 308 2517 idque
340 2466 578 2515 formaliter,
610 2472 652 2508 et
681 2469 732 2508 ob
763 2469 804 2508 id
833 2469 987 2535 ipsum,
1028 2469 1120 2520 quia
1149 2468 1211 2507 vis
1243 2467 1314 2507 illa
1344 2480 1395 2507 ex
1425 2479 1571 2518 genere
1603 2467 1833 2507 animalium

0 2556 1 2559 ,
37 2520 277 2572 facultatum
308 2529 391 2564 est:
420 2537 520 2576 quae
552 2526 734 2578 quamvis
765 2527 875 2578 operi
906 2539 977 2567 suo
1009 2538 1166 2578 semper
1195 2525 1400 2575 incumbit,
1438 2525 1568 2578 magis
1598 2530 1732 2565 tamen
1759 2538 1833 2565 ex-

37 2579 286 2629 stimulatur,
323 2583 479 2635 quando
512 2584 586 2624 hoc
618 2590 847 2637 aspectuum
879 2585 1005 2625 veluti
1035 2585 1181 2636 pabulo
1213 2584 1345 2636 aliquo
1376 2583 1562 2625 reficitur.
1622 2583 1833 2630 Quemad-

34 2638 193 2681 modum
223 2640 345 2692 igitur
374 2641 481 2681 auris
511 2654 583 2693 per
613 2648 847 2683 concentum
878 2643 1105 2695 instigatur,
1139 2648 1183 2682 ut
1214 2642 1425 2694 diligenter
1457 2642 1678 2691 auscultet,
1711 2648 1832 2694 atque

35 2692 97 2762 itt?
124 2701 240 2738 tanto
270 2699 400 2751 magis
430 2700 569 2740 audiat
602 2701 869 2753 (voluptatem
900 2713 1113 2754 quaerens,
1148 2713 1248 2753 quae
1280 2700 1475 2741 sensionis
1506 2701 1700 2752 perfectio
1732 2703 1832 2749 est),

35 2765 96 2797 uc
126 2755 252 2796 Terra
286 2768 360 2808 per
398 2759 671 2810 vegetantium
708 2759 913 2800 radiorum·
934 2759 1125 2807 (diximus
1164 2758 1267 2798 enim
1306 2759 1504 2799 calfacere
1541 2759 1633 2799 illos
1676 2764 1720 2799 et
1754 2759 1832 2799 hu-

35 2815 235 2877 mectare)
265 2816 551 2884 geometricum
582 2829 818 2858 concursum
850 2818 1147 2865 exstimulatur,
1181 2822 1226 2857 ut
1250 2816 1461 2868 diligenter
1492 2830 1564 2857 seu
1594 2822 1709 2858 tanto
1741 2830 1832 2858 ma-

33 2868 98 2923 gis
126 2873 393 2924 vegetationis
424 2876 536 2926 operi
565 2875 732 2916 insistat
759 2888 1022 2928 magnamque
1053 2887 1254 2927 vaporum
1277 2875 1433 2927 copiam
1465 2875 1648 2916 exsudet.

754 2934 927 2974 Thesis
957 2934 1111 2974 XLIV.

148 2985 243 3027 Etsi
284 2999 380 3029 vere
416 2989 491 3030 has
530 2992 781 3043 operationes
825 2997 1058 3044 aspectuum
1087 2991 1264 3032 nonnihil
1294 2991 1454 3031 variant
1483 2991 1660 3043 ipsorum
1689 2990 1834 3042 plane—

33 3043 164 3089 tarum
203 3045 386 3087 diversae
427 3052 595 3090 naturae
636 3062 758 3102 supra
787 3051 1032 3103 explicatae;
1076 3054 1121 3090 ut
1152 3050 1270 3090 aliter
1298 3054 1482 3090 movetur
1519 3050 1645 3090 Terra
1674 3063 1700 3090 a
1730 3061 1832 3101 geo-

31 3094 198 3155 metrica
226 3103 417 3145 mixtione
448 3105 613 3148 Saturni
645 3113 687 3148 et
719 3109 866 3150 Martis
899 3107 1211 3154 contrariorum,
1244 3108 1363 3149 aliter
1392 3122 1417 3148 a
1440 3107 1555 3149 Jovis
1586 3113 1629 3148 et
1658 3108 1832 3148 Veneris
