2028 3242
170 56 259 100 422
925 59 979 92 De
1004 60 1244 94 Fundamenti·

171 162 471 217 perpendiculo,
505 175 583 203 uno
614 161 778 204 milliari
810 163 1039 215 germanico
1072 163 1220 213 (altior.
1238 170 1372 206 autem
1402 178 1492 207 esse
1516 166 1585 207 vix
1602 168 1752 220 potest,
1779 176 1857 205 non
1884 163 1987 206 enim

174 223 318 263 eadem
351 226 416 262 est
447 221 619 262 altitudo
651 221 861 271 materiae,
896 235 997 275 quae
1031 223 1266 278 crepuscula
1296 224 1410 274 facit,
1434 229 1478 266 et
1501 237 1603 278 quae
1627 224 1834 266 stellarum
1853 222 1987 264 radios

174 280 396 333 refringit).
443 279 577 320 Solari
608 280 732 333 igitur
761 281 875 322 radio
908 286 1068 322 aestate
1100 282 1311 334 objicietur
1348 283 1556 324 crassities
1584 297 1702 324 πωπω
1733 281 1916 324 milliaris
1946 287 1990 322 et

174 352 303 380 nonae
334 339 486 392 partis,
517 339 658 392 hyeme
697 340 818 380 trium
849 344 892 379 et
922 340 1081 380 tertiae.
1142 342 1209 382 Ita
1238 342 1358 394 triplo
1391 342 1559 383 debilior
1588 347 1654 383 est
1680 343 1822 397 hyeme
1852 340 1988 382 radius

175 397 285 439 Solis
315 402 484 451 propter
513 398 617 438 hanc
650 411 841 439 causam:
876 403 918 439 et
948 400 1173 451 conjunctis
1205 400 1266 441 his
1298 401 1427 442 tribus
1457 401 1612 451 causis,
1649 401 1719 442 vix
1748 413 1845 454 pars
1874 400 1987 441 vice-

175 457 278 498 sima
310 461 456 510 quarta
486 457 629 510 hyeme
661 457 808 499 caloris
840 457 988 498 aestivi
1019 464 1217 510 superest.

920 517 1104 557 Thesis
1136 517 1231 558 XII.
1503 551 1506 554 Δ

295 574 390 615 Etsi
419 586 515 615 vero
547 574 624 614 hae
656 579 740 615 tres
773 588 920 616 causae
952 575 1051 627 ipsis
1082 576 1246 617 brumae
1279 581 1322 618 et
1351 576 1518 618 solstitii
1542 576 1684 618 diebus
1710 579 1805 618 sunt
1820 549 1989 616 eviden-

174 633 370 684 tissimae,
403 646 480 674 non
512 637 646 673 tamen
681 634 729 673 de
762 633 1006 675 necessitate
1038 633 1121 675 illic
1153 635 1293 688 frigus,
1327 636 1390 676 hic
1422 636 1532 677 calor
1563 636 1641 677 erit
1666 634 1840 676 omnium
1858 634 1990 675 maxi-

174 705 286 733 mus:
333 693 406 734 sed
437 691 596 732 accedit
628 692 708 732 alia
740 705 887 741 causa,
933 705 1035 746 quae
1081 699 1271 748 qnantum
1300 694 1340 735 in
1373 707 1488 744 sese,
1526 695 1710 749 hyemem
1742 707 1768 734 a
1795 693 1991 748 principio

174 751 395 799 Februarii,
430 755 630 791 aestatem
656 765 680 790 a
711 751 905 803 principio
936 752 1115 804 Augusti
1152 753 1217 793 vel
1248 753 1426 799 circiter,
1454 754 1580 795 faciet
1602 754 1810 806 majorem.
1867 753 1993 793 Terra

177 809 284 850 enim
316 815 358 850 et
391 823 496 862 aqua
527 814 621 849 sunt
651 822 793 850 crassa
825 822 1012 862 corpora,
1057 824 1130 851 nec
1171 818 1344 864 possunt
1381 825 1458 854 uno
1499 818 1700 854 momento
1727 811 1906 860 calfieri,
1950 816 1995 851 et

177 869 356 910 calfacta
387 869 495 909 circa
525 881 703 908 mensem
733 869 909 918 Junium‚
943 868 1040 909 Sole
1072 870 1289 920 altissimo,
1328 871 1504 912 retinent
1543 871 1795 924 aliquamdiu:
1814 870 1992 911 malorem

177 927 253 968 sibi
284 927 446 981 penitus
477 927 715 979 impressum
749 928 846 975 (etsi
880 928 1208 981 superficietenus
1239 930 1353 971 illum
1394 930 1562 982 singulis
1599 930 1784 971 noctibus
1814 928 1995 970 nonnihil

175 986 408 1035 remittant)
453 991 618 1038 propter
662 987 905 1027 densitatem
948 987 1143 1028 materiae
1181 992 1223 1028 et
1259 989 1578 1041 magnitudinem
1606 992 1993 1042 corporum,2.atqne

176 1044 236 1086 ita
265 1044 375 1085 Junii
406 1045 582 1085 calorem
615 1046 663 1085 de
695 1045 915 1097 praeterito
957 1058 1045 1086 cum
1078 1047 1211 1086 calore
1236 1046 1335 1088 Julii
1362 1053 1405 1089 et
1428 1048 1608 1101 Augusti
1628 1048 1851 1092 cumulant.
1878 1047 1995 1091 Idem

177 1104 218 1144 in
251 1103 493 1144 contrarium
526 1104 734 1145 dicendum
762 1105 811 1144 de
842 1104 990 1156 frigore
1022 1105 1190 1158 hyemis.

927 1163 1105 1204 Thesis
1135 1164 1253 1206 XIII.
2026 1213 2028 1219 X

298 1222 409 1263 Idem
435 1220 630 1274 judicium
662 1226 751 1262 esto
784 1226 826 1261 et
857 1222 906 1262 de
938 1222 1038 1262 hora
1069 1224 1246 1263 secunda
1277 1223 1381 1272 diei,
1418 1235 1532 1276 quae
1559 1223 1726 1266 caudinr
1754 1228 1843 1274 est,
1869 1236 1993 1277 quam

179 1281 426 1330 duodecima,
461 1280 538 1321 etsi
569 1279 641 1321 Sol
666 1281 753 1338 jam
786 1280 907 1320 cadit.
966 1281 1080 1321 Idem
1101 1282 1205 1322 enim
1225 1282 1288 1323 hic
1308 1287 1493 1335 praestat
1514 1287 1602 1332 aer,
1635 1283 1740 1337 quod
1773 1282 1860 1324 illio
1879 1288 1994 1324 iterra

179 1340 398 1392 praestitit.
439 1339 566 1380 Nam
599 1344 694 1387 aer,
725 1344 771 1380 ut
801 1340 932 1380 tenuis
965 1340 1198 1390 admodum,
1238 1342 1406 1382 celerius
1447 1342 1758 1395 quidemquam
1780 1346 1897 1384 tem
1920 1342 1993 1382 al-

179 1404 348 1445 teratur,
381 1411 459 1438 non
491 1403 599 1440 tame
659 1399 817 1439 omnino
850 1398 998 1439 subito.
1050 1398 1225 1440 Accedit
1256 1405 1392 1441 tamen
1425 1400 1514 1451 huc,
1547 1401 1584 1442 si
1615 1413 1692 1442 non
1725 1405 1814 1442 tota
1844 1401 1993 1442 'Borrae

182 1458 444 1511 corpulentia,
478 1461 523 1497 at
554 1470 600 1497 sa
617 1462 699 1498 tem
731 1457 974 1510 superficies.
1815 1484 1819 1497 2
1847 1500 1851 1503 ,
1905 1483 1937 1511 2,
1962 1483 1967 1486 -

929 1517 1026 1557 The
1039 1516 1109 1557 sis
1139 1516 1258 1557 XIV.

298 1574 362 1614 Ex
395 1574 533 1614 eodem
553 1575 812 1616 fundamento
832 1576 1010 1627 praedici
1034 1580 1184 1627 potest,
1213 1575 1492 1629 Septembrem
1512 1580 1554 1616 et
1570 1574 1805 1624 Octobrem,
1828 1579 1996 1627 propter

181 1635 284 1674 hanc
318 1633 475 1686 quidem
507 1647 683 1680 causam,
717 1634 929 1674 calidiores
962 1635 1117 1674 futuros
1150 1647 1267 1687 quarn
1298 1636 1491 1676 Martium
1522 1638 1566 1675 et
1595 1634 1995 1690 Februariunsetsi

181 1693 365 1745 utrinque
398 1692 532 1732 futura
564 1698 626 1732 est
658 1693 801 1733 eadem
833 1693 911 1733 diei
943 1693 1164 1745 longitudo.

930 1752 1106 1791 Thesis
1137 1752 1235 1792 XV.

301 1809 449 1850 Altera
481 1822 604 1849 causa
642 1809 813 1862 physica
844 1811 1160 1862 praedictionum
1193 1815 1257 1851 est
1286 1809 1435 1851 Luna.
1490 1809 1597 1851 Nam
1625 1809 1878 1862 experientia·¹
1897 1822 1995 1863 pro-

183 1869 321 1909 batum
353 1873 428 1917 est,
462 1868 595 1907 omnia
624 1868 786 1908 humore
820 1870 1051 1909 constantia
1081 1874 1287 1910 crescente
1307 1868 1423 1910 Luna
1454 1873 1705 1920 turgescere;
1738 1869 1996 1910 decrescente

184 1927 406 1967 subsidere.
470 1925 584 1972 Quae
617 1939 696 1967 una
727 1940 791 1967 res
824 1928 1082 1979 plurimarum
1113 1928 1352 1968 electionum
1383 1933 1426 1967 et
1455 1927 1773 1979 praedictionum
1805 1927 1845 1968 in
1874 1939 1996 1968 oeco-

184 1986 329 2034 nomia,
363 1998 405 2026 re
438 1985 603 2034 rustica,
637 1986 848 2032 medicina,
880 1987 1054 2031 nautica,
1089 1999 1212 2026 causa
1244 1991 1319 2026 est.
1358 1985 1575 2026 Rationem
1605 1986 1724 2038 hujus
1743 1986 1997 2040 sympathiae

186 2044 359 2085 nondum
383 2044 562 2095 perfecte
595 2044 797 2095 cognitam
828 2045 979 2085 habent
1009 2045 1177 2098 physici.

306 2160 384 2200 Est
415 2164 549 2199 autem
581 2160 727 2211 duplex
757 2161 896 2202 Lunae
928 2102 1254 2210 Ξίἲῐῗπὲἶὸαἷὲιῖἒ
1274 2164 1498 2210 menstrua,
1533 2161 1582 2202 de
1615 2173 1690 2213 qua
1718 2160 1806 2213 jam
1836 2161 1940 2210 dixi,
1973 2175 1999 2201 a

186 2219 369 2260 mutabili
403 2219 542 2258 Lunae
575 2218 677 2259 facie
710 2221 962 2271 dependens;
997 2221 1128 2261 altera
1160 2220 1475 2268 semimenstrua,
1500 2224 1552 2260 ·et
1582 2221 1634 2261 ob
1663 2220 1706 2260 id
1727 2219 1851 2261 etiam
1865 2220 1995 2261 semi-

186 2278 339 2327 diurna,
373 2290 473 2330 quae
505 2277 546 2317 in
578 2277 820 2319 medicorum
852 2280 1021 2320 crisibus
1054 2279 1172 2332 inque
1204 2279 1326 2319 maris
1366 2283 1483 2319 aestu
1509 2279 1711 2332 reciproco
1743 2278 1997 2331 potissimam

186 2337 267 2377 vim
298 2337 434 2384 habet,
467 2337 515 2376 de
548 2349 626 2389 qua
657 2337 774 2378 infra.

914 2396 1012 2436 The
1025 2396 1098 2436 sis
1127 2395 1266 2437 XVII.

305 2452 615 2505 Quibuscunque
647 2454 783 2507 itaque
815 2455 956 2495 diebus
987 2455 1028 2495 in
1059 2455 1290 2495 calendario
1321 2453 1566 2495 novilunium
1596 2452 1816 2503 invenitur,
1848 2453 1993 2495 humo-

186 2524 252 2553 res
290 2517 481 2565 quantum
525 2525 550 2551 a
586 2513 703 2553 Luna
741 2515 918 2566 pendent
969 2519 1084 2554 erunt
1127 2514 1342 2562 imminuti,
1402 2512 1544 2565 quibus
1581 2525 1677 2552 vero
1718 2512 1991 2565 plenilunium,
2025 2561 2028 2562 ⁷

188 2571 309 2612 aucti.
371 2571 432 2611 At
463 2584 551 2611 cum
582 2571 622 2611 in
654 2572 715 2612 his
741 2573 827 2626 jam
854 2573 995 2620 dictis,
1041 2577 1125 2613 tum
1158 2573 1281 2612 etiam
1312 2573 1352 2612 in
1385 2571 1641 2624 quadraturis
1680 2571 1866 2613 humores
1902 2584 1992 2619 mo-

187 2630 383 2670 vebuntur
416 2630 563 2670 valide.
626 2630 740 2672 Haec
773 2636 837 2672 est
857 2632 1029 2684 simplex
1062 2636 1103 2671 et
1133 2643 1242 2671 mere
1276 2629 1520 2682 astrologica
1547 2630 1791 2682 praedictio,
1824 2642 1931 2685 quae
1956 2630 1993 2671 si

187 2699 260 2739 per
292 2689 473 2739 singulas
507 2693 617 2728 artes
651 2690 916 2739 diduceretur,
951 2690 1182 2741 astrologus
1213 2689 1363 2730 limites
1397 2701 1492 2729 suae
1523 2688 1787 2742 professionis
1819 2689 1991 2730 excede-

189 2751 263 2796 ret,
296 2748 487 2799 fieretque
520 2747 712 2799 agricola,
744 2750 935 2796 medicus,
968 2749 1172 2802 chymicus
1204 2749 1275 2790 &c.
2008 2748 2012 2751 ’

907 2806 1086 2848 Thesis
1116 2806 1274 2848 XVIII.

306 2864 511 2904 Interdum
555 2869 690 2906 tamen
727 2866 856 2919 ipsos·
875 2866 1026 2907 moneri
1067 2865 1244 2918 expedit.
1305 2863 1377 2906 Uti
1407 2861 1600 2917 chymicis
1639 2863 1740 2904 haec
1777 2876 1853 2917 ege
1892 2875 1989 2917 pro-

188 2932 313 2973 pono,
356 2922 484 2963 videri
523 2923 785 2976 plenilunium
823 2924 970 2966 fusioni
1013 2924 1266 2965 metallorum
1306 2924 1538 2970 adversum,
1581 2926 1746 2975 propter
1788 2922 1990 2964 humidum

188 2979 305 3020 nimis
338 2985 484 3022 aerem.
546 2983 592 3022 Id
632 2983 667 3023 si
706 2988 789 3032 est,
834 2996 1005 3037 magnus
1043 2983 1196 3024 orietur
1237 2985 1472 3035 aspectuum
1508 2981 1691 3022 delectus
1728 2981 1782 3022 ad
1812 2981 1990 3034 ipsorum

189 3050 302 3089 opus.
