2028 3242
881 81 1098 114 Prooemium.
1540 92 1543 94 -
1696 69 1698 71 ’
1809 81 1896 124 223

85 187 213 241 pinnt.
274 183 425 227 Cetera
455 196 557 239 quae
595 185 772 238 allegas,
812 186 917 226 levia
955 191 1070 226 sunt:
1117 191 1420 245 praeceptorem
1451 187 1553 239 dixi,
1593 187 1687 247 quia
1722 200 1772 229 ex
1809 189 1896 247 ejus

87 245 191 297 mm
221 243 284 285 *⁸¹³
313 257 365 284 ¹¹⁸
405 244 618 298 haeseram
660 244 775 298 utilis
829 235 1898 306 ,ρρῦἰῑίἓξὶἒψᾙιαμ-ὄζιῇἐᾜέῘζᾼὶρῖζῖὲρῑὶῃεεᾶε

86 256 631 347 Ambilitafi
662 303 782 356 datur
811 292 985 358 &offitio
1018 308 1242 354 etwmulfflss
1259 304 1446 359 aulicum.
1508 305 1767 360 Hypotheses
1799 319 1896 348 vero

85 354 720 417 Win‘’quibus⁴aliqui⁷d
750 356 936 403 mutavit.
999 363 1107 404 Nam
1138 363 1174 403 si
1206 363 1309 403 bene
1335 356 1510 412 memini,
1542 365 1707 405 Terram
1737 371 1780 406 et
1810 365 1896 419 ipse
1918 373 1929 386 ¹

84 423 228 471 volvit,
268 428 312 463 et
339 421 381 462 in
411 421 559 479 Martis
591 421 739 470 circulo
766 421 992 475 discrepat,
1039 421 1145 470 sive,
1178 427 1226 462 ut
1254 421 1373 470 dicis,
1414 429 1537 464 errat.
1598 423 1705 464 Nam
1736 425 1814 465 etsi
1845 437 1896 465 ex
1923 387 1940 465 i

84 481 302 533 Maestlino
335 480 384 521 de
415 481 491 525 hac
522 484 564 520 te
593 480 699 520 inter
729 485 773 520 et
801 480 949 522 Ursum
983 480 1259 522 controversia
1294 481 1390 522 olim
1420 480 1715 532 inaudiveram‚
1759 489 1896 524 tamen

83 554 172 583 cnm
214 545 259 581 et
294 534 485 592 Maginus
519 539 560 580 in
590 538 714 580 Italia
744 543 786 579 et
826 538 1042 580 Roeslinus
1084 540 1126 581 in
1169 539 1337 581 Alsatia
1380 541 1527 594 singuli
1570 553 1643 594 pro
1683 555 1727 581 se
1766 543 1895 583 simile

83 599 284 654 quippiam
314 610 369 638 ex
397 597 686 652 hypothesibus
718 596 929 650 Copernici
961 599 1228 648 derivassent,
1262 599 1547 641 existimabam
1580 601 1686 640 idem
1717 607 1759 641 et
1789 601 1895 642 Urso

82 658 312 712 excogitata
329 657 507 710 proclive
528 656 667 698 fuisse.
687 653 723 705 ²)
782 657 964 710 Denique
985 658 1089 711 quod
1108 658 1198 699 finis
1217 655 1414 711 principio
1448 659 1669 712 respondet
1698 659 1795 700 nihil
1816 660 1895 700 mi-

83 730 183 768 rum,
213 729 286 759 nec
305 715 390 768 ulla
407 715 447 756 in
466 721 562 756 voto
581 714 833 769 improbitas,
864 721 910 757 ut
928 716 1093 764 „valeat
1124 717 1324 758 sideribus
1344 723 1387 758 et
1410 717 1649 759 scientiae“.
1711 719 1760 759 Id
1779 719 1894 772 eqni-

82 777 174 819 dem
201 775 385 824 studeat,
415 775 644 816 maledictis
675 774 836 815 omissis
867 780 910 815 et
944 788 1052 816 vana
1083 777 1371 818 ostentatione.
1432 778 1598 826 „Decus
1629 782 1764 818 autem
1785 777 1894 819 Ger-

178 835 188 846 *
243 835 271 854 “
300 834 399 875 mihi
434 834 603 887 quilibet
634 839 718 883 est,
760 834 823 875 cui
854 840 1011 875 tantum
1042 835 1191 884 tribuo,
1225 842 1415 888 qnantum
1434 837 1494 878 illi
1523 837 1765 886 tribuebam,
1805 838 1898 891 quia

82 848 242 878 maniae

81 908 223 951 nempe
346 893 474 934 them
815 893 961 935 decus
1005 900 1119 935 sunt
1158 895 1300 936 unius
1339 894 1646 936 Germaniae.
1686 916 1741 923 —
1782 897 1894 937 Haec
1933 908 2028 962 ᾗ

81 954 186 996 adeo*
199 952 366 1008 prolixe,
399 965 487 992 cum
505 956 553 992 ut
570 953 748 993 dolorem
766 965 899 992 meum
929 958 1109 994 testarer*
1129 967 1196 1007 Jus
1269 967 1388 1008 quere
1406 949 1454 1004 a,
1485 947 1891 1008 'umwappareress
1994 965 2002 999 i

81 1013 269 1055 arbitrari
298 1023 361 1053 me
392 1023 470 1051 nou
501 1013 660 1052 omniuo
677 1010 790 1051 nihil
821 1012 874 1052 ad
904 1025 1036 1054 meam
1067 1013 1410 1055 existimationem
1449 1013 1671 1067 pertinere,
1713 1015 1819 1068 quod
1849 1020 1893 1055 tu

300 1070 423 1111 ntias.

80 1074 130 1114 de
158 1084 527 1177 ωὲἀεοοκῒΐεωυιῃ,
560 1134 727 1166 concludit
750 1134 932 1176 Keplerus‚
959 1135 1003 1167 ad
1026 1134 1244 1168 Maestlinum
1268 1135 1426 1178 loquens,
1466 1131 1622 1179 addidi,
1654 1144 1731 1172 non
1762 1132 1890 1172 videri

79 1191 241 1245 dignum
272 1188 471 1243 Tychonis
502 1187 799 1240 magnitudine,
845 1194 890 1228 ut
922 1194 1004 1228 tam
1037 1190 1301 1230 vehementer
1331 1190 1381 1229 ob
1419 1189 1523 1230 hanc
1559 1191 1890 1232 obtrectationem

77 1254 387 1292 commoveatur.
450 1247 633 1287 Patiatur
664 1247 798 1299 potius
830 1260 952 1299 opera
984 1260 1055 1300 pro
1089 1254 1260 1301 utroque
1293 1249 1414 1301 loqui,
1447 1262 1627 1298 securus,
1660 1250 1754 1303 quid
1784 1250 1891 1291 docti

78 1309 235 1350 sensuri
264 1307 359 1349 sint.

170 1423 308 1468 Tycho
330 1423 382 1456 his
405 1421 541 1464 Kepleri
564 1422 665 1454 literis
689 1422 856 1463 respondit
881 1420 928 1462 (d.
956 1420 988 1453 9.
1015 1423 1098 1455 Dec.
1127 1421 1234 1464 1599)
1267 1423 1433 1465 pluribus,
1462 1433 1599 1467 quorum
1631 1434 1691 1463 ea,
1727 1435 1813 1468 quae
1844 1426 1888 1460 ad

75 1473 288 1507 Pmdromm
310 1471 495 1513 pertinent,
521 1478 620 1511 supra
652 1469 854 1501 exhibuimus
885 1467 1049 1513 (pag.„46
1074 1468 1150 1513 sq.).
1201 1470 1296 1510 Quae
1319 1471 1384 1504 hnc
1409 1474 1596 1514 pertinent,
1633 1473 1760 1506 haecce
1789 1478 1889 1506 sunt:

116 1524 119 1525 ⁷
461 1521 496 1548 et
511 1517 746 1549 eruditissimas
769 1521 845 1548 tuas
866 1516 992 1554 literas,
1010 1516 1069 1549 Vir
1084 1517 1295 1554 Doctissime,
1322 1523 1356 1550 et
1371 1519 1413 1551 ob
1430 1520 1565 1551 eximias
1581 1521 1706 1563 ingenii
1722 1521 1771 1553 tui
1796 1521 1889 1554 dotes

46 1585 51 1589 ·
77 1567 172 1609 (lieet
188 1567 231 1600 de
245 1565 334 1599 facie
348 1565 431 1598 mihi
441 1563 583 1596 necdum
602 1561 750 1606 cognite)
767 1564 938 1605 plurimum
955 1569 1068 1596 tamen
1085 1565 1221 1604 dilecte,
1248 1566 1362 1607 accepi
1384 1567 1606 1608 praecedente
1623 1572 1752 1600 aestate
1769 1568 1887 1601 Witte-

76 1616 210 1659 bugae,
231 1613 332 1656 paulo
357 1617 536 1654 antequam
560 1611 636 1643 inde
662 1611 876 1648 discederem,
902 1621 975 1643 cum
1000 1613 1033 1644 in
1059 1614 1230 1653 procinctu
1257 1623 1363 1645 essem
1388 1614 1514 1645 itineris
1529 1613 1709 1647 Bohemici.
1746 1615 1888 1660 Ideoque

12 1692 18 1696 .
76 1667 148 1695 tum
171 1662 214 1694 iis
235 1659 454 1703 respondendi
477 1658 567 1690 nulla
593 1659 736 1691 dabatur
766 1660 1012 1700 opportunitas,
1049 1661 1097 1691 uti
1128 1669 1234 1702 neque
1265 1665 1381 1702 postea
1410 1671 1513 1703 usqne
1546 1662 1580 1693 in
1608 1662 1671 1694 hoc
1695 1667 1823 1704 tempus
1847 1664 1889 1696 ob

74 1706 184 1743 muni
206 1716 355 1742 mearum
371 1703 650 1743 'vicinitudinem
686 1710 721 1738 et
751 1715 871 1737 novum
901 1706 1078 1738 earundem
1112 1708 1146 1739 in
1175 1707 1256 1739 locis
1287 1708 1466 1750 peregrinis
1499 1714 1708 1750 apparatum.
1758 1709 1887 1743 Nactus

0 1779 5 1783 r
80 1751 194 1790 intem
214 1757 288 1797 §am
312 1753 551 1797 aliquantulum
575 1754 645 1790 otii,
670 1754 738 1785 una
763 1762 836 1784 cum
860 1754 1012 1795 mittendi
1029 1754 1072 1786 ad
1088 1758 1122 1786 te
1138 1764 1231 1787 meas
1249 1755 1493 1793 commoditate,
1517 1766 1584 1788 non
1607 1756 1728 1789 diutius
1750 1758 1888 1800 rescrip-

75 1805 166 1838 tione
189 1802 467 1845 super-sedendum
492 1800 668 1832 arbitratus
693 1810 775 1832 sum.

170 1849 266 1891 Quae
289 1849 333 1882 ab
354 1849 447 1881 initio
472 1847 513 1879 de
537 1847 743 1880 maleferiato
773 1848 837 1878 isto
862 1847 946 1879 Urso
977 1849 1026 1879 tui
1050 1848 1213 1891 purgandi
1245 1857 1348 1880 cansa
1378 1849 1503 1891 prolixe
1534 1860 1788 1888 commemoras,
1819 1862 1886 1884 non

75 1898 228 1941 equidem
248 1901 300 1929 tot
323 1897 428 1929 verbis
454 1899 488 1927 et
512 1899 581 1926 tam
607 1895 769 1937 exquisita
794 1894 1019 1927 declaratione
1042 1895 1271 1938 indiguissent,
1299 1906 1373 1928 eum
1396 1898 1537 1938 ipsemet
1561 1898 1644 1930 alias
1660 1902 1695 1930 te
1720 1899 1801 1931 satis
1826 1909 1886 1932 ex-

75 1948 228 1979 cusatum
249 1944 393 1981 habeam
416 1942 559 1984 nihilque
585 1943 644 1974 tibi
667 1943 843 1984 imputem,
867 1942 953 1983 quod
976 1944 1004 1974 is
1028 1942 1140 1975 literas
1165 1948 1258 1980 tuas,
1285 1947 1319 1975 et
1344 1952 1401 1975 eas
1425 1945 1575 1986 quidem,
1600 1946 1650 1977 mi
1673 1955 1762 1978 nunc
1787 1956 1827 1978 ex
1850 1951 1885 1978 te

73 1993 230 2035 percipio,
253 1991 424 2024 mutilatas
449 1994 483 2022 et
507 1989 722 2030 depravatas,
749 1990 797 2020 sui
823 1989 962 2021 ornandi
996 1999 1114 2029 causa,
1149 2000 1228 2022 nam
1256 1991 1303 2022 sic
1328 1990 1411 2023 forte
1436 2001 1517 2033 opus
1540 1991 1673 2030 habuit,
1705 1994 1768 2025 isto
1799 1994 1886 2036 quod

74 2040 239 2084 evulgavit
263 2038 388 2072 scurrili
413 2041 447 2070 et
469 2036 646 2068 maledicto
671 2037 808 2078 scripto,
843 2041 877 2068 te
909 2037 1011 2069 inscio
1044 2042 1078 2069 et
1109 2038 1210 2069 invito
1235 2038 1419 2070 inseruerit.
1467 2038 1520 2071 De
1544 2038 1778 2082 hypothesibus
1802 2042 1885 2073 meis

73 2087 116 2119 ab
138 2087 195 2119 illo
219 2087 399 2128 praereptis
423 2090 458 2116 et
482 2094 539 2125 pro
564 2085 631 2116 suis
655 2084 833 2115 venditatis
858 2094 925 2115 non
950 2088 1048 2116 tanta
1076 2089 1163 2117 esset
1187 2086 1346 2126 quaestio.
1373 2086 1437 2117 nisi
1460 2086 1495 2118 in
1518 2087 1581 2118 isto
1606 2088 1826 2120 inverecundo
1851 2093 1886 2120 et

73 2133 238 2177 figmentis
262 2137 362 2175 atque
387 2131 559 2164 calumniis
584 2134 735 2162 scatente
759 2132 839 2162 libro
863 2131 1020 2163 honorem
1045 2137 1078 2163 et
1103 2133 1377 2164 existimationem
1393 2143 1515 2170 meam,
1540 2135 1605 2166 imo
1630 2136 1785 2176 patriam,
1810 2146 1883 2178 pro-

71 2182 212 2222 sapiam,
235 2180 367 2212 domum
388 2178 661 2216 honestissimam,
687 2178 972 2219 impudentissimis
998 2182 1033 2209 et
1062 2179 1300 2210 scelestissimis
1324 2180 1527 2218 mendaciis,
1553 2183 1678 2213 scurrili
1704 2187 1738 2214 et
1760 2192 1883 2214 vesano

72 2228 203 2260 calamo
229 2227 401 2263 arrodere,
435 2229 470 2257 et
499 2228 657 2266 quantum
682 2226 716 2256 in
740 2226 810 2266 ipso
836 2229 886 2256 est
912 2225 1082 2258 defamare
1106 2236 1172 2257 non
1204 2227 1403 2264 erubuisset,
1434 2237 1508 2259 eum
1532 2233 1646 2260 tamen
1670 2230 1809 2270 ipsemet
1833 2231 1882 2262 fa-

72 2279 185 2307 teatin·
208 2275 242 2306 in
266 2273 489 2315 praefatione,
514 2281 568 2302 me
593 2271 677 2302 bene
703 2281 774 2302 esse
800 2271 839 2303 de
866 2271 919 2302 illo
944 2273 1115 2306 meritum.
1142 2278 1176 2304 et
1201 2273 1296 2304 adest
1319 2274 1398 2305 mihi
1423 2283 1556 2306 carmen
1581 2276 1744 2317 quoddam
1770 2278 1882 2318 ipsius,

71 2322 151 2354 licet
165 2322 292 2353 insulsa
316 2319 380 2361 (uti
397 2317 496 2358 solet)
522 2327 607 2348 vena
631 2317 806 2354 affatuum,
834 2319 1025 2359 propriaque
1052 2321 1122 2359 ejus
1146 2329 1249 2351 manu
1264 2321 1430 2361 scriptum,
1456 2331 1519 2363 quo
1543 2322 1624 2353 mihi
1647 2324 1775 2365 gratias
1800 2325 1880 2366 agit,

60 2369 160 2411 ,quod
181 2379 249 2400 non
273 2368 391 2400 saltem
415 2376 473 2409 per
494 2365 660 2406 plusculos
686 2365 777 2408 dies,
805 2375 878 2396 cum
904 2365 1079 2406 aliquando
1106 2366 1312 2410 Uranibnrgia
1330 2367 1416 2411 apud
1438 2378 1500 2410 me,
1518 2372 1622 2407 esset,
1648 2369 1780 2412 dbqsst
1802 2376 1882 2411 ΡΜ·ιι

71 2406 322 2458 ἰὶὶώῖιῖῖτξῖῑοι
355 2414 511 2448 aluerim‚
547 2411 606 2443 sed
638 2415 673 2442 et
704 2412 838 2453 insuper
870 2410 1052 2454 discedenti
1080 2408 1471 2456 pecunias-dederimss)
1520 2415 1572 2447 En
1596 2416 1726 2457 qualem
1750 2413 1882 2458 prd‘fiis
1952 2434 2019 2457 f„

73 2454 395 2505 itfinffanss‘refert
418 2455 587 2504 gratiam!
637 2457 854 2490 Occasionem
879 2460 994 2490 sumsit
1016 2459 1130 2491 horum
1156 2461 1387 2496 convitiorum.
1423 2461 1508 2503 qnod
1532 2463 1567 2493 in
1592 2462 1619 2494 1.
1644 2467 1755 2495 nostro
1779 2463 1881 2496 Tomo

71 2509 292 2552 Epistularum
316 2509 618 2541 Astronomicarum
644 2509 734 2537 extet
760 2505 836 2537 Chr.
862 2505 1065 2538 Rothmanni
1098 2507 1257 2547 epistola,
1292 2508 1327 2539 in
1359 2517 1425 2549 qua
1449 2507 1568 2540 Ursum
1593 2510 1691 2541 istum
1720 2512 1881 2552 impurum

72 2561 171 2590 vocat
191 2557 398 2595 nebulonem,
425 2556 531 2598 qualis
557 2554 642 2585 enim
669 2557 757 2584 esset
780 2554 814 2584 in
840 2553 918 2584 aula
941 2554 991 2584 sui
1007 2554 1163 2594 principis
1180 2555 1253 2596 ipsa
1270 2555 1471 2595 experientia
1487 2556 1633 2594 edoctus,
1659 2561 1729 2588 tum
1753 2567 1880 2600 quoque

40 2624 43 2625 ν
72 2604 233 2636 relatione
258 2604 394 2636 aliorum
419 2613 459 2635 ex
482 2603 521 2634 iis
546 2601 637 2636 locis,
663 2600 718 2631 ubi
744 2605 847 2631 antea
870 2601 1006 2631 vixerat.
1045 2601 1115 2643 Ego
1140 2611 1215 2632 vero
1238 2602 1272 2632 in
1298 2602 1365 2632 alia
1388 2603 1531 2644 quadam
1557 2604 1600 2635 ad
1625 2604 1748 2636 dictum
1773 2604 1877 2650 Roth-

73 2661 231 2683 mannum
255 2651 394 2692 epistola
418 2650 452 2682 id
476 2649 595 2681 saltem
620 2647 784 2678 mimetice
809 2647 914 2678 refero
939 2651 973 2679 et
996 2647 1091 2678 simul
1114 2648 1255 2685 insinuo,
1281 2658 1343 2690 quo
1361 2649 1434 2680 dolo
1451 2650 1614 2691 quaedam
1632 2661 1672 2683 ex
1687 2653 1769 2683 meis
1787 2652 1878 2684 clan—

73 2699 183 2731 culum
206 2698 432 2734 subtraxerat,
466 2706 599 2739 quorum
623 2694 782 2725 nonnulla
804 2694 930 2734 recepi,
962 2703 1047 2734 quae
1074 2695 1252 2726 etiamnum
1274 2696 1376 2736 ipsius
1399 2706 1502 2728 manu
1526 2696 1638 2738 (qnam
1662 2708 1787 2740 negare
1811 2710 1878 2732 non

71 2743 198 2787 potest)
223 2749 363 2778 exarata
385 2754 487 2786 penes
511 2753 564 2774 me
582 2746 675 2778 sunt;
703 2746 735 2772 et
761 2750 853 2777 sane,
881 2742 907 2771 si
931 2740 1011 2771 mihi
1036 2742 1135 2772 otium
1161 2751 1182 2773 a
1199 2742 1397 2784 gravioribus
1423 2744 1538 2775 studiis
1562 2748 1641 2777 tune
1666 2746 1878 2787 superfuisset

73 2792 227 2833 epistolas
250 2792 335 2831 illas,
362 2792 439 2823 dum
463 2791 548 2832 typis
573 2789 691 2820 nostris
717 2788 973 2828 excudebantur,
1001 2789 1108 2829 quoad
1131 2789 1261 2830 singula
1286 2794 1443 2821 contenta
1466 2790 1644 2829 revidendi,
1670 2803 1737 2824 non
1760 2803 1877 2835 passus

71 2839 205 2871 fuissem
237 2839 353 2871 librum
378 2839 467 2870 illum
495 2847 516 2869 a
538 2847 590 2868 me
619 2836 743 2867 editum
768 2836 860 2866 istius
886 2835 977 2866 efferi
1002 2839 1036 2865 et
1058 2836 1161 2876 putidi
1186 2835 1259 2867 Ursi
1285 2838 1414 2868 nomine
1439 2839 1663 2879 conspurcari.
1701 2850 1767 2872 non
1791 2841 1877 2883 quod

41 2892 51 2926 ς,
72 2886 272 2926 οῇῃηωῃοᾱῇ
297 2885 452 2926 adjuncto
470 2885 612 2927 epitheto
629 2883 782 2924 indignus
800 2883 927 2913 censeri
942 2882 1055 2922 possit,
1082 2887 1140 2913 aut
1165 2882 1233 2914 ulla
1255 2883 1302 2914 illi
1326 2884 1506 2916 secundum
1526 2885 1694 2918 hominum
1718 2893 1887 2923 consueta,

45 2944 48 2947 ’
69 2933 195 2974 indicia
217 2933 378 2976 loquendo
402 2934 447 2965 sic
473 2932 567 2964 fieret
588 2930 725 2970 injuria,
756 2934 852 2970 prout
876 2939 941 2960 non
968 2929 1087 2960 saltem
1111 2929 1358 2967 Rothmannus,
1393 2932 1453 2963 sed
1478 2933 1578 2964 etiam
1602 2934 1696 2966 multi
1721 2935 1795 2973 alii,
1820 2937 1875 2978 qui

73 2989 149 3012 eum
171 2981 253 3012 satis
275 2989 406 3016 novere,
429 2982 639 3021 perspectum
662 2976 802 3013 habent,
839 2986 951 3007 verum
981 2977 1060 3017 quia
1082 2986 1149 3007 non
1173 2976 1313 3008 libenter
1336 2978 1370 3009 in
1393 2980 1476 3022 meis
1501 2981 1630 3021 scriptis
1653 2981 1751 3014 ullius
1772 2983 1875 3016 vitam

45 3037 57 3060 t
72 3030 108 3059 a
129 3033 247 3065 mun—3,
273 3027 514 3069 qualescunque
539 3026 615 3061 sint,
641 3024 834 3066 perstringo,
859 3023 946 3055 unde
972 3023 1070 3055 etiam
1093 3024 1127 3055 in
1148 3023 1286 3065 epistola
1301 3023 1348 3056 M.
1365 3024 1410 3057 D.
1424 3025 1498 3058 Jac.
1513 3026 1615 3059 Curtii
1632 3037 1662 3060 o.
1676 3038 1735 3065 m.,
1757 3035 1875 3072 postea

47 3070 312 3123 {Wandesburgi
337 3083 359 3106 a
379 3083 434 3106 me
456 3074 538 3106 libro
563 3073 603 3103 de
620 3070 819 3103 Mechanica
835 3071 1044 3102 Astronomia
1068 3071 1254 3111 subjuncta,
1278 3081 1398 3105 nomen
1422 3075 1514 3105 istius
1540 3076 1643 3112 omisi,
1668 3081 1743 3108 utut
1767 3078 1874 3110 dietus
