2028 3242
104 14 189 59 328
664 16 798 48 Literae
822 16 959 57 Kepleri
985 16 1185 58 aliorumque
1209 19 1345 49 mutuae

103 123 276 176 spatium
308 134 358 161 ex
388 126 498 161 terra
530 121 678 169 exorti,
720 121 762 161 in
804 125 975 169 terram,
1023 135 1128 175 aqua
1161 121 1280 171 facti,
1327 121 1522 164 recidunt.
1584 121 1693 163 Audi
1724 121 1912 170 rusticos,

103 180 473 235 quando'imminet
504 180 651 220 nebula
683 181 866 229 aestiva,
910 181 1078 228 nebula,
1129 181 1308 232 inquam,
1345 186 1385 220 et
1416 182 1569 233 grando
1600 181 1640 221 in
1672 181 1816 221 eadem
1846 193 1914 222 re-

103 241 232 293 gione.
294 239 349 279 Et
380 252 467 279 cum
499 239 571 279 tibi
606 240 716 280 calor
748 240 918 280 attrahit
950 253 1102 285 crassa,
1133 240 1197 292 qui
1232 240 1327 280 mihi
1360 253 1500 280 crassa
1525 240 1792 281 subtilisando
1821 252 1912 280 sur—

103 313 190 340 sum
220 303 455 351 promovet,
507 300 631 339 audes
663 299 786 339 etiam
822 299 976 350 copiam
1016 299 1164 338 nivium
1211 299 1250 339 in
1284 299 1480 339 montosis
1524 312 1595 352 pro
1626 304 1668 340 te
1701 299 1912 347 adducere,

103 372 201 411 quae
234 358 447 398 manifeste
479 371 550 410 pro
583 371 644 398 me
679 358 811 398 facit?

220 416 303 458 Sed
334 417 485 457 directe
518 418 685 470 denique
718 429 980 469 responsurus
1013 429 1125 456 meae
1165 415 1385 468 objectioni
1426 418 1474 457 de
1518 415 1913 469 possibilitate'plu-

104 476 207 525 endi,
240 476 430 527 ningendi
462 476 501 516 in
534 476 756 525 montanis,
791 476 972 527 confugis
1006 476 1057 515 ad
1090 489 1227 516 veram
1260 489 1422 515 causam
1434 489 1445 525 3
1477 475 1658 528 proxime
1690 481 1815 523 stant,
1848 475 1914 515 in-

103 535 203 589 quis,
237 535 462 584 humorem,
497 535 562 588 qui
595 536 644 575 ab
676 535 833 575 interno
867 535 1059 574 montium
1092 536 1226 575 calore
1261 542 1399 574 coctus
1433 535 1682 575 sublimatur.
1747 533 1915 575 Gratias

103 607 192 647 ago,
226 608 318 634 nam
351 595 425 635 hoc
458 595 589 646 ipsum
622 594 710 634 dico
743 600 785 634 et
810 594 899 646 jam
931 594 1026 633 olim
1059 595 1156 634 dixi.
1220 593 1438 645 Egregiam
1458 607 1552 634 vero
1585 594 1794 639 rationem,
1827 606 1916 634 cum

102 653 298 694 turbidius
330 654 369 693 in
401 655 597 694 Bohemia
628 654 782 693 coelum
817 652 1013 701 dixisses,
1061 653 1154 704 quia
1186 652 1239 692 ibi
1271 652 1449 693 oriuntur
1480 653 1667 701 flumina,
1714 653 1809 705 quia
1839 652 1915 694 hu-

101 713 232 754 milior
263 721 395 760 terra,
443 712 535 765 quia
579 713 627 752 ob
673 718 864 752 montana
908 711 1014 751 intus
1060 712 1272 752 calentior!
1335 711 1396 752 At
1426 713 1501 756 tibi
1532 725 1613 752 non
1639 712 1777 763 placet
1819 724 1918 751 vera

103 784 246 820 causa;
284 772 325 811 in
356 772 501 820 Dania,
536 772 691 824 inquis,
738 783 862 822 vapor
895 770 1055 811 subtilis
1088 772 1172 811 sine
1205 770 1342 822 pluvia
1371 771 1518 811 iterum
1548 771 1741 811 miscetur
1773 783 1914 824 aquae.

99 830 257 871 Juvabo
291 836 344 871 te.
409 832 452 870 In
484 831 618 871 Dania
651 830 881 881 superficies
914 830 1037 869 maris
1070 835 1263 882 vaporat,
1310 835 1527 882 propterea
1563 829 1666 870 nihil
1713 829 1795 869 fere
1841 829 1916 870 nisi

102 903 213 930 rores
246 890 338 929 inde
372 890 567 938 existunt;
601 889 640 928 in
675 889 870 929 Bohemia
903 889 1063 929 fumant
1095 895 1229 930 terrae
1263 889 1421 929 viscera
1453 901 1613 930 crassos
1645 901 1831 940 vapores.

221 949 401 988 Tandem
434 953 573 1000 aperte
607 949 819 988 confirmas
853 961 984 988 meam
1017 948 1275 996 sententiam,
1314 954 1471 988 montes
1502 948 1593 1000 plus
1625 947 1777 988 habere
1809 953 1915 988 tem-

100 1013 317 1062 pestatum,
353 1020 470 1059 quarn
502 1020 638 1054 mare3
672 1021 763 1047 nam
796 1007 930 1047 sidera
962 1008 1104 1048 fortius
1138 1007 1176 1047 in
1213 1007 1364 1047 solidos
1398 1013 1570 1056 montes,
1605 1015 1723 1059 quam
1754 1007 1914 1047 mollem

104 1079 248 1119 aquam
280 1066 515 1118 impingunt.
578 1066 633 1106 Et
665 1067 739 1106 hoc
771 1079 848 1106 non
883 1071 945 1106 est
979 1068 1028 1107 ob
1060 1074 1231 1110 montes,
1263 1066 1409 1118 inquis,
1446 1066 1561 1119 quasi
1592 1066 1683 1118 plus
1712 1067 1917 1114 exhalent,

104 1127 172 1166 sed
208 1126 257 1166 ob
291 1131 415 1173 astra,
450 1139 549 1177 quae
583 1127 673 1177 plus
701 1131 918 1177 operantur
949 1125 989 1165 in
1019 1127 1271 1179 propositam
1304 1126 1352 1166 de
1386 1139 1460 1166 sua
1491 1125 1671 1166 essentia
1689 1125 1914 1166 materiam.

104 1184 149 1225 Si
182 1185 271 1236 plus
304 1190 418 1224 astra
451 1197 501 1224 ex
532 1185 734 1224 montibus
756 1184 956 1232 eliciunt,
1008 1187 1097 1237 plus
1136 1185 1259 1237 igitur
1298 1185 1550 1236 vaporabunt
1581 1189 1764 1234 montes,
1811 1185 1914 1237 quod

102 1245 220 1296 plane
254 1257 328 1295 ego
361 1244 580 1291 contend03
621 1244 804 1295 quamvis
836 1248 879 1284 tu
912 1256 1049 1285 crasse
1082 1244 1378 1297 philosopharis
1411 1245 1460 1284 de
1494 1244 1695 1284 astrorum
1725 1244 1766 1284 in
1797 1256 1927 1297 mon--

102 1310 164 1343 tes
198 1302 354 1343 fortiori
385 1303 576 1354 impactu.
640 1303 730 1342 Non
764 1303 888 1342 debes
922 1304 1018 1344 mihi
1050 1305 1125 1344 hoc
1157 1303 1393 1355 principium
1425 1303 1642 1356 imputare,
1683 1303 1788 1356 quod
1819 1302 1912 1352 scis,

104 1377 127 1402 a
158 1375 220 1402 me
252 1362 291 1402 in
324 1362 694 1402 Dissertatiuncula
725 1362 891 1414 negari,
941 1369 1012 1403 aut
1044 1363 1177 1416 potius
1210 1363 1321 1403 illam
1355 1376 1405 1404 ex
1435 1363 1619 1415 professo
1652 1375 1807 1403 sumere
1837 1360 1919 1403 im-'

103 1422 370 1473 pugnandam.

194 1492 234 1524 In
258 1492 360 1524 literis
386 1491 415 1523 d.
443 1491 475 1523 d.
504 1489 536 1522 2.
554 1490 638 1523 Dec.
659 1488 749 1521 1602
776 1489 952 1531 Keplerus,
981 1471 1182 1532 respondens
1209 1492 1252 1523 ad
1276 1492 1505 1533 quaestionem
1522 1491 1664 1524 Fabricii
1689 1491 1730 1524 de
1754 1491 1785 1523 vi
1810 1495 1913 1524 astro-

102 1539 212 1582 logica
236 1539 438 1571 nodorum
464 1537 602 1570 Lunae
627 1538 713 1570 haec
738 1538 934 1579 scripserat:

219 1587 279 1626 De
308 1586 422 1626 nodis
457 1586 539 1625 fere
571 1585 804 1638 persuades,
839 1585 914 1625 hoc
946 1584 1119 1625 maxime
1154 1592 1402 1637 argumento,
1437 1586 1542 1639 quod
1575 1586 1785 1639 eclipticae
1816 1597 1914 1639 par-

102 1650 167 1686 tes
200 1646 376 1685 orientes
409 1645 488 1684 vim
521 1645 674 1684 habent
705 1644 944 1691 maximam,
989 1656 1064 1683 non
1101 1657 1197 1685 sane
1229 1645 1376 1693 aliam,
1425 1657 1544 1697 quam
1576 1645 1681 1697 quod
1723 1657 1796 1697 per
1826 1657 1915 1685 eam

103 1703 198 1749 Sol,
239 1704 359 1756 juxta
398 1709 440 1743 et
472 1704 661 1755 planetae
693 1708 917 1743 transeunt.
982 1701 1131 1748 Quidni
1171 1717 1265 1756 ergo
1292 1710 1341 1744 ‘et
1371 1704 1439 1744 via
1470 1704 1611 1744 Lunae
1643 1703 1722 1743 vim
1754 1704 1916 1750 habeat,

102 1776 149 1803 ac
180 1763 344 1814 perinde
390 1763 514 1802 nodus
559 1762 781 1813 duplicem?
844 1761 926 1801 Sed
973 1762 1085 1810 vide,
1134 1763 1227 1814 quid
1273 1768 1477 1815 sequatur.
1539 1762 1647 1804 Nodi
1677 1763 1916 1815 reliquorum

102 1822 224 1862 etiam
258 1827 350 1862 sunt
382 1820 678 1860 considerandi.
743 1820 908 1866 Quanta
952 1821 1165 1860 multitudo
1211 1826 1251 1861 et
1301 1822 1431 1874 qualis
1476 1821 1680 1861 varietas!
1738 1822 1831 1862 dum
1876 1821 1914 1862 in

102 1881 280 1932 qualibet
312 1880 452 1932 genesi
484 1879 645 1931 propria
676 1885 740 1919 est
773 1879 840 1919 via
860 1880 1011 1918 Lunae.
1076 1880 1135 1919 Tu
1167 1881 1302 1920 nescio
1324 1880 1417 1932 quid
1449 1880 1710 1932 impertinens
1743 1881 1791 1921 de
1818 1893 1916 1921 cou-

101 1941 211 1979 fluxu
244 1940 411 1986 orbium,
445 1939 511 1990 qui
543 1939 640 1978 nulli
664 1943 767 1977 sunt
797 1938 837 1976 in
870 1938 994 1986 coelo,
1029 1938 1162 1978 affers.
1632 1989 1635 1992 ἱ

201 1998 253 2030 Ad
283 1998 366 2029 haec
401 1997 646 2034 Fabricius,
688 2006 828 2039 pergens
860 1997 894 2028 in
930 1996 1031 2028 literis
1068 1997 1099 2028 d.
1128 1995 1183 2028 11.
1210 1997 1288 2028 Feb.
1319 1994 1429 2034 1603,
1472 1998 1519 2029 sic
1544 1997 1728 2038 respondit:
1772 1995 1915 2029 Causam

107 2044 277 2077 efficaciae
303 2045 460 2076 nodorum
487 2043 603 2076 Lunae
637 2054 676 2085 ex
702 2049 795 2084 parte
829 2043 925 2075 retuli
960 2044 1003 2075 ad
1029 2053 1221 2076 concursum
1257 2044 1382 2075 orbium
1407 2044 1490 2076 Solis
1517 2041 1559 2076 et'
1574 2045 1703 2076 Lunae·
1753 2043 1851 2083 Quod
1875 2044 1916 2076 de

106 2093 314 2124 multitudine
342 2095 374 2124 et
399 2092 560 2123 varietate
586 2092 744 2123 nodorum
771 2091 895 2132 objicis,
922 2091 999 2122 nihil
1028 2094 1086 2123 est.
1138 2091 1208 2123 Etsi
1242 2092 1328 2123 enim
1360 2091 1400 2124 de
1425 2093 1556 2134 reliquis
1581 2092 1676 2124 nodis
1700 2101 1766 2123 non
1793 2091 1914 2127 dubito.

104 2139 280 2180 quidquam
305 2143 419 2171 tamen
446 2139 524 2170 certi
551 2138 667 2170 afferre
692 2149 758 2170 non
782 2148 923 2179 possum.
974 2138 1027 2170 De
1047 2138 1163 2170 Lunae
1189 2139 1282 2170 nodis
1307 2148 1359 2170 res
1385 2143 1502 2180 aperta
1527 2143 1594 2177 est;
1621 2148 1696 2173 cum
1721 2139 1821 2171 Luna
1843 2147 1914 2171 ma·

103 2188 191 2227 jores
218 2187 260 2219 ad
286 2186 421 2218 Terram
446 2187 529 2217 vires
555 2186 697 2223 habeat,
735 2189 866 2227 propter
890 2185 1111 2223 vicinitatem,
1150 2196 1248 2227 quam
1273 2188 1441 2227 superiora
1465 2191 1574 2221 astra,
1612 2187 1690 2228 quid
1713 2186 1850 2226 mirum,
1889 2186 1915 2218 si

106 2234 199 2265 nodis
225 2234 342 2266 Lunae
368 2243 494 2275 quoque
519 2235 624 2274 major
648 2234 749 2265 virtus
776 2232 1010 2274 adstipuletur,
1038 2243 1136 2274 quam
1161 2235 1298 2270 ceteris,
1324 2244 1459 2275 quorum
1483 2234 1560 2266 nodi
1585 2234 1751 2266 obscurius
1777 2241 1914 2275 operan-

107 2280 183 2312 tur?
232 2281 302 2323 Ego
329 2281 549 2322 experimento
577 2281 617 2313 de
642 2281 735 2312 nodis
760 2282 856 2312 nitor.
911 2279 1032 2312 Credat
1057 2280 1151 2319 alius,
1178 2290 1392 2323 quaecunque
1417 2281 1514 2319 velit,
1539 2282 1636 2313 modo
1660 2281 1835 2313 manifeste
1859 2290 1912 2312 ve·
1948 2291 1950 2294 ·

104 2329 197 2360 ritati
221 2329 286 2360 vim
310 2338 376 2360 non
401 2328 533 2359 inferat.
1766 2336 1776 2340 ·

223 2387 465 2438 Keplerus
512 2387 569 2435 (in
603 2386 731 2427 literis
765 2387 801 2428 d.
837 2387 873 2427 d.
906 2385 946 2427 4.
981 2386 1119 2434 Julii):
1170 2387 1231 2426 De
1265 2387 1378 2427 nodis
1410 2388 1548 2428 Lunae
1582 2382 1795 2428 subiratus‘
1815 2401 1914 2429 con-

106 2445 257 2485 cludis:
311 2458 385 2497 ego
420 2446 682 2497 experientia,
716 2445 859 2498 inquis,
895 2446 1012 2492 nitor,
1046 2446 1186 2485 credat
1213 2445 1335 2494 alius,
1370 2447 1463 2498 quid
1494 2446 1605 2487 velit.
1667 2446 1776 2499 Ergo
1809 2461 1912 2488 nun-

105 2504 244 2543 ciabo:
292 2509 332 2544 et
376 2518 449 2557 ego
495 2506 645 2553 fateor,
693 2505 786 2544 mihi
825 2511 1055 2557 suspectam
1095 2510 1202 2545 tuam
1251 2505 1563 2556 experientiam,
1596 2510 1749 2557 'utpote
1793 2506 1910 2548 nimis

107 2563 320 2611 subtilem;
363 2565 468 2604 malo
502 2576 596 2616 ergo
629 2564 820 2612 rationes,
855 2578 954 2616 quae
987 2570 1180 2616 praeeunt
1212 2564 1305 2612 illic,
1341 2564 1536 2604 credendo
1570 2565 1694 2616 sequi,
1732 2565 1911 2618 quamvis

106 2622 180 2661 hoc
213 2622 309 2662 nihil
343 2624 393 2662 ad
425 2623 702 2674 propositum;
737 2625 818 2663 fere
852 2623 968 2671 enirn,
1006 2624 1119 2671 scito,
1153 2628 1285 2663 tecum
1319 2622 1537 2663 consentio.

200 2694 446 2725 Fabricius:
492 2693 531 2725 Iu
557 2694 724 2725 sententia
750 2695 790 2726 de
815 2693 1186 2725 inclinationibus
1213 2697 1247 2725 et
1266 2692 1627 2734 'temperamentis
1653 2691 1700 2735 (p.
1719 2691 1800 2730 322,
1827 2691 1911 2734 325)

106 2740 163 2770 tibi
181 2741 302 2780 partim
328 2742 482 2779 assentio,
510 2742 630 2781 partim
655 2751 732 2772 non.
783 2741 834 2773 Tu
857 2741 1108 2774 inclinationum
1135 2750 1269 2773 causam
1294 2741 1395 2772 refers
1420 2740 1464 2772 ad
1486 2741 1572 2781 ipsos
1589 2741 1754 2782 planetas,
1780 2744 1814 2773 et
1837 2745 1912 2782 post

106 2796 231 2828 quoque
264 2789 335 2828 ipsa
366 2791 629 2829 temperamenta
662 2788 883 2820 constituendi
914 2791 1113 2829 potestatem
1143 2787 1207 2820 inis
1242 2788 1429 2828 attribuis„
1455 2787 1508 2820 Sic
1534 2797 1660 2830 quoque
1684 2788 1911 2821 fortitudinem

107 2837 139 2863 et
165 2834 366 2866 debilitatem
393 2836 438 2866 eis
465 2835 640 2874 concedis,
667 2835 850 2867 bonitatem
875 2846 950 2866 vero
977 2839 1009 2867 et
1033 2835 1195 2867 malitiam
1222 2835 1352 2867 aliunde
1378 2834 1521 2866 deducis.
1571 2834 1687 2877 Nego,
1731 2844 1821 2872 „nec
1839 2839 1911 2868 arte

105 2889 167 2911 nec
203 2883 323 2912 aetatis
360 2891 512 2922 processu
549 2882 780 2914 inclinationes
818 2882 978 2919 mutari;“
1022 2883 1092 2924 quis
1131 2883 1217 2915 enim
1254 2881 1412 2914 attentius
1451 2885 1600 2913 aetatum
1637 2881 1824 2914 differentia.
1845 2892 1910 2914 non

107 2928 274 2967 cognoscit
298 2928 391 2960 simul
418 2929 670 2966 inclinationes,
698 2939 738 2961 ex
763 2930 875 2962 anima
900 2930 1056 2962 sensitiva
1081 2934 1179 2968 ortas,
1205 2928 1350 2961 mutari?
1399 2927 1579 2969 (Keplerus
1603 2930 1636 2961 in
1661 2930 1810 2971 margine
1834 2929 1910 2961 lite-

107 2982 214 3004 rarum
234 2975 391 3006 Fabriciiz
420 2975 532 3012 „Male
558 2977 658 3007 refert
681 2986 757 3008 mea
782 2976 914 3008 verba.“
966 2976 1095 3009 Deinde
1114 2977 1156 3010 ad
1173 2977 1316 3017 proxime
1332 2976 1514 3017 praemissa
1532 2980 1566 3008 et
1582 2977 1769 3018 sequentia:
1798 2975 1938 3015 „Vel-a*

108 3019 196 3051 dicit.
247 3020 334 3053 Vide
360 3023 436 3062 quid
461 3026 498 3054 tu
523 3021 741 3064 scripseris-⁸⁴)
793 3023 874 3063 Quis
899 3034 965 3056 non
990 3024 1088 3062 videt.
1116 3024 1197 3056 alios
1223 3024 1343 3065 pueris,
1370 3022 1452 3054 alios
1474 3024 1598 3063 juveni,
1625 3023 1706 3055 alios
1723 3023 1802 3061 viro,
1827 3022 1908 3056 alios
