2028 3242
210 71 297 115 354
773 74 906 105 Literae
931 72 1070 113 Kepleri
1095 73 1297 115 aliorumque
1322 78 1457 107 mutuae

207 181 279 221 dit.
345 180 485 231 Itaque
518 179 596 219 nisi
628 179 848 231 promissor
878 180 996 231 plane
1030 180 1085 220 sit
1117 180 1154 220 in
1176 181 1326 221 vertice
1349 182 1416 222 vel
1441 182 1569 229 nadir,
1599 182 1772 223 circulus
1791 181 2013 234 quadrante

207 240 258 279 ab
290 238 357 278 illo
391 238 568 283 distans,
613 238 648 278 is
681 250 844 290 nempe,
889 239 1000 290 cujus
1037 239 1151 291 polus
1184 245 1248 279 est
1290 239 1330 280 in
1361 241 1623 292 promissore,
1669 253 1828 293 semper
1858 239 2016 282 secabit

205 298 452 338 horizontem
484 297 524 336 in
557 302 647 337 ortu
680 298 822 346 semel,
871 303 912 337 et
944 299 1069 338 semel
1107 297 1146 337 in
1179 298 1343 339 occiduo
1387 299 1661 340 semicirculo:
1705 312 1863 352 semper
1892 299 2015 351 igitur

204 356 424 409 promissor
457 356 652 407 quadrato
686 356 851 408 respicit
882 357 1056 409 aliquam
1077 357 1358 409 significatoris
1379 358 1596 398 horizontis
1614 359 1869 411 particulam.
1920 357 2013 398 Tri-

207 416 360 456 buimus
400 427 495 454 vero
535 420 577 454 et
607 415 954 467 Regiomontanus
993 421 1035 456 et
1069 429 1144 469 ego
1175 416 1372 457 horizonti
1421 417 1498 457 toti
1535 418 1615 458 vim
1659 417 1930 471 significandi;
1975 422 2015 456 et

208 474 359 528 quidni,
393 486 480 513 cum
514 474 723 526 eclipticae
755 479 894 526 partes
927 487 1004 515 non
1037 488 1174 515 omnes
1207 475 1349 516 iisdem
1374 475 1594 516 horizontis
1613 476 1799 528 partibus
1823 475 2014 523 oriantur,

207 534 277 574 sed
305 534 392 585 jam
422 533 535 582 haec,
564 533 650 583 jam
677 533 748 573 illa
779 533 998 573 horizontis
1019 534 1130 586 regio
1150 533 1301 586 primae
1323 536 1462 576 domus
1489 534 1596 575 ostia
1615 535 1811 576 recludat.
1861 533 2015 576 Eodem

203 593 318 633 modo
361 592 410 632 de
450 592 586 632 sextili
626 592 895 632 sentiendum.
961 593 1063 633 Toto
1096 594 1241 646 quippe
1273 599 1472 647 tempore,
1515 607 1590 646 quo
1623 593 1697 635 Sol
1735 593 1864 635 minus
1898 605 2014 646 quam

206 650 262 692 60
284 650 300 672 ⁰
330 651 436 690 infra
466 651 713 691 horizontem
746 656 811 691 est
843 652 1064 699 demersus,
1095 665 1221 705 usque
1255 666 1313 702 ρο,
1348 666 1424 706 quo
1452 651 1540 694 60⁰
1569 654 1642 694 alt.
1675 666 1796 705 supra
1826 652 2028 696 horizon-V

205 716 287 750 tem
314 715 472 758 exstat,
508 722 666 761 semper
695 710 858 763 projicit
890 711 1074 750 sextilem
1101 718 1308 764 aspectum
1348 712 1387 752 in
1421 712 1577 764 aliquas
1609 711 1829 753 horizontis
1861 716 2014 763 partes.

202 769 327 810 Dicas
372 768 467 808 mihi
508 774 666 809 ceteras
711 768 981 818 radiationes,
1026 783 1127 822 quae
1161 776 1334 823 vergunt
1374 772 1427 811 ad
1458 771 1592 812 mundi
1623 771 1774 819 latera,
1810 783 1889 810 non
1922 783 2012 810 esse

204 828 404 874 efficaces,
439 829 561 876 solas,
597 840 697 880 quae
731 841 774 867 se
807 828 972 869 zodiaco
1006 829 1244 870 familiarius
1278 830 1499 882 applicant,
1532 829 1614 871 vim
1632 829 1830 871 obtinere.
1879 829 2013 870 Infero

205 900 295 940 ego,
331 887 447 939 quod,
484 887 593 926 facto
626 887 751 926 semel
784 887 896 927 initio
930 887 1162 928 discedendi
1195 903 1220 928 a
1251 889 1431 936 zodiaco,
1463 889 1580 929 detur
1607 888 1796 941 evagatio
1816 900 1941 940 usque
1964 887 2014 928 ad

204 946 375 986 circulos
415 945 659 994 latitudinis,
700 946 837 997 vigore
870 947 1109 987 efficientiae
1143 948 1288 1001 ubique
1327 959 1520 1000 sequente
1561 948 1778 989 secundum
1808 947 1940 1000 magis
1973 951 2016 987 et

204 1006 347 1046 minus.
411 1004 470 1044 At
502 1005 620 1044 datur
650 1004 806 1045 initium
839 1005 1071 1046 discedendi
1105 1020 1129 1047 a
1160 1007 1338 1057 zodiaco,
1372 1007 1407 1047 si
1431 1007 1651 1059 promissor
1681 1006 1838 1048 obtinet
1868 1006 2014 1050 latitu-

209 1065 352 1112 dinem,
388 1069 429 1103 et
450 1064 576 1103 multo
597 1064 739 1115 magis,
772 1063 806 1103 si
838 1077 927 1105 cum
952 1065 1276 1118 Regiomontano
1309 1067 1432 1107 etiam
1452 1066 1622 1108 termino
1657 1071 1847 1118 aspectus
1867 1064 2014 1113 tribui-

204 1136 291 1164 mus
323 1122 591 1163 latitudinem.
656 1123 785 1163 Multo
818 1122 941 1175 igitur
971 1124 1227 1166 verisimilius
1261 1139 1335 1178 ego
1367 1126 1443 1166 hoc
1475 1126 1607 1166 tribuo
1638 1124 1816 1174 zodiaco,
1849 1129 2016 1176 propter

202 1189 435 1235 perpetuum
470 1181 579 1222 Solis
613 1182 686 1222 sub
719 1195 764 1223 eo
798 1183 1042 1232 discursum,
1083 1189 1128 1224 ut
1157 1184 1192 1224 is
1226 1185 1376 1226 animet
1415 1189 1626 1236 aspectus,
1668 1189 1789 1237 atque
1821 1189 2014 1236 aspectus

202 1242 241 1282 in
275 1255 322 1282 eo
356 1241 630 1282 terminentur.
695 1240 779 1282 Sed
810 1247 944 1282 tamen
978 1243 1029 1283 ad
1061 1244 1331 1284 omnimodam
1362 1243 1481 1284 fidem
1506 1244 1796 1296 praestandam
1825 1241 1917 1283 huic
1948 1241 2013 1283 di-

202 1300 371 1341 rectioni
410 1305 644 1351 aspectuum
678 1301 824 1341 desunt
855 1302 951 1341 mihi
984 1302 1110 1342 multa
1142 1304 1344 1356 exempla;
1390 1303 1425 1343 si
1457 1303 1555 1343 mihi
1585 1308 1678 1344 sunt
1708 1313 1930 1355 genese0n‚
1970 1307 2014 1343 at

206 1373 285 1400 non
319 1365 413 1399 sunt
445 1365 671 1400 eventuum.
708 1361 882 1412 (Wolfg.
906 1361 1030 1402 Wilh.
1052 1361 1154 1403 Phil.
1177 1363 1278 1404 Lud.
1314 1361 1360 1403 C.
1394 1362 1441 1402 P.
1475 1360 1722 1413 Neoburgici
1752 1360 1858 1405 filins
1894 1364 2015 1401 natus

203 1425 266 1459 est
304 1419 458 1459 oriente
490 1419 624 1459 Marte
659 1419 766 1460 circa
805 1418 867 1460 5⁰
896 1419 943 1470 Υ
981 1433 1069 1460 cum
1103 1421 1173 1462 lat.
1208 1420 1283 1471 5⁰,
1327 1433 1416 1462 cum
1454 1426 1564 1462 esset
1601 1419 1674 1462 Sol
1705 1419 1746 1461 in
1781 1415 1921 1475 11¹l2⁰
1949 1426 2011 1472 nl,

203 1479 319 1519 Luna
350 1478 390 1518 in
424 1475 540 1531 372⁰
571 1485 633 1536 1η).
696 1479 741 1518 In
774 1485 864 1519 ortu
897 1475 956 1519 3⁰
985 1478 1067 1530 Υ.)

325 1537 411 1585 (Ad
444 1535 507 1586 3.)
569 1538 865 1590 Incompertum
898 1538 977 1587 ais,
1013 1551 1091 1591 qua
1121 1538 1276 1579 ratione
1309 1544 1350 1579 et
1381 1552 1456 1591 quo
1490 1543 1669 1590 tempore
1703 1537 1875 1590 eclipses
1907 1535 2013 1593 vires

203 1610 300 1637 suas
333 1602 524 1636 exserant
556 1602 597 1636 et
627 1597 692 1637 hic
725 1597 864 1637 fallere
897 1598 1057 1649 regulas
1090 1598 1325 1639 Ptolemaei.
1378 1598 1528 1638 Tecum
1561 1597 1690 1638 sentio
1701 1608 1717 1645 3
1756 1602 1801 1637 at
1829 1596 1906 1636 hoc
1936 1607 2013 1641 non

203 1662 348 1704 tecum,
383 1656 488 1708 quod
521 1668 637 1708 neg0,
671 1662 823 1696 certam
857 1669 946 1696 esse
980 1657 1196 1709 eclipsibus
1229 1657 1425 1697 rationem
1458 1656 1663 1710 operandi,
1694 1655 1860 1708 proinde
1886 1667 2012 1708 neque

206 1715 299 1756 sciri
350 1727 477 1766 neque
522 1715 668 1766 inquiri
708 1715 812 1755 hanc
856 1728 991 1768 posse.
1068 1716 1112 1756 Si
1155 1721 1341 1756 naturam
1385 1715 1485 1756 lucis
1523 1719 1565 1756 et
1604 1715 1766 1757 umbrae
1803 1713 2012 1766 respicias,

203 1775 386 1828 equidem
419 1786 587 1826 corpora
618 1779 760 1814 nostra
791 1774 912 1814 nihilo
944 1775 1073 1827 magis
1107 1775 1332 1816 afficiuntur
1364 1775 1414 1816 ab
1439 1774 1582 1815 umbra
1612 1775 1772 1822 Lunae,
1813 1786 1932 1826 quam
1961 1771 2013 1813 ab

200 1834 342 1875 umbra
374 1833 540 1881 Terrae,
589 1846 690 1885 quae
723 1846 801 1873 nox
833 1834 990 1874 dicitur.
1055 1835 1207 1874 Restat
1244 1847 1340 1887 ergo
1378 1834 1537 1875 unicum
1576 1847 1706 1875 meum
1738 1845 2014 1886 κρησφνγοτω.

202 1893 438 1934 facultatem
465 1892 696 1940 animalem,
745 1905 845 1944 quae
883 1893 1033 1933 insidet
1071 1893 1110 1933 iu
1144 1894 1291 1943 Terra,
1338 1899 1380 1933 et
1417 1906 1509 1933 cum
1538 1906 1587 1934 ea
1627 1893 1858 1934 universum
1887 1903 2013 1944 genus

204 1953 425 1992 animarum
460 1956 501 1990 et
541 1950 745 2003 geniorum
791 1951 958 1991 insolita
989 1952 1089 1992 lucis
1116 1953 1280 2004 jactura
1324 1953 1576 1992 consternari
1614 1952 1881 2003 affectumque
1913 1963 2012 1991 con—

203 2012 335 2063 cipere
350 2010 416 2050 diu
433 2010 656 2057 durantem,
678 2016 798 2062 atque
818 2015 912 2050 tunc
928 2023 1114 2063 magnum
1137 2011 1211 2050 hoc
1238 2012 1398 2060 animal,
1423 2011 1622 2052 Tellurem
1641 2010 1810 2059 scilicet,
1841 2009 1883 2054 iu
1901 2021 2010 2050 mor-

201 2071 275 2110 bos
307 2069 496 2114 incidere,
530 2069 633 2109 alias
667 2069 705 2108 in
739 2070 860 2117 alios,
893 2076 1012 2121 prout
1042 2070 1198 2110 interea
1229 2071 1334 2111 ratio
1367 2071 1576 2111 humorum
1607 2069 1729 2110 fuerit
1761 2073 2008 2120 comparata,

202 2141 348 2181 eosque
376 2128 462 2179 jam
494 2127 646 2168 tardius
673 2129 758 2180 jam
790 2129 908 2168 citius
931 2142 1147 2180 erumpere,
1182 2134 1301 2181 prout
1321 2130 1440 2170 fuerit
1465 2133 1740 2182 comparatum
1774 2139 1863 2168 cum
1881 2127 2010 2168 Terra

201 2187 430 2228 intrinsece.
493 2187 629 2228 Habet
655 2187 757 2227 enim
791 2189 925 2241 utique
959 2194 1000 2228 et
1020 2189 1156 2228 Tellus
1176 2189 1267 2241 ipsa
1297 2202 1322 2228 a
1341 2201 1384 2228 se
1405 2188 1598 2241 quasdam
1617 2187 1854 2228 variationis
1879 2186 2007 2239 leges,

201 2260 280 2287 non
312 2261 337 2286 a
368 2246 478 2287 coelo
512 2259 668 2294 omneS,
710 2247 767 2287 uti
811 2248 928 2287 homo
961 2247 1109 2296 esurit,
1153 2248 1259 2296 sitit,
1305 2248 1501 2300 fatigatur
1538 2247 1592 2288 ad
1622 2245 1918 2299 praescriptum
1947 2244 2010 2285 sui

202 2306 378 2359 corporis
413 2305 565 2355 virium,
599 2318 674 2345 non
708 2306 821 2347 coeli.
884 2307 976 2347 Non
996 2306 1117 2359 igitur
1149 2308 1278 2348 omnis
1299 2307 1461 2359 eclipsis
1484 2306 1592 2347 Solis
1621 2306 1851 2347 siccitatem
1875 2303 2006 2352 affert,

203 2373 311 2406 certe
343 2378 420 2404 non
454 2365 634 2405 omnibus
667 2365 780 2406 locis.
843 2367 948 2407 Nam
980 2378 1083 2406 anno
1117 2364 1184 2408 98.
1225 2367 1276 2406 ad
1308 2366 1419 2407 illam
1451 2366 1616 2418 eclipsin
1649 2370 1790 2406 secuta
1820 2361 2007 2415 sequenti

203 2430 390 2465 autumno
423 2429 464 2464 et
494 2424 622 2464 hieme
655 2424 694 2464 in
727 2425 896 2466 Austria
927 2430 968 2465 et
990 2425 1129 2479 Styria
1160 2426 1302 2478 iugens
1334 2428 1383 2466 et'
1407 2425 1594 2466 diuturna
1625 2436 1817 2476 aquarum
1849 2421 2006 2462 effusio.

202 2485 343 2536 Itaque
376 2482 549 2523 miseret'
570 2497 631 2523 me
664 2484 834 2524 infelicis
866 2489 960 2524 tuae
992 2484 1232 2535 industriae,
1273 2485 1364 2525 dum
1394 2484 1434 2525 in
1466 2484 1515 2524 iis
1546 2484 1666 2524 rebus
1697 2480 1931 2525 ordinandis
1964 2484 2006 2519 et

204 2543 459 2595 disponendis
495 2543 682 2589 versaris,
714 2556 813 2596 quas
844 2549 988 2583 natura
1018 2544 1110 2595 ipsa
1129 2543 1350 2584 confundit.
1413 2542 1517 2589 Quin
1538 2542 1673 2594 potius
1704 2541 1779 2581 hoc
1811 2553 1925 2592 agas,
1962 2543 2007 2578 ut

202 2614 356 2642 mecum
387 2602 436 2642 de
466 2602 636 2642 internis
669 2603 841 2643 Telluris
874 2602 1167 2644 conditionibus
1200 2603 1398 2654 disputes,
1444 2601 1549 2654 quod
1578 2600 1797 2641 identidem
1827 2598 1931 2640 facio
1965 2597 2005 2638 in

201 2661 547 2715 prognosticorum
577 2661 895 2713 praefationibus
929 2666 971 2701 et
1002 2662 1040 2702 in
1073 2663 1214 2703 ultimo
1240 2661 1358 2713 hujus
1390 2660 1484 2701 anni
1509 2659 1599 2705 feci,
1632 2659 1667 2700 si
1692 2670 1866 2712 unquam
1885 2655 2009 2704 alias,

204 2719 359 2760 liberali
391 2733 521 2760 manu.
583 2720 668 2760 Res
701 2727 764 2761 est
795 2734 873 2761 non
906 2721 954 2760 de
987 2721 1125 2771 nihilo,
1158 2735 1234 2762 non
1268 2720 1482 2769 somnium,
1516 2719 1587 2759 sed
1619 2717 1851 2759 verissima:
1887 2715 2011 2757 habet

205 2779 358 2827 Tellus,
391 2784 435 2818 ut
465 2779 504 2819 in
537 2779 651 2831 Disp.
688 2780 735 2819 de
768 2780 894 2820 Fund.
929 2779 1024 2828 dixi,
1063 2781 1258 2833 quasdam
1290 2779 1475 2831 periodos
1507 2777 1684 2818 humoris
1718 2774 2009 2828 siccitatisque,

206 2838 295 2877 aliis
327 2838 510 2890 partibus
543 2838 660 2878 alias.

323 2897 410 2943 (Ad
442 2895 505 2945 4.)
571 2896 815 2937 Convincam
833 2902 874 2936 te
908 2897 972 2937 vel
1004 2911 1053 2937 ex
1084 2902 1124 2937 te
1157 2897 1258 2948 ipso,
1291 2908 1378 2936 cum
1402 2895 1534 2935 ventis
1565 2899 1722 2935 tantum
1741 2893 1909 2941 tribuas,
1942 2905 2004 2932 me

206 2955 363 3006 quidem
395 2955 658 2996 assentiente.
721 2956 780 2996 At
810 2956 921 2996 venti
953 2962 1046 2996 sunt
1077 2955 1267 2996 montium
1302 2954 1474 3002 soboles,
1509 2959 1550 2994 et
1575 2952 1701 2994 sicubi
1719 2951 1837 3005 pluit,
1870 2964 1921 2992 ex
1940 2951 2011 2992 illa

205 3013 365 3064 regione
398 3019 491 3054 sunt
522 3015 650 3063 venti3
695 3020 766 3054 aut
798 3015 832 3054 si
863 3014 975 3055 nives
1013 3016 1052 3055 in
1083 3014 1354 3067 septentrione
1387 3013 1595 3053 solvuntur
1622 3024 1788 3052 accessu
1815 3010 1925 3052 Solis
1957 3009 2008 3054 ad

206 3076 386 3112 nostrum
404 3073 751 3124 hemisphaerium,
787 3075 1003 3114 etesiarum
1023 3074 1178 3115 initium
1196 3073 1259 3121 fit,
1294 3072 1359 3125 qui
1380 3076 1475 3113 suut
1492 3071 1602 3113 venti
1621 3070 1820 3111 boreales.
1865 3070 2009 3122 Itaque
