2028 3242
219 72 305 115 330
778 71 911 103 Literae
936 70 1073 112 Kepleri
1100 71 1301 113 aliommque
1326 77 1461 105 mutuae

217 184 258 216 et
290 180 610 227 temperamenta
641 175 773 215 simul.
837 175 1007 215 Nonnisi
1040 175 1150 228 origo
1182 176 1387 229 utriusque
1419 191 1468 217 ex
1501 178 1632 219 animo
1664 184 1788 229 esset,
1821 183 1910 220 arte
1926 190 2025 230 pos-

217 242 281 275 set
314 248 401 274 cum
434 234 635 274 contrario
668 235 900 287 permutari.
965 233 1150 280 Quid-tu
1176 234 1294 287 jam?
1357 236 1670 286 Inclinationes,
1703 238 1791 289 ais,
1823 241 2028 281 mutantur

216 308 305 335 cum
338 293 566 340 aetatibus3
599 298 644 333 at
675 306 752 335 non
784 299 1064 345 permutantur
1096 293 1328 343 contrariis,
1362 295 1766 347 sed'immiuuuntur,
1812 301 2024 339 transeunt

218 355 255 393 in
290 358 484 404 cognatos
517 353 733 404 proximos,
767 359 981 404 praeterea
1012 353 1086 393 hoc
1119 353 1217 394 nihil
1249 355 1303 395 ad
1332 367 1428 396 rem.
1492 355 1706 398 Inclinatio
1725 357 1831 399 enim
1863 356 1920 397 sic
1953 369 2025 398 nc»

217 419 338 464 cepta
368 413 413 451 fit
444 412 820 464 particularissima‚
865 418 909 452 nt
940 413 1051 465 pueri
1085 413 1135 452 ad
1168 426 1303 462 nuces,
1366 413 1454 466 Ego
1487 427 1581 455 vero
1613 415 1753 468 loquor
1783 415 1832 456 d>e
1864 415 2025 456 univer-

220 472 293 512 sali
328 472 564 511 charactere
596 471 911 522 inclinationum,
946 472 1010 524 qui
1043 472 1180 524 negari
1206 486 1282 512 non
1303 477 1453 525 potest,
1487 479 1733 530 apparetque
1751 486 1824 528 pro
1847 479 2027 518 aetatum

218 531 464 577 conditione,
504 530 730 574 evidentius
763 530 885 580 alias,
932 530 1034 571 alias
1068 532 1288 572 obscurius.
1350 532 1562 585 Nusquam
1592 537 1637 575 tu
1669 531 1869 586 copiosius
1901 546 2024 586 argu-

218 590 410 632 mentaris
442 589 668 643 probasque
700 590 838 638 valde,
886 590 1073 642 conjungi
1115 596 1436 643 temperamenta
1467 591 1794 634 inclinationibus
1835 597 1883 634 et
1909 592 2027 635 simul

218 649 432 690 immutari.
498 647 625 694 Quasi
666 662 740 701 ego
781 650 856 688 hoc
895 650 1145 701 negaverim!
1210 651 1320 690 Vera
1352 650 1472 697 dicis,
1517 656 1672 692 tantum
1706 664 1755 692 ne
1787 651 1918 700 dicas,
1963 651 2028 691 vel

220 713 537 760 temperamenta
569 708 631 747 vel
664 708 942 748 inclinationes
975 709 1216 749 naturaliter
1251 722 1372 762 posse
1397 711 1617 762 permutari
1646 711 1767 764 plane
1799 710 2026 753 contrariis.

218 769 262 809 In
298 769 369 808 hoc
404 768 527 807 etiam
559 767 758 818 pervertis
791 781 920 807 meam
953 769 1222 808 sententiam:
1257 769 1348 808 dum
1379 769 1540 821 scripsi,
1572 776 1617 810 ut
1647 770 1786 812 oculus
1818 769 1869 810 ad
1895 765 2028 814 album

218 833 258 866 et
292 827 465 878 nigrum,
513 826 570 865 sic
600 827 756 872 animus
789 827 839 866 ad
873 827 972 866 haec
1003 830 1116 878 παθη
1157 827 1351 868 coelestia
1384 828 1584 880 (intellige
1615 829 1863 881 praemissa:
1910 829 2026 877 forto,

219 886 362 933 debile,
401 885 661 938 euryfflmon,
696 887 994 934 wermonon),
1029 886 1222 937 intelligis
1254 892 1298 926 ιιι
1323 887 1373 926 ad
1395 886 1707 935 inclinationem,
1741 892 1788 927 ut
1818 887 1925 928 {urta
1955 888 2026 930 ἃς.

219 946 326 984 Male
360 951 403 984 tu
437 956 532 996 ergo
564 945 813 984 refutaturus
858 957 983 997 negas
1016 945 1061 984 in·
1088 946 1199 985 coelo
1243 945 1543 996 inclinationes,
1589 951 1634 987 ut
1665 946 1792 987 furta:
1832 956 1922 990 cnm
1953 955 2027 999 ego

217 1005 278 1043 his
314 1003 444 1043 verbis
477 1003 573 1042 nihil
608 1003 715 1044 aliud
749 1003 909 1055 egerim.
972 1004 1062 1044 Non
1097 1009 1190 1056 peto
1223 1018 1248 1044 a
1268 1009 1323 1051 te,
1353 1005 1406 1044 mi
1427 1005 1598 1053 Fabrici.
1633 1010 1678 1048 ut
1701 1004 1828 1048 multa
1858 1005 2026 1054 scribas,

218 1064 287 1102 sed
322 1068 365 1102 ut
398 1075 445 1101 ex
480 1062 748 1102 fundament-is
781 1063 880 1102 bene
913 1064 1173 1104 collectarum
1206 1063 1506 1115 cogitationum.
1571 1065 1630 1106 Tu
1661 1076 1857 1116 namque,
1894 1065 1932 1105 si
1961 1077 2028 1105 re-

221 1123 391 1174 legisses
425 1134 514 1161 mea
546 1127 587 1161 et
618 1128 700 1170 tua,
735 1122 906 1162 vidisses
939 1135 1013 1162 nos
1045 1122 1107 1163 hic
1141 1123 1246 1163 idem
1277 1135 1411 1174 agere.

337 1182 380 1221 In
415 1180 539 1220 astris
572 1181 671 1233 ipsis
704 1182 851 1221 nudam
883 1181 1132 1222 caliditatem
1166 1187 1207 1221 et
1239 1182 1366 1222 lucem
1386 1181 1548 1230 statuis»,
1581 1195 1706 1235 negas
1733 1181 2027 1231 inclinationes,

222 1242 307 1292 ipse
343 1253 495 1293 quoque
530 1241 821 1292 explicaturus,
868 1241 1064 1292 quomodo
1110 1241 1388 1281 inclinationes
1433 1255 1456 1280 a
1494 1241 1619 1284 coelo.
1683 1241 1804 1284 Nuda
1846 1241 1947 1282 haec
1989 1240 2027 1284 in

222 1300 345 1340 astris
377 1300 549 1339 colloco:
586 1300 729 1347 lucem,
765 1300 946 1348 rubeum,
982 1300 1198 1352 fulgidum,
1232 1301 1443 1352 pallidum,
1476 1300 1628 1350 celero,
1659 1300 1830 1348 tardum,
1861 1300 2028 1354 euryth—

221 1372 325 1407 mon,
360 1364 617 1398 anai-mosten
651 1360 720 1398 &c
785 1359 1082 1406 inclinationes,
1115 1364 1161 1399 ut
1192 1359 1322 1400 ethice
1355 1359 1675 1407 considerentur,
1707 1369 1824 1413 nego.
1886 1358 1933 1400 Si
1962 1359 2028 1399 ni·-

225 1419 343 1457 mium
379 1418 500 1457 astris
534 1417 673 1466 tribui,
714 1419 892 1470 oportuit
928 1424 969 1458 te
1008 1418 1198 1458 refutare.
1261 1418 1392 1467 Dicis,
1440 1415 1660 1459 obtinuisse
1692 1418 1774 1462 vnn
1815 1417 2028 1471 vegetandi

223 1490 270 1516 ex
306 1477 501 1517 relatione
549 1477 707 1525 divina3
752 1477 977 1518 naturalem
1014 1477 1092 1517 vim
1132 1478 1192 1518 vis
1225 1478 1279 1518 ibi
1318 1483 1554 1526 extenuare,
1600 1477 1674 1521 sed
1705 1476 1836 1521 Deum
1865 1482 2028 1530 ‘partem

223 1543 390 1576 naturae
424 1535 536 1575 facis
598 1536 688 1577 Non
723 1537 841 1576 valde
872 1549 1070 1588 repugno,
1114 1537 1187 1576 sed
1212 1537 1288 1576 hoc
1321 1537 1432 1584 dico,
1477 1541 1518 1589 te
1550 1536 1715 1578 nimium
1745 1537 1876 1578 adhuc
1907 1535 2028 1577 asnis

222 1596 410 1635 tribuere..
475 1594 564 1634 Tibi
595 1595 707 1634 Deus
741 1596 791 1635 ad
825 1601 938 1636 astra
968 1595 1146 1646 respicit,
1181 1601 1228 1636 ut
1256 1599 1577 1647 temperamenta
1608 1596 1755 1636 formet
1785 1599 1828 1636 et
1856 1595 2028 1636 inclina-

223 1655 365 1702 tiones,
401 1653 496 1693 mihi
529 1654 686 1694 animae
719 1654 956 1694 sublunares
990 1655 1041 1694 ad
1074 1654 1179 1694 idem
1205 1655 1256 1694 ob
1288 1655 1393 1694 idem
1423 1654 1655 1707 respiciunt.

340 1712 549 1761 Dixeram,
597 1713 794 1752 malitiam
826 1713 1000 1753 ethicam
1033 1727 1110 1754 non
1144 1713 1194 1754 ab
1228 1713 1368 1754 astris:
1419 1726 1535 1765 ergO,
1566 1713 1721 1766 inquis,
1764 1711 1846 1758 alia
1876 1721 2028 1765 quoque

223 1778 384 1824 praeter
416 1778 531 1811 astra
563 1777 656 1811 sunt
688 1772 952 1812 adsciscenda
984 1774 1022 1812 in
1050 1772 1244 1824 judicium
1273 1772 1571 1824 astrologicum.
1627 1771 1834 1825 Equidem.
1897 1771 1959 1815 At
1988 1775 2028 1811 tl]

224 1844 349 1881 negas
382 1831 420 1870 id
453 1831 550 1869 fieri.
616 1821 651 1870 O
685 1831 945 1882 improvidam
979 1832 1175 1871 rationem
1207 1831 1483 1883 praedicendi!
1547 1831 1703 1871 Deinde
1730 1831 1805 1876 ais,
1837 1830 2028 1871 incertam

222 1890 484 1941 astrologiam
518 1902 621 1937 esse,
656 1889 690 1928 si
722 1890 796 1930 hoc
829 1903 963 1930 verum
998 1891 1062 1930 sit.
1127 1891 1287 1938 Fateor,
1321 1896 1435 1930 tanto
1462 1890 1648 1930 incertior
1667 1895 1743 1939 est,
1776 1894 1922 1943 quanto
1955 1900 2028 1929 nu-

221 1949 307 1988 dior
340 1948 389 1988 ab
423 1948 587 1996 ethicis,
633 1948 832 1999 politicis,
878 1948 1115 2000 theologicis
1150 1949 1421 2000 respectibus3
1468 1954 1509 1988 et
1541 1961 1628 1989 cum
1660 1947 1794 1990 omnia
1823 1947 2028 2000 complexa

224 2013 300 2054 est,
334 2013 469 2047 tamen
503 2007 655 2046 incerta
689 2013 751 2047 est
783 2007 910 2048 omnis
943 2007 1178 2059 praedictio.

339 2066 459 2114 Ecce,
495 2070 632 2117 aperte
668 2071 709 2105 et
741 2066 921 2117 ingenue,
957 2067 1059 2118 quod
1092 2066 1211 2118 petis,
1245 2071 1328 2106 tam
1357 2066 1572 2118 diligenter
1601 2065 1713 2105 velut
1744 2077 1864 2106 aureo
1896 2064 2028 2115 gladio

228 2123 422 2164 Gordium
454 2125 598 2164 nodum
633 2125 766 2173 secui;
800 2131 843 2165 tu
875 2125 968 2165 mihi
1003 2126 1100 2164 cedo
1132 2125 1295 2165 Asiam!
1341 2165 1348 2177 Ι
1787 2141 1790 2143 >
1956 2144 1959 2146 ,

341 2183 423 2223 Sed
456 2183 610 2235 pergis:
658 2184 691 2223 si
736 2184 916 2224 defectus
949 2185 999 2224 ab
1033 2184 1155 2225 astris
1187 2208 1244 2213 —
1276 2183 1432 2223 malitia
1475 2183 1609 2234 igitur.
1674 2181 1886 2236 Equidem.
1949 2179 2028 2224 Sed

223 2256 300 2282 non
332 2243 479 2290 ethica,
515 2243 584 2283 sed
618 2243 791 2283 deterior
823 2243 1011 2288 conditio,
1045 2250 1088 2284 nt
1120 2248 1184 2283 est
1215 2243 1339 2282 totius
1372 2247 1540 2283 naturae
1573 2243 1684 2290 (cum
1715 2246 1782 2282 est
1813 2238 2028 2293 perfectis-

210 2295 347 2349 sima)
381 2307 566 2353 respectu
599 2302 688 2341 Dei.
752 2303 906 2348 Deinde
940 2316 1015 2342 non
1050 2303 1348 2343 inclinationum
1370 2301 1620 2341 debilitatem
1653 2306 1695 2340 et
1720 2300 2028 2347 deformitatem,

223 2362 294 2401 sed
327 2361 364 2400 in
398 2373 543 2413 genere
577 2361 875 2402 deformitatem
908 2367 949 2402 et
981 2362 1231 2402 debilitatem
1271 2367 1313 2400 et
1343 2360 1635 2400 dissonantiam
1667 2360 1740 2399 &ct
1775 2359 1908 2399 inesse
1941 2356 2028 2398 dieo

223 2419 403 2473 aspectui
443 2419 541 2459 coeli
576 2426 617 2459 et
649 2421 706 2460 sic
751 2421 996 2472 generaliter
1020 2421 1150 2473 vrecipi
1185 2420 1223 2459 in
1258 2420 1431 2460 animam
1471 2423 1650 2476 tempore
1683 2428 1901 2471 geneseos,
1945 2416 2028 2457 sine

224 2480 306 2519 alia
338 2479 437 2519 coeli
471 2492 611 2531 opera,
657 2480 733 2519 nisi
767 2481 871 2532 quod
904 2480 1134 2532 expositum
1166 2485 1228 2519 est
1260 2479 1415 2519 coelum
1447 2477 1593 2518 animis
1628 2477 1680 2519 ad
1710 2476 1817 2516 hanc
1845 2488 2028 2528 compre-—

224 2538 475 2585 hensionem,
517 2544 562 2578 ut
601 2539 667 2578 lux
713 2539 764 2578 ad
804 2539 1011 2579 visionem.
1075 2539 1136 2578 De
1176 2543 1310 2578 cetero
1350 2550 1410 2577 me
1449 2537 1548 2576 bene
1587 2535 1722 2588 capis,
1767 2547 1899 2588 neque·
1928 2547 2028 2587 qnae

224 2597 397 2637 exstruis
431 2597 525 2637 mihi
560 2604 653 2637 sunt
685 2598 873 2637 absurda.
939 2597 1130 2646 Quaeris,
1165 2610 1215 2636 an
1247 2610 1289 2636 re
1322 2595 1411 2648 ipsa
1441 2595 1515 2634 hoc
1548 2595 1657 2635 aliud
1689 2593 1755 2642 sit,
1790 2605 1908 2647 quam
1939 2604 2028 2634 ma·—

227 2658 322 2704 lum‚
371 2657 474 2708 quod
507 2670 556 2696 ex
588 2657 797 2697 debilitate
831 2657 930 2696 coeli
971 2657 1124 2696 animus
1165 2655 1306 2696 debilis
1344 2653 1622 2694 inclinationes
1661 2652 1811 2698 habeat
1849 2648 2028 2696 debiles?

226 2716 342 2763 Dico,
377 2729 417 2755 re
451 2715 542 2767 ipsa
572 2729 675 2756 esse.
739 2716 861 2755 Aliud
894 2716 934 2755 in
967 2716 1076 2756 coelo
1111 2715 1297 2755 debilitas
1336 2718 1376 2752 et
1409 2712 1662 2761 deformitas,
1705 2725 1777 2764 per
1809 2724 1930 2765 quam
1959 2723 2028 2752 so-

227 2775 282 2812 let-
320 2780 463 2814 natura
502 2776 742 2815 contendere
784 2774 835 2814 ad
874 2774 1225 2825 pulchritudinem,
1271 2777 1315 2812 ut
1344 2784 1416 2823 per
1451 2771 1627 2812 infinitos
1660 2770 1915 2822 incolligatos
1951 2781 2028 2822 pou-

225 2833 326 2872 situs
360 2833 411 2872 ad
444 2833 614 2885 aliquem
647 2834 899 2885 colligatum,
947 2834 1054 2873 aliud
1095 2833 1132 2872 in
1165 2830 1328 2871 ‘homine
1362 2829 1480 2870 animi
1516 2830 1778 2877 deformitas;
1822 2840 1910 2869 cum
1942 2829 2028 2884 jam

226 2891 364 2943 incipit
397 2893 690 2944 concupiscere,
725 2898 788 2932 est
820 2891 1164 2944 concupiscentiae
1198 2888 1450 2936 deformitas,
1486 2889 1560 2929 hoc
1594 2901 1748 2929 rursum
1781 2887 1900 2937 aiiud,
1935 2886 2028 2940 (μή,

227 2950 388 3000 abjecta
419 2958 678 3000 concurrunt,
720 2951 887 3003 denique
921 2964 1010 2990 eum
1042 2951 1128 3003 agit
1160 2950 1209 2989 ad
1240 2953 1450 3000 peccatum
1490 2954 1531 2988 et
1562 2951 1812 2988 consummat
1856 2946 2028 2994 ethicam

228 3009 432 3049 malitiam.
495 3010 580 3050 Nec
614 3011 766 3050 coelum
798 3009 907 3050 illum
940 3009 1091 3061 coegit,
1132 3014 1176 3049 ut
1207 3008 1451 3054 vinceretur,
1484 3007 1561 3047 etsi
1592 3006 1801 3047 stimulata
1827 3015 1945 3046 carne
1978 2992 2028 3051 ad

231 3078 403 3116 pugnam
436 3067 546 3108 illum
577 3069 750 3108 vocavit.
805 3068 1030 3120 Exspecto,
1076 3072 1204 3107 utrum
1231 3066 1318 3118 jam
1350 3077 1502 3118 quoqne
1535 3066 1637 3106 velis
1669 3064 1924 3113 concludere,
1966 3068 2026 3106 md
