1982 3268
843 112 1058 147 m.
1783 106 1841 152 39

49 232 137 263 mo
173 221 343 262 nomine.
408 221 520 262 Idem
556 221 679 262 etiam
714 232 802 260 meo
838 219 996 260 nomine
1032 231 1163 260 meam
1200 232 1258 260 sc.
1296 218 1629 260 officiosissimam
1671 216 1843 258 salutem

51 279 221 332 collegio
250 279 524 333 philosophico
553 279 678 320 dieas.
739 279 848 318 Deus
879 277 953 318 tibi
984 277 1244 318 domesticum
1275 290 1492 318 moerorem
1522 276 1664 329 majori
1684 275 1844 316 laetitia

50 338 165 381 brevi
191 345 435 393 compenset.
496 339 616 388 Vale,
649 345 690 378 et
720 337 965 378 Ludovicum
984 337 1117 387 filium,
1150 337 1216 391 qui
1229 337 1318 389 jam
1335 336 1473 390 procul
1496 336 1613 377 dubio
1631 334 1840 388 patrissat,

51 411 77 439 a
99 398 287 439 studioso
315 399 545 440 matheseos
575 397 720 438 saluta.
780 397 971 438 Nostram
999 396 1115 436 vobis
1145 396 1327 437 omnibus
1357 396 1568 436 ecclesiam
1599 394 1844 441 commendo,

52 457 274 512 vestrisque
302 458 501 510 precibus,
567 456 604 498 1.
642 456 686 497 11
724 455 834 496 Junii
864 469 929 496 an.
966 453 1089 497 1598.

162 533 165 535 ·
697 515 816 556 Hnm.
849 515 895 556 T.
929 513 1047 556 Grat.
1079 514 1192 557 Disc.
1668 565 1676 567 ‚

747 588 753 594 ·
1391 572 1450 613 M.
1481 571 1526 615 J.
1557 570 1728 626 Kepler.

143 693 262 727 Pauci:
284 697 360 736 pont
380 692 546 726 mannhun
570 692 660 725 aliae
685 692 865 734 Keplerum
889 692 1063 725 turbarunt
1086 690 1293 735 theologicae
1327 691 1556 730 calamitatoa,
1590 690 1754 733 graviores
1782 688 1845 727 hia.

51 751 133 785 quan
154 742 190 774 in
212 741 397 784 praemissis
420 741 551 783 tangit,
577 744 633 778 et,
659 741 752 782 quasi
772 742 844 781 jam
867 740 1057 783 ingruentes
1079 738 1304 782 praesagienti
1329 739 1438 773 animo
1463 738 1634 775 divinans,
1660 737 1845 771 concludit:

54 794 220 828 „neam
241 789 331 822 vohis
354 788 500 823 omnibus
525 788 698 820 ecclesiam
723 787 947 820 commenda*
1677 794 1692 839 s
1771 794 1782 810 κ

145 835 377 870 Calauium
401 839 626 877 erumpentem
648 835 699 867 his
722 835 859 867 nunciat
883 833 1078 867 Maestlino:
1502 846 1526 891 J
1542 856 1570 869 ,t
1658 840 1677 862 s
1696 811 1818 870 „ixl-⁴.—
1872 841 1874 843 >

1615 861 1670 914 Ι
1680 910 1722 930 2
1738 869 1835 923 ,ζ’
1852 875 1863 923 ἰ
1883 912 1908 928 ,Α
1922 880 1979 924 ζ

166 930 338 972 Pandite
370 941 471 970 nnnc
501 929 696 970 Helicona
714 929 839 978 Deae,
872 933 1092 981 cantusque
1111 932 1282 968 movete.
1333 926 1415 968 Sed
1434 927 1527 981 quid
1549 918 1691 968 cadetis
1708 939 1845 980 posco,

51 990 114 1032 cui
143 991 240 1031 fletu
270 1002 367 1042 opus
399 989 487 1029 est?
536 988 640 1029 Rem
676 988 852 1030 breviter
883 987 1034 1040 accipe.
1095 986 1180 1028 Vix
1209 986 1388 1028 redierat
1418 1000 1468 1027 ex
1498 987 1620 1027 Italia
1647 987 1845 1039 princeps,

52 1063 140 1091 cum
171 1049 340 1094 accidit,
373 1054 416 1089 ut
444 1047 621 1101 picturae
654 1048 848 1101 quaedam
878 1060 1027 1088 aeneae
1058 1046 1097 1087 in
1127 1059 1258 1099 papae
1289 1046 1568 1088 contumeliam
1599 1046 1662 1087 hic
1693 1046 1846 1086 distra-

52 1110 254 1151 herentur.
302 1108 492 1160 Princeps
522 1112 666 1148 vocato
697 1107 982 1148 ordinariorum
1012 1106 1212 1159 praeside,
1242 1119 1395 1159 pacem,
1426 1106 1567 1159 inquit,
1599 1106 1678 1146 etsi
1698 1105 1845 1152 darem,

53 1169 131 1221 ipsi
160 1167 360 1220 respuitis,
419 1166 484 1208 Ex
516 1180 562 1207 eo
588 1166 819 1219 bibliopola,
851 1166 1033 1220 quamvis
1057 1165 1356 1218 provincialium
1376 1165 1570 1214 minister,
1598 1165 1717 1217 jussu
1734 1165 1846 1218 prin-

54 1228 154 1281 cipis
183 1228 224 1268 in
255 1239 455 1267 carcerem
486 1225 560 1266 fuit
589 1226 808 1278 conjectus.
870 1226 918 1267 Id
950 1226 1097 1266 sactum
1130 1238 1265 1266 mense
1288 1225 1411 1266 Julio.
1472 1224 1624 1265 Eodem
1657 1230 1846 1276 tempore,

55 1299 143 1328 cnm
185 1291 346 1327 nostrae
395 1284 658 1326 confessionis
697 1285 988 1339 Elemosyuarii
1030 1290 1301 1338 premerentur
1349 1285 1414 1325 vel
1455 1284 1768 1337 praeterirentur
1809 1283 1848 1322 in

55 1345 250 1387 communi
279 1344 483 1398 hospitali,
516 1349 558 1385 et
586 1349 829 1384 mortuorum
858 1356 1026 1397 corpora
1049 1356 1122 1396 pro
1153 1343 1358 1396 sepultura
1387 1343 1504 1384 nimis
1535 1347 1721 1396 magnum
1750 1354 1847 1382 vec-

53 1405 154 1456 tigal
184 1404 354 1457 pendere
386 1404 638 1444 viderentur:
671 1403 971 1456 promulgarunt
1001 1402 1128 1443 nostri
1160 1403 1208 1443 de
1235 1407 1446 1456 suggestu,
1480 1415 1624 1443 novum
1655 1402 1847 1442 coemite-

52 1465 167 1512 rium,
200 1475 343 1504 novum
373 1463 573 1516 hospitale
605 1475 676 1514 pro
707 1463 972 1511 nostratibus,
1005 1461 1317 1503 contributiones
1349 1461 1582 1504 Christiano
1614 1473 1721 1502 more
1752 1474 1846 1500 sua·

55 1527 206 1565 serunt.
265 1523 326 1563 At
354 1535 442 1563 cum
483 1527 731 1574 praestemus
773 1535 954 1571 numero,
999 1533 1187 1573 magnum
1223 1522 1318 1575 quid
1351 1521 1564 1574 pontificiis
1596 1522 1849 1561 decessurum

55 1587 156 1624 erat.
217 1580 388 1623 Sublata
417 1581 551 1634 itaque
590 1587 654 1622 est
696 1581 911 1621 autoritate
941 1581 1130 1634 principis
1161 1581 1233 1621 illa
1262 1580 1429 1621 molitio.
1490 1581 1632 1620 Mense
1666 1579 1848 1631 Angusto

6 1691 8 1694 y
52 1641 351 1696 praeambulum
380 1640 611 1692 tragoediae
643 1640 731 1680 fuit.
779 1640 1117 1694 Archipresbyter
1145 1640 1256 1681 urbis
1285 1652 1357 1692 pro
1389 1639 1508 1680 officii
1527 1639 1681 1680 ratione
1701 1638 1850 1680 nostris

7 1695 10 1699 ’
56 1699 398 1741 concionatoribus
429 1699 534 1740 omni
576 1699 767 1740 exercitio
809 1699 1014 1752 religionis
1062 1704 1105 1739 et
1136 1698 1480 1740 administratione
1512 1703 1851 1739 sacramentorum

0 1799 9 1806 ,Α
55 1759 452 1812 benedictionumque
482 1758 762 1811 conjugialinm
793 1758 1011 1808 interdixit,
1043 1763 1255 1810 praetenso
1281 1758 1393 1811 jure,
1426 1758 1529 1810 quod
1560 1758 1711 1798 habeat
1741 1757 1848 1797 anti-

11 1845 14 1848 ·
59 1819 190 1872 quitus
221 1818 287 1872 qui
317 1818 393 1858 loci
419 1822 483 1858 est
514 1818 859 1870 archipresbyter,
891 1817 1003 1870 cujus
1034 1818 1250 1870 vectigalia
1274 1818 1521 1865 minuantur,
1555 1817 1742 1857 aliorsum
1772 1816 1849 1856 ab-

58 1878 221 1919 stractis
252 1877 360 1918 hisce
391 1877 517 1917 Sacris
549 1877 899 1929 negotiationibus.
952 1877 1211 1929 Respondete
1242 1889 1315 1929 pro
1343 1876 1535 1917 ministris
1561 1876 1709 1916 nostris
1740 1875 1850 1916 ordi-

15 1971 19 1973 -
57 1937 170 1978 narii.
231 1935 461 1989 Replicavit
491 1936 616 1976 semel
648 1942 766 1989 atque
799 1935 952 1984 iterum,
988 1942 1029 1976 et
1061 1935 1228 1990 denique
1259 1935 1464 1977 brachium
1495 1936 1700 1976 saeculare
1731 1934 1848 1975 invo-

59 1995 178 2037 cavit.
221 1995 425 2048 Princeps,
458 1995 603 2035 debere
634 2009 678 2035 se
711 1995 878 2035 tutelam
909 2008 986 2035 non
1018 1994 1132 2035 nobis
1164 2000 1321 2036 tantum
1352 1996 1424 2035 sed
1449 2001 1491 2035 et
1523 1995 1604 2035 suis
1635 1993 1846 2047 religiosis,

58 2054 191 2107 itaque
223 2055 327 2107 quod
357 2059 479 2094 antea
510 2055 685 2094 facturus
718 2060 806 2094 erat
834 2054 994 2106 propria
1025 2054 1257 2103 devotione,
1296 2054 1336 2094 id
1367 2067 1468 2094 nunc
1499 2054 1751 2107 imploratum
1783 2053 1847 2092 fa-

59 2126 173 2162 cere,
218 2119 261 2154 et
301 2114 509 2162 mandare,
553 2119 598 2153 ut
635 2113 822 2153 ordinarii
864 2114 970 2153 intra
1016 2110 1070 2154 14
1107 2113 1192 2153 dies
1222 2114 1386 2154 mittant
1416 2126 1550 2154 omnes
1582 2113 1775 2153 ecclesiae
1807 2116 1847 2151 et

62 2172 221 2213 scholae
242 2171 375 2212 Gratii
394 2177 434 2212 et
452 2172 706 2225 Judeburgae
726 2173 939 2220 ministros,
974 2185 1120 2224 eosque
1151 2172 1190 2212 in
1221 2179 1426 2213 aeternum
1455 2172 1732 2212 haereditariis
1764 2170 1846 2210 suis

59 2231 272 2284 provinciis
315 2231 517 2271 abstinere
560 2231 632 2271 Sub
682 2244 811 2284 poena
851 2231 996 2283 capitis
1032 2232 1215 2283 jubeant.
1287 2233 1455 2272 Factum
1501 2231 1566 2273 10.
1618 2230 1688 2272 20.
1731 2230 1845 2284 Sept.

59 2289 378 2342 Responderunt,
410 2302 523 2329 suum
554 2303 642 2330 esse
673 2290 774 2331 tueri
803 2302 997 2342 personas
1028 2291 1102 2331 has
1134 2296 1274 2332 contra
1302 2290 1404 2340 vim,
1437 2291 1594 2332 mittere
1625 2303 1703 2330 non
1735 2301 1846 2330 suum

61 2361 162 2397 esse,
195 2349 266 2389 sed
296 2348 420 2389 totius
450 2354 681 2388 conventus.
743 2349 871 2389 Erant
900 2355 982 2390 tum
1014 2349 1078 2390 hic
1108 2350 1292 2402 Hispani,
1324 2362 1514 2404 sponsam
1544 2349 1651 2403 regis
1675 2349 1844 2390 comita-

59 2407 151 2456 turi,
185 2413 226 2447 et
243 2412 335 2460 post
352 2407 511 2447 biduum
532 2406 745 2448 discessuri
764 2421 853 2448 cnm
871 2407 1056 2461 Styriaco
1076 2409 1267 2449 comitatu
1298 2410 1384 2462 (qui
1414 2415 1524 2450 totus
1556 2422 1606 2449 ex
1633 2407 1845 2461 pontificiis
1948 2427 1955 2463 Ι·

16 2504 19 2506 ,
61 2467 199 2507 debuit
239 2466 442 2513 constare)
479 2466 733 2517 putabantur.
793 2467 983 2519 Princeps
1020 2465 1083 2507 14.
1118 2465 1187 2508 24.
1221 2466 1335 2520 Sept.
1379 2469 1494 2509 nobis
1534 2469 1632 2522 ipsis
1662 2467 1845 2519 imperat,

62 2531 106 2567 nt
146 2526 251 2566 iutra
292 2531 478 2566 octavum
520 2524 622 2564 diem
664 2525 877 2576 provinciis
919 2526 1001 2566 suis
1045 2526 1240 2567 abiremus
1284 2527 1357 2568 Sub
1386 2540 1517 2580 poena
1547 2526 1704 2579 capitis.
1766 2524 1846 2564 Diu

61 2585 222 2638 scriptis
240 2589 508 2625 concertatum
527 2583 742 2650 principem
762 2585 864 2624 inter
883 2590 924 2624 et
942 2585 1175 2634 ordinarios,
1207 2586 1294 2639 (qui
1310 2586 1461 2627 vicinos
1479 2599 1664 2639 proceres
1696 2595 1846 2624 convo-

34 2650 264 2696 caverant,
297 2644 368 2683 sed
399 2654 588 2694 aquarum
620 2642 800 2683 maximis
830 2648 873 2683 et
896 2643 1066 2685 insolitis
1083 2645 1417 2694 inundationibus,
1450 2659 1550 2698 qnae
1570 2644 1694 2685 etiam
1711 2651 1846 2684 mense
1960 2661 1966 2695 5

35 2703 247 2755 Angusto
278 2703 399 2750 fuere,
429 2701 618 2754 impediti,
650 2714 727 2741 non
758 2702 865 2742 ultra
894 2700 952 2742 30
981 2706 1282 2753 convenerunt).
1344 2704 1522 2744 Tandem
1550 2703 1615 2744 17.
1637 2700 1707 2743 27.
1729 2701 1844 2754 Sept.
1958 2708 1964 2777 j

35 2766 157 2803 ante
187 2761 295 2802 Solis
325 2773 507 2802 occasum
535 2761 740 2801 universos
772 2773 844 2800 nos
873 2760 1056 2815 princeps
1086 2763 1181 2803 urbe
1213 2763 1383 2813 migrare
1416 2768 1459 2802 et
1485 2767 1580 2816 post
1609 2762 1740 2802 finitos
1758 2760 1843 2813 pri·
1957 2782 1959 2787 ν

59 2819 149 2861 ῗιιιοε
178 2819 205 2859 7
237 2821 323 2861 dies
355 2819 459 2860 exire
488 2819 701 2871 provinciis
734 2819 918 2859 atrociori
948 2821 1286 2862 commendatione
1312 2821 1447 2872 jussit.
1510 2823 1651 2874 Itaque
1677 2820 1725 2860 de
1745 2833 1843 2860 con-
1943 2811 1955 2880 f

14 2879 154 2929 [atilio
185 2885 226 2919 et
249 2879 363 2932 jussu
392 2891 596 2930 procerum
625 2878 841 2926 exivimus,
882 2878 1032 2919 relictis
1063 2880 1322 2931 conjugibus,
1361 2881 1451 2920 hinc
1482 2880 1573 2920 inde
1603 2879 1773 2933 dispersi
1806 2878 1845 2918 iu
1939 2888 1944 2937 ff

37 2935 266 2990 ''JUngariae
296 2943 338 2978 et
368 2936 556 2978 Croatiae
586 2938 696 2987 fines,
728 2937 796 2978 ubi
828 2935 980 2978 Caesar
1008 2938 1193 2990 imperat.
1240 2937 1398 2979 Salaria
1428 2939 1667 2980 obtinuimus
1697 2938 1843 2978 nihilo-
1941 2938 1944 2954 ³

42 2995 210 3050 jeminus,
253 2996 400 3036 viatica
429 2996 590 3048 insuper
620 2997 867 3050 accepimuS,
907 2996 1012 3048 jussi
1054 2997 1157 3037 hanc
1193 2996 1251 3036 sic
1283 2998 1455 3038 tolerare
1487 2998 1708 3066 fortunam,
1752 2997 1843 3036 dum
