2028 3242
784 69 826 101 «ιο
848 69 945 101 resu-
970 68 1183 111 υαοιοςιω.
1798 66 1883 110 381

88 172 278 228 Q
296 176 347 216 ut
373 171 643 213 dissonantes.
704 170 775 214 Sic
805 173 929 225 igitur
958 172 1023 214 hic
1051 185 1189 214 ramus
1218 172 1540 213 ratiocinationis
1571 173 1782 213 absolutus
1800 178 1885 214 est:

84 241 221 277 nn·
239 231 369 279 mm,
381 243 506 284 quae
535 232 733 272 hactenus
761 232 875 273 illum
903 231 1127 273 continuari
1158 236 1253 272 sunt
1281 243 1448 284 passae,
1487 233 1575 284 jam
1605 232 1757 272 sistunt
1784 231 1888 272 hauc

85 289 438 333 emanationem.
494 290 608 331 Idem
627 290 794 340 accidit,
820 291 871 340 si,
900 295 950 332 ut
975 303 1081 343 pars·
1104 288 1132 331 2
1165 302 1254 331 cum
1278 295 1367 330 tota
1386 288 1413 330 5
1433 295 1641 340 consonat,
1672 290 1734 331 ‘sic
1758 295 1887 331 totam

87 349 146 390 in
148 345 186 389 7
208 348 321 392 :iulis
350 348 550 398 dividere3
592 362 687 390 nam
716 355 812 390 tunc
841 350 1001 402 quidem
1030 361 1128 402 pars
1156 347 1185 390 2
1221 361 1311 389 cum
1340 354 1459 403 parte
1490 349 1516 390 5
1548 349 1808 398 consonabit,
1842 356 1888 390 at

87 419 232 461 neque
242 419 355 460 para
371 407 413 457 2,
443 421 572 462 neque
600 420 698 460 pars
727 407 755 449 5
786 408 1045 448 consonabit
1052 421 1143 449 cum
1173 413 1263 448 tota
1286 406 1331 448 7.
1378 407 1436 447 Ει
1465 408 1560 460 quia
1578 408 1789 449 verbosum
1808 415 1884 457 est,

79 466 245 519 aliqua
272 467 464 508 similiter
493 466 658 520 exsequi
694 466 811 519 hujus
840 467 1187 515 ratiocinationis,
1231 466 1368 518 accipe
1400 471 1529 507 totam
1569 467 1681 507 illam
1717 467 1758 507 in
1789 472 1885 520 typo

87 525 202 574 (vide
228 537 352 579 supra
378 538 419 579 p.
433 523 566 575 373).
627 525 842 578 Tantisper
871 526 978 566 euim
1007 525 1190 579 procedit
1218 524 1486 574 ratiocinatio,
1519 526 1650 578 quoad
1674 525 1887 578 impegerit

85 585 345 627 innumeros
369 583 422 634 a,
455 581 502 633 9,
540 583 614 633 11,
650 582 719 625 13.
780 583 829 625 Si
859 585 966 625 enim
995 590 1086 625 tota
1115 584 1267 625 chorda
1306 583 1347 623 in
1387 589 1452 625 tot
1492 589 1632 637 partes
1669 584 1884 633 dividatur,

82 644 177 697 jam
198 647 340 695 parus
368 643 720 696 quomodocunque
749 648 905 684 sumtae
938 658 963 684 a
992 649 1083 684 tota
1113 643 1337 684 dissonant.

91 722 117 744 ·.-·
182 699 428 748 'Quaeritur
456 702 522 742 hic
552 703 619 750 (ut
646 702 833 743 immorer
863 702 1167 756 aliquantisper,
1197 702 1431 755 priusquam
1460 700 1513 741 ad
1544 706 1675 742 totam
1704 716 1778 742 του
1807 705 1885 742 δια-

83 774 226 803 ισσιιο
251 760 491 803 divisionem
518 762 787 814 progrediar),
820 774 922 816 quae
953 775 1078 802 causa
1108 761 1175 811 sit,
1207 773 1277 802 cur
1307 772 1425 801 aures
1453 760 1582 813 primo
1614 761 1717 801 iuter
1743 768 1885 814 partes

89 819 122 861 ι’
144 823 192 860 et
211 818 259 869 21,
291 825 336 863 et
363 824 494 861 totam
524 819 576 868 2,
607 826 753 872 postea
783 821 888 861 inter
917 826 1056 873 partes
1091 820 1134 870 1,
1167 819 1196 861 2
1227 826 1270 860 et
1299 825 1429 860 totam
1458 817 1505 868 3,
1537 819 1643 860 inter
1671 825 1812 872 partes
1847 820 1883 869 1,

86 876 118 920 3
144 883 188 919 et
217 883 348 920 totam
376 876 418 928 4,
449 884 589 931 partes
629 880 661 927 Ι,
692 876 722 920 4
752 884 795 920 et
825 884 953 920 totam
983 878 1025 929 5,
1057 885 1196 932 partes
1230 879 1274 928 1,
1307 878 1334 920 5
1367 883 1410 918 et
1438 883 1569 918 totam
1599 876 1640 927 6,
1672 884 1812 931 partes
1844 877 1883 928 2,

87 935 121 978 3·
145 942 191 979 ot
217 942 347 979 totam
377 936 420 986 5,
449 942 588 990 partes
619 936 662 986 3,
693 936 720 979 5
752 944 795 979 et
825 944 954 980 totam
984 937 1025 988 8,
1060 938 1285 991 approbent
1314 938 1632 986 consonantiam,
1665 937 1770 979 inter
1787 950 1884 978 vero

83 1000 215 1037 totam
245 995 286 1047 7,
318 993 360 1046 9,
397 995 471 1045 11,
505 995 560 1038 13
590 1002 636 1037 et.
661 1002 800 1049 partes
831 1010 1085 1050 quascunque
1115 997 1267 1038 nullam
1307 996 1516 1037 inveniant
1544 996 1883 1037 concordantiam.

82 1054 257 1096 Putares
286 1067 453 1096 causam
483 1068 587 1102 esse,
619 1057 724 1108 quod
755 1055 795 1106 7,
829 1054 872 1104 9,
908 1056 974 1103 11,
1010 1054 1065 1098 13
1096 1062 1192 1097 sunt
1219 1057 1411 1108 impares.
1472 1057 1534 1096 At
1562 1068 1639 1096 non
1672 1062 1759 1104 est;
1791 1069 1884 1096 nam

13 1119 16 1122 ’
85 1119 132 1155 et
154 1111 188 1155 -3
218 1118 263 1154 et
291 1111 320 1155 5
350 1120 447 1155 suut
473 1115 669 1167 impares,
709 1128 783 1156 nec
819 1115 1039 1168 impediunt
1075 1115 1395 1156 concordantias.
1456 1115 1597 1168 Neque
1628 1115 1729 1155 haec
1761 1127 1885 1155 causa

84 1176 164 1223 est,
194 1173 299 1225 quod
329 1172 413 1213 sint
439 1174 579 1226 primi;
610 1187 703 1214 nam
733 1171 761 1216 9
792 1186 869 1214 ιιοιι
900 1180 966 1215 est
995 1187 1180 1216 numerus
1209 1174 1374 1226 primus,
1407 1180 1450 1213 et
1480 1179 1616 1214 tamen
1648 1174 1884 1214 discordans

84 1236 162 1281 ent,
193 1237 241 1272 et
265 1237 408 1273 contra
436 1230 476 1281 3,
510 1231 537 1274 5
569 1238 663 1273 sunt
691 1233 823 1285 primi,
855 1246 927 1274 nec
959 1239 1094 1274 tamen
1125 1233 1357 1274 discordant
1387 1247 1414 1272 a
1432 1232 1516 1273 suis
1535 1232 1731 1284 partibus.
1779 1233 1882 1273 Dico

83 1289 206 1342 igitur
234 1301 398 1331 causam
434 1291 539 1332 hanc
577 1304 694 1340 esse,
739 1293 834 1345 quia
874 1293 1080 1333 circularis
1123 1292 1229 1332 linea
1273 1294 1395 1344 (quae
1438 1292 1668 1344 aequivalet
1710 1292 1883 1332 chordae

83 1353 221 1390 metae
249 1353 310 1394 et
321 1350 621 1403 aequisonaret,
666 1351 701 1391 si
732 1351 982 1392 circulariter
1021 1350 1133 1391 tendi
1139 1343 1314 1404 ⁶possit)
1359 1351 1399 1390 in
1431 1349 1483 1399 2,
1517 1348 1566 1398 3,
1597 1349 1652 1399 4,
1684 1349 1736 1400 5,
1770 1348 1821 1399 6,
1853 1349 1883 1392 8

84 1406 211 1449 dividi
237 1409 480 1460 geometrice
509 1415 659 1462 potest,
691 1410 730 1449 in
762 1409 803 1459 7,
837 1408 876 1458 9,
918 1410 978 1458 11,
1017 1408 1069 1451 13
1088 1410 1330 1461 geometrice
1350 1409 1474 1449 dividi
1497 1410 1647 1462 nequit,
1679 1422 1758 1449 non
1783 1410 1882 1450 vitio

85 1465 315 1508 intellectus
344 1469 485 1516 nostri,
517 1481 594 1509 non
625 1468 923 1522 imperfectione
956 1469 1149 1509 scientiae
1180 1468 1460 1521 geometricae,
1492 1469 1564 1508 sed
1586 1474 1745 1509 natura.
1795 1469 1879 1509 Im-

26 1568 29 1569 γ
82 1524 211 1578 plicat
228 1525 385 1579 >qnippe
414 1527 791 1577 contradictionem,
836 1527 1024 1568 circulum
1068 1528 1107 1568 in
1141 1526 1165 1567 7
1199 1527 1384 1578 aequalia
1413 1528 1655 1579 geometrice
1688 1528 1879 1568 dividere.

21 1635 28 1638 ᾖ
82 1583 421 1637 ltaqnevfacnltas
438 1586 521 1633 illa,
555 1599 656 1638 quae
681 1592 847 1639 praeest
871 1586 1036 1635 auditui,
1070 1599 1248 1627 summae
1267 1586 1435 1627 rationis
1455 1599 1604 1638 capax,
1636 1587 1728 1627 illos
1759 1599 1881 1627 sonos

83 1640 296 1694 improbat,
329 1644 397 1696 qui
426 1645 554 1685 fluunt
584 1658 609 1684 a
639 1645 952 1698 longitudinibus
984 1645 1317 1698 ἀγεωμετρητοιςς
1350 1645 1560 1697 approbat,
1593 1646 1659 1698 qui
1690 1659 1716 1685 a
1745 1646 1879 1698 longi-

83 1701 287 1742 tudinibus
316 1703 571 1754 geometricis
601 1705 790 1756 pendent.
842 1703 934 1750 Qua
964 1704 1003 1744 in
1035 1717 1078 1744 re
1110 1711 1331 1745 creatorem
1361 1705 1540 1744 imitatur
1559 1711 1755 1753 creatura,
1789 1718 1882 1745 nam

82 1762 127 1801 δι
155 1759 226 1801 ille
256 1773 386 1801 rerum
417 1762 531 1802 ideas
563 1762 758 1803 desumsit
789 1775 811 1802 e
841 1775 944 1816 penu
975 1764 1230 1815 geometrico,
1261 1776 1339 1803 non
1371 1775 1422 1802 ex
1441 1764 1734 1815 quantitatibus
1764 1763 1880 1816 ἅγιαι·

82 1832 313 1871 μετρηωιςς
344 1832 447 1872 pene
477 1820 682 1871 dixissem,
715 1822 811 1862 illud
843 1822 1008 1871 creavit,
1041 1823 1145 1874 quod
1171 1835 1306 1863 creare
1331 1822 1482 1874 potuit3
1516 1823 1620 1875 quod
1639 1835 1716 1862 non
1736 1824 1881 1875 potuit,

83 1877 230 1919 omisit.
282 1877 399 1919 ,Sane
440 1879 645 1920 fatendum
677 1886 767 1929 est,
813 1881 916 1932 quod
960 1882 1167 1921 contendit
1202 1882 1321 1922 Plato
1369 1888 1410 1921 et
1449 1894 1500 1921 ex
1531 1894 1577 1921 eo
1611 1880 1751 1923 Cicero
1797 1880 1880 1935 (De

80 1935 337 1978 Divinatione
361 1938 464 1985 11.:)
495 1940 612 1979 nefas
644 1952 733 1979 esse
765 1940 957 1991 cogitare,
989 1945 1033 1979 ut
1057 1941 1169 1980 Deus
1195 1941 1420 1981 condiderit
1443 1941 1631 1980 mundum
1662 1954 1740 1981 non
1762 1955 1881 1994 quam

81 1995 167 2035 fieri
194 1995 327 2048 potuit
356 1997 563 2049 optimum,
609 1998 695 2051 ipse
727 1999 901 2052 optimus
941 2004 983 2038 et
1021 1999 1352 2050 perfectissimus.
1414 2000 1460 2040 In
1491 2000 1566 2040 hoc
1598 2001 1684 2040 solo
1716 2001 1882 2041 offendit

80 2053 227 2105 pietas,
258 2056 365 2106 quod
393 2055 587 2096 bonitatis
618 2058 729 2109 leges
760 2063 803 2097 et
833 2057 1117 2098 necessitatem
1136 2059 1247 2098 videt
1266 2059 1455 2099 collocari
1486 2071 1564 2099 non
1594 2059 1635 2098 in
1653 2059 1731 2099 Dei
1762 2073 1879 2100 crea-

82 2112 182 2152 toris
213 2113 390 2162 arbitrio,
423 2115 493 2154 sed
525 2120 652 2164 extra,
685 2116 725 2155 in
756 2116 849 2155 idea
879 2117 1136 2168 geometrica.
1185 2118 1314 2169 Atqui
1345 2118 1497 2169 cogitet
1522 2118 1746 2170 theologus,
1777 2120 1879 2159 hanc

81 2170 213 2223 ipsam
240 2184 373 2213 rerum
402 2174 731 2224 geometricarum
762 2175 983 2222 familiam,
1027 2188 1078 2215 ex
1115 2188 1193 2227 qua
1238 2176 1331 2215 idea
1372 2177 1508 2216 mundi
1550 2178 1762 2229 depromta
1800 2183 1875 2226 est,

29 2266 34 2269 a
81 2229 195 2281 prius
236 2229 276 2269 in
307 2229 398 2282 ipsa
427 2232 606 2271 essentia
648 2232 785 2272 divina
825 2233 972 2280 fuisse,
1016 2246 1133 2286 quam
1175 2234 1215 2273 in
1259 2235 1443 2274 materia.
1503 2236 1543 2276 A
1574 2236 1744 2276 materia
1774 2237 1878 2276 enim

82 2293 217 2329 mente
247 2293 386 2341 potest
416 2289 611 2337 abstrahi,
642 2303 668 2329 a
697 2295 830 2330 mente
851 2291 987 2331 divina
1018 2292 1199 2333 abstrahi
1224 2293 1468 2344 cogitatione
1493 2307 1569 2333 non
1590 2300 1740 2345 potest.
1794 2296 1877 2346 lgi—

23 2387 25 2389 ,
81 2351 151 2387 tur
177 2347 219 2387 in
249 2348 338 2387 Deo
369 2347 444 2388 fuit
472 2348 743 2388 essentialiter
774 2349 825 2388 ab
857 2355 1039 2397 aeterno,
1077 2351 1118 2390 in
1148 2352 1358 2390 materiam
1390 2365 1441 2391 ex
1469 2352 1547 2392 Dei
1577 2354 1756 2392 essentia
1786 2366 1877 2392 cre-

79 2405 188 2446 ando
219 2405 389 2447 influxit.
451 2407 637 2456 Diceres,
676 2408 896 2448 essentiam
928 2408 1105 2448 divinam
1136 2422 1225 2448 esse
1259 2410 1528 2460 sphaericum,
1561 2423 1712 2450 vacans
1742 2413 1876 2462 spatio

82 2469 127 2504 et
151 2465 338 2513 materia,
370 2465 428 2506 sic
460 2471 507 2505 ut
523 2466 633 2505 Deus
664 2472 781 2518 pater
811 2466 867 2506 sit
897 2472 1090 2516 centrum,
1122 2467 1224 2506 filius
1257 2468 1498 2519 superficies,
1532 2469 1697 2521 spiritus
1717 2470 1875 2511 distan-

21 2520 25 2562 j
82 2523 167 2563 tiae
198 2524 422 2576 aequalitas
454 2525 635 2565 centri.a
666 2525 883 2577 superficie.
945 2526 1038 2566 Jam
1069 2538 1213 2565 novum
1252 2526 1294 2565 in
1324 2527 1528 2578 theologia
1557 2541 1636 2567 non
1669 2534 1756 2577 est,
1801 2542 1876 2569 vo-

83 2581 279 2623 luntatem
309 2588 352 2623 et
382 2583 589 2623 arbitrium
618 2583 695 2624 Dei
727 2584 813 2636 regi
843 2598 868 2624 a
898 2584 1053 2635 legibus
1092 2585 1292 2624 essentiae
1331 2598 1446 2633 suae,
1491 2592 1537 2626 ut
1572 2587 1733 2626 mentiri
1763 2588 1876 2636 nolit,

17 2636 36 2697 '3⁵
81 2639 176 2692 qnia
204 2653 284 2681 non
313 2647 475 2694 potest,
521 2643 834 2683 contradictoria
866 2643 987 2690 nolit,
1033 2643 1124 2694 quia
1163 2649 1344 2695 pugnant
1386 2657 1474 2684 cum
1516 2645 1645 2696 ipsius
1682 2647 1873 2687 essentia,

80 2698 220 2739 Noluit
248 2700 370 2751 igitur
399 2701 518 2740 aliam
548 2701 684 2741 indere
717 2702 882 2740 formam
914 2701 1056 2741 mundo
1088 2702 1315 2750 materiato,
1350 2715 1468 2754 quam
1499 2705 1611 2755 cujus
1639 2705 1775 2744 ideam
1806 2719 1873 2745 re-

78 2756 186 2808 perit
214 2757 524 2801 immateriatam
556 2766 597 2799 et
627 2765 672 2799 ut
703 2761 761 2800 ita
792 2760 921 2799 dicam
952 2760 1215 2812 inspatiosam
1245 2763 1284 2799 in
1330 2774 1402 2800 sua
1428 2763 1619 2802 essentia.
1677 2764 1756 2803 Illa
1779 2776 1874 2804 vero

80 2822 157 2855 non
189 2816 368 2857 admittit
398 2819 700 2870 septangulum,
746 2819 1036 2870 nonangulum,
1083 2819 1229 2858 nullum
1266 2819 1388 2871 igitur
1419 2820 1644 2872 hujusmodi
1675 2834 1802 2875 neque
1834 2823 1873 2863 in

81 2875 327 2930 corporibus,
357 2889 486 2929 neque
516 2877 557 2916 in
588 2878 774 2924 motibus,
806 2889 932 2928 neque
964 2878 1002 2916 in
1024 2890 1211 2917 sensuum
1241 2878 1493 2930 praesidibus
1525 2881 1786 2921 facultatibus
1810 2887 1875 2922 est

35 2946 38 2947 ⁷
80 2943 325 2984 expressum.
389 2934 566 2977 Causam
596 2936 666 2985 rei,
701 2949 818 2988 quam
850 2936 1042 2988 detegunt
1073 2949 1226 2985 aureS,
1247 2949 1393 2989 quaere
1424 2938 1567 2988 aliam,
1598 2939 1634 2979 si
1664 2939 1764 2980 haec
1794 2953 1872 2980 non

25 3020 36 3045 3
78 2989 226 3043 placet.
