2028 3242
765 64 809 96 a·
830 64 927 96 aba
950 63 1164 106 mangis..
1232 34 1235 36 ’
1780 59 1866 102 383

68 169 199 217 litate,-
229 178 356 211 eausa
383 166 491 207 acuti
522 172 566 206 et
595 166 745 218 gravis,
776 167 910 219 sitque
939 166 1067 207 omnis
1096 166 1278 212 ἰσοτωος
1307 171 1352 208 et
1379 167 1547 219 speciali
1563 166 1722 207 nomine
1741 168 1870 219 poor·

65 238 151 280 mg
174 227 222 271 ⁴i·
249 226 364 267 noelo
393 231 535 266 contra
563 238 703 266 omnes
733 225 842 274 soni,
873 225 1092 278 (siquidem
1121 225 1345 266 existerent
1373 226 1481 274 soni)
1513 231 1608 267 sunt
1636 224 1867 271 ἀκσοτοωι,

69 284 401 330 adamnanus»
442 283 674 325 intentionis
717 289 761 325 et
800 283 1046 326 remissionis
1074 289 1199 331 actu,
1245 296 1293 324 ac
1333 284 1368 324 si
1409 284 1497 336 quis
1527 284 1717 325 chordam
1748 283 1866 324 simul

66 345 277 398 μύκαι,-
309 343 428 384 simiss
464 342 691 384 intenderet
718 347 764 383 et
791 343 1028 383 remitteret.
1089 342 1286 384 Planetae
1318 342 1423 383 enim
1459 342 1630 395 apogaei
1658 348 1869 383 moventur

67 403 252 452 romine,
292 402 334 442 -in
364 401 555 454 perigaeo
585 401 819 442 incitatius..
866 401 1009 454 Itaque
1040 400 1211 454 apogaei
1241 412 1406 452 gravem
1446 401 1682 442 exhiberent.
1710 413 1864 450 sonum,

65 461 243 516 ραι-ἐμαί
272 465 446 502 acutum.
505 460 572 500 Ac
601 459 680 500 etsi
710 459 827 511 hujus
858 459 1052 500 acuminis
1083 465 1128 500 et
1143 459 1372 511 gravitatis,
1403 459 1656 508 intensionis,
1689 460 1866 512 iuquam,

64 525 109 562 et
134 518 384 563 madonis
410 530 599 560 mensura
625 518 822 571 reperitur
849 517 1033 570 proxime
1061 517 1104 558 in
1135 517 1331 559 distantia
1360 519 1549 570 planetae
1579 531 1604 558 a
1635 523 1788 566 centro,
1819 525 1866 558 ut

66 580 105 620 in
139 579 279 620 Marte
312 577 499 631 probavi,
544 581 679 617 tamen
717 575 821 617 ratio
860 577 967 618 fallit
1004 576 1044 616 in
1081 577 1379 629 comparatione
1421 577 1585 618 duorum
1615 576 1867 629 planetarum

63 639 174 680 inter·
197 648 268 686 803
294 648 374 677 aon
403 635 523 677 enim.
539 642 586 676 ut
614 635 816 682 diametri,
847 636 905 676 sic
936 641 1080 685 motus,
1114 648 1240 676 causa
1267 636 1503 676 intensionis
1534 641 1579 676 et
1601 635 1862 676 remissionis.

62 696 257 739 Deiectum
284 699 403 748 patet
431 707 482 734 ex
506 694 704 748 Mysterio
740 693 1095 747 cosmographico.
1156 695 1303 735 Altera
1333 707 1469 744 cansa,
1501 707 1571 735 cur
1601 707 1690 735 cnm
1707 694 1865 749 Pytha-

62 753 224 808 εοῐιοῒο
263 758 311 795 et
335 753 466 794 Plinio
508 759 615 794 erret
643 753 925 803 Reinhardus,
970 766 1021 793 ex
1063 753 1172 794 souis
1215 754 1379 795 musicis
1422 754 1600 794 formans
1646 753 1865 794 diametros

62 814 340 867 planetarum,
388 817 455 852 est
496 812 618 860 haec,
669 813 772 864 quod
817 812 1001 852 diametri
1045 812 1324 864 intelliguntur
1366 806 1626 864 sphaerarum
1663 812 1863 861 diametri,

64 873 239 926 sphaera
266 882 361 918 vero
392 871 456 911 vel
487 883 630 922 corpus
662 876 725 911 est
755 871 972 911 secundum
1001 871 1203 925 physicos,
1235 872 1300 911 vel
1331 872 1442 911 locus
1473 871 1639 919 solidus,
1672 871 1714 912 in
1745 883 1863 924 quem

65 932 231 984 planeta
260 942 448 971 successu
478 931 701 970 seculorum
731 930 866 970 venire
897 935 1046 982 potest
1107 929 1305 970 Diametri
1331 929 1452 982 igitur
1475 930 1737 982 sphaeram
1761 942 1863 970 nan·

62 990 268 1031 ciscuntur
296 988 575 1042 proportiones
605 1001 699 1029 suas
731 1001 782 1028 ex
811 989 948 1040 figuris
978 988 1140 1037 solidis,
1177 995 1222 1030 ut
1257 988 1416 1029 ostendi
1453 988 1493 1029 in
1523 988 1720 1043 Mysterio
1753 987 1861 1030 Cos-

62 1048 332 1101 mographico.
393 1045 548 1088 Contra
577 1059 698 1088 sonus
730 1053 795 1088 est
825 1054 975 1096 motus;
1007 1048 1134 1088 omnis
1165 1060 1260 1088 vero
1292 1052 1425 1088 motus
1456 1047 1495 1087 in
1522 1047 1647 1088 linea:
1681 1054 1860 1088 motuum

62 1108 184 1160 igitur
212 1106 415 1159 proportio
447 1106 745 1146 convenientius
778 1107 983 1158 quaeritur
1014 1119 1065 1146 ex
1094 1107 1231 1158 figuris
1262 1107 1516 1158 geometricis
1546 1106 1696 1158 planis,
1731 1106 1862 1147 circu-

64 1167 143 1207 lum
174 1166 325 1213 (motus
354 1165 543 1205 coelestis
569 1165 736 1213 lineam)
770 1165 1053 1205 dividentibus.
1116 1165 1172 1206 Ut
1203 1165 1305 1205 enim
1337 1178 1381 1205 se
1413 1165 1535 1205 habet
1555 1165 1662 1205 linea
1690 1165 1744 1205 ad
1769 1177 1862 1205 cor-

61 1237 136 1278 pus
168 1224 349 1271 solidum,
383 1223 443 1263 sic
474 1236 518 1263 se
550 1223 674 1264 habet
704 1224 994 1275 quodammodo
1025 1230 1158 1264 motus
1189 1225 1240 1263 ad
1273 1237 1416 1275 corpus
1448 1224 1669 1277 physicum.

183 1283 246 1324 De
292 1282 548 1331 „enarmonio
579 1282 824 1323 chromatico
857 1289 898 1322 et
930 1283 1162 1322 diatonico“
1207 1295 1325 1335 quum
1357 1295 1494 1333 parum
1527 1282 1644 1323 hodie
1675 1282 1863 1331 sciamus,

63 1353 138 1383 nee
168 1341 291 1382 ullum
323 1341 546 1392 exemplum
577 1340 773 1380 melodiae
806 1347 930 1391 extet,
964 1354 1013 1380 ex
1045 1354 1122 1394 quo
1152 1341 1367 1382 'discrimen
1399 1341 1539 1381 horum
1570 1354 1760 1393 generum
1785 1354 1863 1394 ap·-

59 1405 216 1453 Ριῗοοι,
249 1399 402 1440 frustra
430 1412 503 1439 nos
535 1399 674 1451 opinor
701 1400 896 1440 desudare
929 1400 1291 1451 comparationibus
1325 1413 1396 1452 per
1425 1413 1475 1440 ea
1504 1400 1777 1440 instituendis.

161 1459 243 1500 ‘Be
271 1456 435 1498 vocibus
466 1463 551 1507 „ut,
583 1471 639 1506 re,
673 1459 737 1506 mi,
772 1459 827 1506 fa,
858 1460 932 1507 sol,
969 1459 1035 1498 la“
1067 1459 1208 1499 eadem
1240 1459 1291 1498 ad
1314 1457 1534 1499 Calvisium
1567 1458 1723 1511 scripsi,
1756 1470 1858 1510 quae

0 1521 2 1523 ’
62 1518 128 1559 hie
160 1517 322 1570 >quaerit
358 1516 633 1558 Reinhardus·
684 1517 841 1557 scilicet
883 1517 1033 1557 aboknri
1074 1529 1218 1569 posse,
1265 1523 1307 1558 et
1336 1517 1422 1569 jam
1465 1517 1515 1558 de
1547 1519 1655 1558 facto
1686 1517 1861 1558 abolitas

0 1621 4 1631 ‚
39 1588 157 1619 ‘esse
188 1576 214 1617 7
246 1575 399 1617 literis:
431 1589 469 1624 3,
501 1576 538 1622 b,
573 1589 608 1620 c,
640 1577 678 1624 d,
713 1589 745 1624 e,
781 1577 809 1624 f,
841 1589 880 1628 g,
886 1577 911 1594 “
941 1577 976 1616 si
1008 1577 1125 1616 modo
1156 1576 1244 1629 quis
1276 1582 1487 1616 assuescat
1518 1576 1760 1616 nominibus:
1792 1589 1861 1625 ,‚a,

0 1632 597 1686 *‘be,‚„cedeeef‚ge.“
1266 1656 1270 1659 -

0 1708 1 1715 ¹
178 1692 531 1746 Comparationem
560 1693 663 1732 hanc
695 1693 954 1759 sphaerarum
985 1705 1074 1732 cum
1106 1693 1217 1732 sonis
1248 1692 1408 1733 musicis
1437 1693 1753 1733 Ptolemaeus
1784 1693 1862 1733 tri-

11 1752 137 1799 bas
167 1750 318 1793 ultimis
347 1751 546 1804 capitibus
579 1751 668 1791 libri
701 1751 809 1791 tertii
841 1751 1168 1792 Harmonices
1200 1752 1410 1804 complecti
1443 1752 1586 1800 voluit,
1619 1753 1692 1792 sed
1723 1751 1861 1792 titulos

12 1804 340 1853 tantummodo
373 1811 572 1863 capitibus
602 1811 800 1861 praefixit.
863 1811 1036 1850 Textum
1069 1809 1274 1862 Gregoras
1306 1811 1480 1858 addidit,
1514 1812 1585 1850 sed
1618 1811 1788 1851 alienum
1819 1816 1863 1850 et

0 1897 2 1912 s
60 1869 395 1922 impertinentem‚
428 1875 473 1908 ut
504 1869 754 1909 demonstrat
773 1869 1015 1909 Baarlamus
1047 1870 1276 1918 monachus
1310 1882 1425 1922 quem
1446 1870 1562 1909 verti.
1611 1870 1861 1910 Difficultate

0 1925 11 1992 J
62 1928 255 1969 materiae
283 1928 491 1968 'absterriti
520 1928 708 1980 progredi
738 1941 814 1967 non
846 1933 1076 1979 potuerunt.
1128 1929 1174 1968 In
1208 1927 1481 1980 Copernico
1513 1936 1606 1969 sunt
1636 1928 1767 1968 omnia
1787 1940 1861 1968 ex-

36 1986 378 2039 pedition.1n
411 1987 511 2026 libro
542 1987 597 2026 de
631 1987 800 2027 Stella
843 2000 929 2038 cap.
969 1984 1032 2027 16.
1077 1987 1255 2027 invenies
1299 2000 1439 2027 crassa
1467 1987 1653 2027 Minerva
1691 1999 1861 2039 propor-

0 2039 2 2121 J
46 2045 200 2087 tiones
220 2046 443 2086 celeritatis
479 2046 733 2097 planetarum
777 2046 814 2084 in
853 2045 1117 2086 mediocribus
1157 2046 1239 2085 suis
1284 2046 1490 2086 distantiis
1527 2061 1552 2086 a
1583 2046 1693 2087 Sole.
1754 2046 1862 2086 Nam

51 2101 89 2155 lj
117 2104 158 2144 in
189 2117 269 2144 una
307 2105 405 2144 hora
437 2104 611 2143 absolvit
647 2105 833 2144 milliaria
865 2102 977 2152 300,
1021 2104 1062 2153 'll
1091 2101 1202 2152 400,
1247 2111 1280 2150 <3¹
1314 2102 1424 2154 600,
1471 2107 1504 2154 ξ)
1539 2103 1648 2154 720,
1694 2104 1728 2152 Q
1760 2102 1862 2151 800,

0 2131 4 2190 J
60 2164 93 2214 Q
125 2160 248 2203 1000.
309 2163 437 2214 Igitur
466 2163 541 2202 hoc
571 2168 692 2214 pacto
723 2163 828 2202 iuter
857 2160 884 2213 ij
917 2169 958 2203 et
989 2162 1027 2211 Ἡ
1060 2169 1125 2203 est
1154 2167 1428 2215 διατεσσαρωτ
1458 2165 1663 2216 (quarta),
1696 2161 1724 2214 ij
1757 2169 1798 2203 et
1829 2168 1862 2208 d

0 2191 29 2284 J
60 2225 267 2262 διαπασων
310 2222 520 2268 (octaV,a)
565 2218 592 2269 B
625 2228 667 2260 et
699 2223 730 2270 ὁ
766 2225 947 2271 &carpum
984 2222 1118 2261 mollis
1163 2228 1207 2262 et
1242 2226 1444 2262 διαπασων
1486 2223 1628 2269 (tertia
1658 2223 1789 2262 mollis
1821 2229 1863 2260 et

0 2278 29 2327 J
61 2281 241 2327 octava),
272 2277 299 2329 15
331 2285 375 2318 et
406 2278 439 2326 Q
471 2279 695 2329 composita
725 2292 775 2318 ex
806 2287 922 2318 sexta
948 2281 1047 2318 dura
1079 2286 1120 2319 et
1150 2286 1269 2320 sexta
1300 2282 1420 2328 molli,
1454 2279 1480 2331 Β
1513 2287 1555 2320 et
1582 2283 1608 2331 Q
1640 2279 1863 2331 composita

0 2326 41 2388 J}
52 2350 112 2379 nx
141 2344 260 2378 e'exta
290 2339 389 2377 dura
419 2342 461 2376 et
492 2341 705 2384 διαπασωτ,
737 2337 777 2385 74
795 2343 838 2376 et
855 2343 888 2382 (ς
914 2342 1091 2378 &canens
1124 2339 1319 2390 (quinta),
1351 2339 1391 2405 2}
1412 2346 1454 2378 et
1474 2341 1508 2388 δ
1540 2339 1765 2389 ἀναρμοςος
1794 2334 1858 2391 ⁵s9,

0 2389 47 2492 J
36 2405 140 2443 mn
160 2402 304 2436 tamen
336 2395 497 2446 ἀμελης,
531 2401 596 2435 est
627 2396 730 2435 enim
761 2402 879 2435 sexta
912 2397 1042 2436 mollis
1076 2406 1116 2435 et
1148 2403 1265 2436 tonus
1298 2398 1437 2448 major,
1471 2398 1510 2446 74
1530 2404 1571 2436 et
1592 2397 1625 2445 Q
1645 2401 1858 2442 ὄιαπασων,

0 2505 27 2537 Ι
192 2457 219 2507 Q
250 2459 430 2506 daurom
461 2455 561 2494 dura
592 2460 635 2494 et
665 2457 878 2502 dianetum-r,
909 2460 943 2500 d
964 2461 1004 2494 et
1025 2457 1058 2503 δ
1080 2459 1260 2506 διατριων

27 2450 210 2565 ,ἐξοῃίῂ
256 2519 291 2560 <3¹
321 2520 364 2554 et
395 2513 427 2561 ῼ
460 2517 745 2580 ῥιατετταρων,
792 2518 826 2558 d
857 2520 898 2552 et
931 2515 958 2563 Q
996 2512 1037 2552 δι’
1071 2510 1113 2560 ἐξ
1145 2515 1255 2562 dura,
1314 2510 1784 2557 5——331

13 2567 173 2649 §im
203 2572 237 2621 9
269 2580 387 2612 tonus
417 2572 545 2611 minor
581 2568 679 2625 ⁹l,„‚
716 2573 748 2620 δ
781 2577 823 2611 et
854 2574 883 2621 Q
915 2576 1185 2623 διατεσσαρων
1215 2574 1256 2611 et
1338 2574 1438 2616 Ξ
1451 2597 1513 2631 Ξ
1596 2566 1847 2660 Ἱξρ

19 2630 204 2692 diesis,
246 2632 284 2672 h.
317 2644 352 2672 e.
395 2627 507 2683 ¹⁸l25,
553 2630 720 2682 denique
751 2630 856 2670 inter
889 2630 922 2678 ῼ
955 2636 996 2670 et
1026 2632 1055 2681 Q
1086 2638 1148 2670 est
1179 2635 1254 2670 διω
1534 2610 1559 2644 =

62 2702 179 2742 veum
187 2690 318 2730 dura.
381 2690 538 2737 Mirum,
574 2689 707 2728 omnia
737 2689 948 2728 intervalla
980 2702 1070 2728 esse
1096 2689 1253 2739 ἐμμελη,
1279 2683 1384 2756 Ξ
1785 2626 1821 2757 Ξ

63 2754 152 2789 σιω
180 2761 256 2788 nou
272 2748 490 2815 cogitarim
524 2722 572 2787 de
604 2748 766 2795 musica,
801 2748 957 2799 quaudo
989 2748 1080 2787 illos
1112 2761 1252 2788 nume·
1388 2751 1814 2809 *ἶ-ξᾈ

54 2815 132 2847 108
170 2807 405 2847 concinnavi
448 2807 486 2845 in
531 2806 630 2845 libro
674 2806 722 2844 de
767 2805 910 2845 Stella.
973 2806 1057 2845 Nec
1102 2807 1253 2846 mutavi

31 2863 296 2918 quiequam,
340 2865 416 2905 nisi
447 2864 642 2913 Telluris,
686 2864 751 2903 ubi
782 2877 853 2915 pro
887 2861 971 2904 740
1010 2865 1152 2916 scripsi
1197 2863 1294 2906 720.
1354 2866 1495 2918 Neque
1531 2873 1663 2906 tamen
1702 2869 1859 2909 excessi

39 2919 212 2969 Mtes
246 2924 392 2976 aphelii
435 2924 630 2970 Telluris,
675 2923 714 2962 in
753 2935 827 2974 quo
867 2923 1001 2964 Tellus
1038 2924 1161 2963 currit
1201 2924 1328 2964 minus
1373 2937 1490 2977 quam
1530 2924 1615 2966 720
1654 2927 1855 2969 milliaria.

54 2979 236 3029 ‘Belluris
274 2983 378 3022 enim
410 2987 540 3021 motus
572 2982 623 3020 ab
654 2982 810 3032 aphelio
847 2981 886 3020 in
914 2981 1149 3033 perihelium
1187 2982 1404 3023 intenditur
1444 2985 1563 3036 paulo
1595 2985 1723 3025 minus
1756 2986 1858 3026 diesi

0 2999 49 3095 J
54 3033 188 3092 1.'.²⁴l„
219 3040 373 3081 scilicet
409 3037 519 3095 ’Ἂν
582 3039 727 3080 Martis
758 3052 852 3080 vero
883 3045 1013 3080 motus
1043 3041 1224 3093 perfecta
1254 3047 1373 3082 sexta
1403 3043 1512 3083 molli
1538 3038 1582 3097 Ὗ,
1620 3043 1854 3086 intenditur.
