2028 3242
205 54 291 97 336
771 56 903 88 Literae
927 56 1064 97 Kepleri
1090 56 1290 99 aliorumque
1315 62 1449 90 mutuae

205 163 317 200 Haec
349 160 482 199 omnia
508 165 728 211 sequuntur
759 173 809 200 ex
840 161 914 200 hoc
947 160 1168 214 principio,
1214 162 1317 214 quod
1357 168 1401 202 tu
1433 163 1604 204 nondum
1635 164 1851 204 refutasti:
1896 178 1931 204 a·
1951 164 2015 204 die

206 218 421 271 significari
456 231 622 268 annum,
669 233 694 259 a
724 219 899 260 motibus
939 219 1094 260 scilicet
1126 221 1303 261 natalitii
1336 222 1435 262 coeli
1473 234 1544 274 per
1577 222 1682 264 diem
1719 235 1837 263 unum
1867 235 2016 276 perque

207 279 293 318 loca
325 278 516 317 thematis
550 277 822 318 characteritii
856 285 897 318 et
928 280 1126 320 natalitii..

322 337 414 376 Jam
447 337 498 376 ad
531 342 601 377 tua
633 344 883 389 argumenta.
946 339 1074 390 Nego,
1107 339 1306 391 respicere
1326 339 1514 390 planetas
1546 340 1718 382 orbitam
1738 340 1859 381 Solis.
1910 340 2015 380 Nam

206 409 274 447 per
307 395 493 436 accidens
527 397 582 443 fit,
616 400 665 436 ut‘
692 397 874 437 dividant
904 410 976 449 per
1008 398 1196 438 circuitus
1231 410 1322 437 suos
1357 397 1538 439 bifariam
1558 404 1716 450 partem
1736 399 1825 447 huc,
1857 404 2016 452 partem

206 456 297 496 illuc
330 470 354 494 a
387 454 495 495 Solis
529 456 685 495 semita.
750 457 837 496 Hoc
871 458 997 496 solum
1020 458 1223 506 affectant,
1259 463 1303 496 ut
1329 456 1434 497 circa
1467 463 1645 498 centrum
1674 459 1807 498 mundi
1827 464 2017 498 maneant

205 516 242 554 in
278 515 418 554 eodem
451 514 570 566 plano
605 516 673 562 (ne
706 521 746 555 te
781 515 1026 567 Copernicus
1060 517 1278 564 ofl'endat);
1311 515 1416 556 idem
1448 516 1518 557 Sol
1551 517 1660 566 facit,
1695 518 1799 558 alter
1830 517 1915 557 sine
1947 530 2014 557 re·-

204 580 344 626 spectu
377 574 556 613 alterius.
618 574 706 614 Hoc
741 587 834 614 vero
869 575 1064 615 facientes
1099 581 1284 628 uterque,
1320 573 1486 615 necesse
1519 582 1584 615 est
1610 575 1768 623 orbitas
1800 569 1871 624 aut
1901 575 2013 615 coin-

205 634 359 681 cidere,
408 639 477 672 aut
508 633 637 673 secari
682 633 834 673 duobus
867 634 1025 686 punctis
1058 634 1254 686 oppositis
1293 639 1335 679 et
1366 634 1566 676 bifariam.
1627 632 1890 676 Astronomia
1920 646 2015 674 vero

203 692 466 732 disertissime
509 692 710 741 affirmat,
757 693 863 732 nullo
907 697 1027 744 pacto
1061 693 1287 745 dispensari
1332 699 1462 733 motus
1505 694 1756 746 planetarum
1803 694 1853 734 ab
1885 693 2017 734 orbita

203 751 324 800 Solia
360 764 446 790 cum
479 751 589 802 leges
623 751 791 791 realium
825 757 1002 791 motuum
1034 752 1141 792 nullo
1174 757 1294 804 pacto
1320 753 1526 803 pendeant
1557 767 1581 793 a
1612 752 1720 794 Solis
1752 753 2014 794 revolutione.

203 812 306 851 Nam
341 823 440 862 quae
475 811 523 849 de
556 810 734 863 epicyclo
768 811 877 850 dicta
909 816 1002 850 sunt
1033 825 1057 850 a
1090 811 1309 860 veteribus,
1356 811 1550 851 tolluntur
1581 825 1606 852 a
1637 812 1823 866 Tychone
1856 814 1898 852 et
1930 810 2014 852 Co-

205 870 364 922 peruico
397 868 620 909 rationibus
654 869 810 922 opticis.
876 869 1060 910 Secundo
1093 870 1248 922 allegas
1281 870 1584 922 experientiam.
1647 871 1777 924 Nego,
1810 877 1852 911 te
1878 870 2011 911 since-

205 942 291 969 ram
334 941 453 980 posse
499 939 666 979 capere,
714 929 865 969 lubrica
897 934 983 976 est,
1030 929 1134 982 quod
1178 929 1275 977 tibi,
1315 941 1386 980 per
1416 935 1554 982 partes
1585 930 1824 983 proponenti
1854 929 2014 983 experi-

206 993 365 1035 menta,
411 987 633 1039 probarem.
699 988 833 1028 Tertio
879 989 1060 1040 confugis
1105 988 1156 1028 ad
1201 988 1494 1040 profectiones,
1538 1009 1614 1042 —‚
1638 989 1847 1030 ficulneum
1891 1001 2012 1041 argu-

204 1053 392 1087 mentum.
447 1046 579 1086 ‘Nihili
614 1052 676 1086 est
707 1047 922 1098 profectio,
971 1053 1011 1087 et
1044 1047 1077 1087 si
1123 1047 1215 1100 quid
1248 1052 1379 1095 esset,
1421 1048 1508 1100 jam
1540 1048 1649 1098 dixi,
1693 1053 1735 1089 te
1768 1048 1855 1089 falli
1886 1060 2013 1101 expe—

204 1107 355 1147 riundo.
419 1106 598 1158 Denique
633 1107 793 1154 nescio,
827 1107 919 1159 quid
953 1113 993 1147 te
1026 1108 1117 1159 polo
1151 1107 1347 1147 attulerit.
1411 1107 1583 1148 Primum
1617 1120 1694 1147 non
1728 1112 1823 1160 sunt
1853 1107 1959 1147 vires
1991 1120 2016 1146 a

203 1166 320 1219 polis.
386 1165 540 1204 Deinde
574 1165 760 1217 ecliptica
792 1179 868 1205 non
903 1173 966 1206 est
997 1166 1129 1206 media
1150 1166 1253 1206 inter
1274 1166 1388 1218 polos
1409 1167 1674 1218 planetarum,
1710 1178 1836 1219 aeque
1856 1165 2014 1206 distans

204 1226 254 1265 ab
287 1225 388 1273 illis,
425 1225 496 1263 sed
529 1223 667 1276 cuique
699 1225 888 1276 planetae
921 1239 1015 1265 suus
1047 1226 1175 1277 polus.
1239 1225 1375 1265 Tertio
1408 1238 1481 1266 nec
1502 1225 1691 1278 ecliptica
1727 1238 1852 1278 aeque
1886 1225 2015 1266 distat

204 1297 362 1335 semper
394 1284 443 1323 ab
476 1283 617 1322 iisdem
668 1285 828 1336 punctis
862 1285 1052 1333 fixarum;
1092 1285 1186 1324 olim
1219 1284 1323 1324 enim
1355 1285 1526 1336 majores
1562 1286 1670 1325 fuere
1705 1283 1971 1326 latitudines·

299 1343 542 1374 Fabricius:
584 1342 668 1375 Mire
694 1343 847 1384 placent,
882 1353 966 1386 quae
990 1345 1195 1386 geometrica
1219 1347 1253 1376 et
1277 1344 1404 1375 musica
1429 1343 1526 1376 affers
1552 1343 1594 1376 de
1619 1344 1828 1386 aspectibus,
1865 1353 1928 1376 nec
1953 1346 2014 1381 est,

205 1391 291 1433 quod
315 1391 378 1422 illis
404 1390 629 1423 contradicam
655 1389 714 1422 &a
1286 1390 1297 1400 ⁸

323 1439 589 1490 Keplerus:
642 1439 923 1478 Harmonicam
957 1438 1180 1478 doctrinam
1213 1438 1382 1490 recipis,
1424 1439 1505 1478 vim
1536 1438 1627 1478 inde
1660 1439 1892 1491 aspectibus
1923 1449 2014 1478 esse

205 1498 365 1550 probas.
432 1496 624 1545 Gaudeo,
673 1503 713 1537 te
746 1497 929 1538 hausisse
963 1498 1036 1537 hoc
1069 1498 1350 1550 pharmacum:
1408 1498 1525 1538 crede
1557 1497 1678 1547 mihi,
1723 1497 1762 1538 in
1795 1503 2012 1550 posterum,

207 1558 280 1597 nisi
311 1570 382 1609 per
414 1557 605 1596 vomitum
637 1557 886 1606 reddideris,
934 1557 997 1597 ubi
1033 1557 1276 1597 ventriculus
1309 1557 1351 1596 id
1383 1557 1636 1606 concoxerit,
1683 1556 1911 1609 aperientur
1941 1555 2015 1596 tibi

207 1618 243 1656 in
278 1616 566 1667 meteorologia
598 1616 742 1656 mentis
777 1616 905 1665 oculi,
953 1617 1069 1668 inque
1117 1616 1429 1664 „Fundamentis
1460 1616 1765 1668 Astrologiae“.
1829 1614 1874 1656 Si
1905 1615 2015 1668 prius

207 1676 384 1723 fecisses,
420 1682 528 1726 pute,
564 1676 691 1714 multa
726 1676 870 1715 fuisses
903 1676 965 1715 hic
997 1675 1368 1727 praetermissurus.

300 1735 539 1766 Fabricius:
583 1734 631 1765 Ex
657 1734 767 1766 divina
792 1734 996 1766 ordinatione
1022 1739 1114 1766 certa
1139 1733 1301 1775 quaedam
1325 1734 1400 1766 loca
1422 1733 1578 1775 aphetica
1592 1736 1670 1765 sunt
1693 1733 1727 1765 in
1750 1732 1899 1765 themate
1916 1733 2014 1769 bona,

207 1787 240 1814 et
265 1782 429 1824 quaedam
454 1781 551 1812 mala.
605 1781 671 1813 Sed
696 1782 855 1823 quomodo
882 1782 1022 1813 discerni
1048 1783 1208 1817 debeant,
1236 1791 1302 1812 non
1326 1782 1430 1813 video.
1481 1781 1661 1812 Multarum
1686 1781 1856 1823 genesium
1881 1788 2013 1821 compa—

207 1831 332 1861 ratione
358 1829 437 1860 illud
461 1829 688 1870 inquirendum
715 1833 748 1860 et
774 1829 1016 1860 decernendum
1042 1834 1140 1870 puto,-
1170 1833 1207 1861 ut
1233 1839 1271 1860 ex
1297 1828 1472 1870 apheticae
1497 1829 1625 1860 virtutis
1649 1826 1794 1866 naturali
1817 1827 1956 1859 termino
1980 1827 2015 1859 in

207 1877 313 1919 figura
358 1886 511 1907 numerus
557 1880 590 1907 et
630 1877 843 1908 interstitium
879 1886 989 1907 verum
1027 1877 1193 1908 domorum
1238 1877 1420 1917 inquiratur
1462 1874 1659 1917 (Keplemsz
1708 1874 1774 1907 Hic
1815 1878 1854 1906 tu
1898 1874 2014 1916 incipis

208 1926 279 1956 sine
304 1925 448 1959 ratione,
489 1923 623 1955 credens
648 1924 811 1955 conclusis
835 1927 981 1955 veterum
1014 1925 1084 1956 sine
1114 1924 1243 1955 ratione
1277 1923 1437 1958 collectis.
1475 1933 1542 1954 non
1567 1923 1720 1954 divinitus
1743 1919 1944 1964 inspiratis),
1976 1921 2016 1953 'in

209 1982 271 2013 quo
297 1972 391 2003 valde
416 1971 538 2007 laboro,
568 1975 601 2002 et
624 1975 662 2002 ut
686 1975 722 2002 tu
746 1981 872 2012 quoque
898 1971 1025 2003 labores
1051 1981 1139 2013 rogo.
1191 1970 1398 2002 Potissimam
1423 1970 1488 2001 vim
1512 1970 1598 2001 inter
1622 1970 1735 2001 domus
1766 1969 1872 2002 tribuo
1890 1968 2014 2014 angulo

208 2019 305 2050 medii
331 2018 431 2054 coeli,
466 2019 543 2059 quia
567 2018 621 2049 ille
645 2019 735 2049 locus
762 2028 906 2049 summus
932 2023 982 2050 est
1007 2019 1040 2050 in
1064 2018 1233 2050 horizonte
1259 2017 1384 2060 aliquo,
1418 2017 1610 2049 nobilitatus
1635 2026 1656 2049 a
1681 2016 1765 2049 Solis
1789 2017 1931 2049 maximo
1958 2024 2012 2048 cn.-

206 2067 283 2106 lore,
311 2070 345 2098 et
369 2066 562 2106 conspicuus
589 2069 639 2097 est
663 2067 816 2097 maxime.

325 2114 590 2165 Keplerus:
645 2113 838 2164 Proponis
871 2112 967 2160 tibi,
1002 2112 1220 2152 interstitia
1252 2112 1434 2152 domuum
1468 2116 1510 2151 et
1541 2111 1638 2151 loca·
1660 2110 1853 2151 thematis
1885 2109 2013 2162 aphe-

207 2174 288 2214 tica
319 2173 432 2212 novis
466 2172 660 2224 exemplis
692 2172 902 2223 inquirere.
966 2171 1142 2221 Invitas,
1191 2178 1234 2212 ut
1278 2177 1317 2212 te
1358 2172 1508 2223 juvem.
1570 2170 1661 2211 Non
1707 2169 1876 2217 faciam,
1922 2169 2015 2222 quia

207 2246 282 2273 nou
318 2233 449 2279 credo,
484 2232 587 2283 quod
621 2237 663 2271 tu
697 2231 944 2271 fundamenti
978 2232 1064 2271 loco
1091 2232 1235 2281 credis,
1271 2244 1359 2270 esse
1393 2231 1538 2283 aliqua.
1601 2229 1661 2269 Tu
1692 2229 1725 2269 si
1758 2229 2012 2269 harmonicen

208 2292 453 2339 concoxeris,
489 2303 609 2330 exues
643 2292 744 2330 hanc
777 2291 1069 2330 credulitatem.
1135 2291 1193 2330 Tu
1226 2291 1350 2339 enim,
1385 2289 1583 2330 conclusis
1614 2293 1795 2328 veterum
1826 2287 1911 2327 sine
1942 2299 2014 2327 ra-

206 2352 312 2391 tione
359 2350 539 2390 collectis
583 2350 752 2401 ideoque
791 2362 867 2389 non
908 2350 1099 2390 divinitus
1131 2349 1362 2401 inspiratis,
1409 2354 1544 2389 tamen
1575 2348 1726 2400 primus
1746 2347 1819 2387 ‘vis
1851 2346 2014 2387 credere

206 2411 290 2450 sine
323 2410 502 2456 ratione,
543 2409 636 2461 quia
668 2409 767 2448 dicis
800 2409 964 2457 „divina
995 2409 1219 2449 relatione“
1264 2409 1369 2448 haud
1402 2408 1518 2448 dubie
1550 2406 1647 2446 fieri.
1709 2405 1908 2446 Rationes
1940 2417 2014 2448 ve-

205 2476 333 2509 terum
367 2469 457 2509 vide
492 2469 528 2508 in
562 2469 795 2508 Ptolemaeo
829 2475 869 2508 et
902 2469 1004 2517 aliis,
1039 2474 1080 2508 et
1112 2481 1200 2507 cum
1233 2467 1474 2507 harmonicis
1506 2465 1669 2513 confer3
1704 2465 1799 2512 scio,
1835 2465 2012 2504 deseres.

206 2529 383 2568 Medium
415 2528 515 2567 coeli
547 2528 583 2567 in
618 2541 753 2579 regem
784 2527 912 2578 eligis,
947 2528 1049 2579 quod
1083 2528 1192 2566 calor
1218 2526 1325 2566 Solis
1358 2526 1413 2565 ibi
1445 2524 1655 2565 maximus.
1718 2522 1913 2564 Crassum
1945 2535 2014 2563 ar·-

206 2593 461 2639 gumentum3
506 2587 583 2626 imo
624 2588 723 2626 hora
749 2587 935 2636 ¹secunda
974 2587 1083 2626 calor
1124 2585 1264 2636 major.
1326 2583 1552 2624 Incidentia
1584 2582 1740 2634 quidem
1773 2582 2012 2622 rectissima.

205 2649 265 2686 At
299 2652 339 2686 et
372 2647 444 2685 hoc
479 2659 670 2686 crassum.
733 2645 974 2685 Harmonice
1007 2645 1091 2684 sic:
1132 2650 1243 2684 ortus
1270 2643 1437 2696 jacenti,
1471 2643 1528 2681 M.
1553 2640 1598 2682 C.
1633 2641 1760 2681 stanti
1792 2641 1941 2681 homini
1971 2646 2014 2680 et

206 2705 423 2744 ambulanti
458 2711 498 2744 et
529 2705 665 2757 agenti
697 2704 836 2744 simile.
1031 2740 1034 2742 .

299 2763 549 2795 Fabricius:
592 2763 694 2804 Cupio
730 2772 946 2804 cognoscere,
972 2771 1014 2793 an
1040 2765 1187 2799 statuas,
1215 2761 1413 2802 imaginaria
1445 2759 1503 2790 illa
1527 2762 1652 2799 puncta.
1677 2759 1819 2791 antiscia
1841 2757 1888 2790 M.
1917 2757 1954 2790 C.
1979 2761 2014 2790 et

207 2811 415 2842 ascendentis
431 2834 438 2847 ‚
475 2821 532 2851 per
566 2821 600 2842 se
638 2811 681 2842 ad
706 2809 753 2842 M.
781 2809 817 2841 C.
845 2814 878 2841 et
905 2809 1087 2840 ascendens
1113 2809 1239 2840 directa
1271 2809 1335 2838 vim
1360 2806 1525 2849 quandam
1549 2805 1694 2844 habere,
1731 2806 1859 2837 etiamsi
1882 2805 1919 2838 iu
1941 2805 2014 2837 istis

206 2859 416 2889 antisciorum
438 2858 518 2890 locis
543 2858 621 2889 nulli
646 2858 802 2899 planetae
829 2857 982 2892 existant,
1010 2855 1059 2887 vel
1085 2865 1127 2887 an
1152 2855 1308 2897 planetae
1331 2854 1396 2886 illic
1423 2853 1600 2885 existentes
1625 2853 1758 2894 maj0ris
1783 2853 1910 2884 virtutis
1934 2852 2011 2889 sint,

209 2914 281 2935 cum
307 2906 399 2946 quasi
426 2906 459 2935 in
485 2906 560 2946 ipsis
587 2906 715 2948 angulis
742 2913 813 2935 esse
839 2904 1067 2936 existimantur
1097 2903 1131 2934 in
1157 2900 1358 2934 directione?
1409 2898 1490 2940 (K.:
1526 2899 1602 2931 Non
1627 2901 1674 2932 sic
1698 2900 1743 2932 mi
1766 2898 1885 2932 homo!
1934 2898 2011 2931 Pla-

205 2956 305 2983 netae
331 2953 504 2983 antiscium
530 2962 595 2984 non
621 2956 774 2994 operatur
797 2951 860 2983 nisi
885 2951 929 2982 ad
955 2950 1103 2982 cardines
1127 2947 1267 2988 mundi.)

324 2999 587 3049 Keplerus:
632 3000 693 3038 De
733 2998 914 3038 antisciis
952 3010 1014 3037 me
1055 3010 1133 3037 non
1171 2995 1406 3048 percepisti,
1446 2995 1575 3034 dicam
1614 2994 1774 3034 clarius.
1825 2992 2012 3033 Antiscia

206 3056 303 3097 nihil
340 3057 577 3110 promittunt
617 3058 701 3098 Soli
739 3058 803 3096 vel
844 3058 1006 3105 Lunae,
1051 3056 1122 3097 sed
1166 3060 1319 3095 tantum
1361 3053 1593 3094 ascendenti
1631 3056 1673 3092 et
1708 3053 1766 3093 M.
1801 3050 1848 3093 C.
1882 3050 2010 3104 signi-
