2028 3242
130 98 216 141 318
693 100 828 131 Literae
853 99 989 141 Kepleri
1019 99 1222 141 aliorumque
1246 104 1382 133 mutuae

128 205 227 245 haec
258 203 365 243 vires
402 202 534 243 nullas
567 203 633 250 (ut
663 202 845 255 eclipsis)
879 203 1016 244 habet.
1080 204 1223 257 Itaque
1268 204 1573 257 significationis
1614 206 1852 258 principium
1897 205 1936 246 in

128 261 415 314 imaginatione
448 262 638 302 consistit
670 262 840 313 animae,
874 263 939 303 vel
974 263 1196 304 animarum
1216 263 1502 314 sublunarium‚
1534 265 1633 306 locis
1663 265 1712 306 iis
1745 264 1937 316 alligata·-

128 334 225 370 rum,
254 321 321 361 ubi
355 321 536 361 defectus
570 321 755 362 cernitur.

224 380 463 418 Fabricius;
501 379 731 412 Revolutio
757 380 960 412 Vernalis
985 380 1087 413 habet
1113 381 1256 422 aliquam
1282 381 1581 424 significationem3
1620 386 1672 415 est
1697 383 1785 415 enim
1808 382 1863 414 ille
1887 382 1938 414 iu-

130 428 244 459 troitus
264 426 349 459 Solis
373 429 408 459 in
433 429 571 469 primum
596 432 755 469 punctum
780 427 814 469 Τ
842 429 935 470 quasi
959 428 1090 471 genesis
1116 428 1280 470 quaedam
1305 429 1404 460 totius
1423 430 1522 467 anni,
1549 433 1583 461 et
1607 428 1697 463 haud
1716 429 1812 462 dubio
1845 430 1940 461 initio

128 475 241 506 mundi
259 474 314 507 Sol
339 475 418 507 illud
442 476 636 517 principium
653 476 794 507 obtinuit
811 480 845 508 et
861 476 954 517 quasi
972 476 1117 507 radicem
1134 476 1250 507 habuit
1274 477 1323 508 sui
1341 480 1460 508 motus.
1511 475 1608 516 Quod
1626 477 1720 509 multi
1738 486 1779 509 ex
1796 477 1938 518 aspecti-

128 523 186 554 bus
210 522 366 554 thematis
390 523 565 554 introitalis
590 523 782 565 generalem
806 523 974 565 quandam
998 523 1220 555 conditionem
1246 524 1346 561 anni,
1373 524 1502 566 frugum
1528 523 1588 556 dte.
1616 524 1842 565 constituunt,
1873 533 1941 576 non
1965 556 1971 562 ,

126 570 236 611 probo
263 570 322 601 sed
346 570 477 612 singula
500 570 576 602 loca
599 570 735 613 singulis
760 571 960 612 temporibus
985 570 1192 612 inspicienda
1217 580 1288 603 esse
1314 576 1392 613 puto
1419 570 1479 603 dte.
1507 570 1568 604 dte.

247 618 523 670 Keplerus:
570 619 722 658 Thema
753 618 1012 658 revolutionis
1043 618 1196 667 mundi,
1240 624 1284 658 ut
1326 619 1444 671 plane
1489 619 1609 659 claris
1641 617 1776 658 verbis
1806 631 1936 659 meam

129 677 372 716 sententiam
416 677 565 726 dicam,
613 677 832 731 sisyphium
873 682 969 730 puto
1007 677 1182 728 lapidem
1221 690 1292 729 pro
1325 678 1602 718 excruciandis
1642 679 1937 730 astrologorum

136 736 318 787 ingeniis,
353 748 429 788 quo
462 736 560 776 nihil
591 737 806 788 proficitur.
869 735 962 775 Etsi
994 736 1098 775 enim
1119 737 1391 786 concederem,
1426 738 1617 778 mundum
1636 737 1675 777 in
1697 735 1758 778 0⁰
1788 736 1835 788 'Y‘
1867 749 1940 777 ex-

129 794 272 843 titisse,
308 795 401 847 quid
434 796 507 836 hoc
529 796 579 835 ad
599 801 769 847 pestem,
802 795 950 835 bellum
983 795 1089 834 διαί)
1153 793 1260 841 Quid
1281 796 1349 835 fiet
1369 796 1627 844 australibus,
1663 795 1758 848 quid
1784 809 1938 849 aequa-

129 854 228 894 toris
259 853 421 903 incolis,
468 855 610 907 quibus
648 860 743 894 tunc
777 854 943 894 aestas?
1005 853 1123 893 Anne
1161 860 1302 894 nostra
1338 855 1468 907 pestis
1513 855 1647 895 mundi
1679 854 1807 907 pestis
1841 854 1938 895 est?

130 914 245 953 Anne
270 925 343 965 per
374 914 573 954 hominem
604 914 730 966 ipsius
764 914 912 953 Terrae
943 913 1127 964 jugulum
1158 913 1198 952 in
1231 914 1336 954 bello
1369 914 1453 966 peti
1483 914 1647 966 potest?
1679 913 1734 954 Et
1767 914 1940 966 quando,

129 985 295 1024 quaes0,
330 972 612 1012 universaliter
645 974 782 1025 fruges
816 977 902 1025 toto
936 972 1150 1012 Terrarum
1189 972 1283 1012 orbe
1323 973 1587 1013 defecerunt?
1648 973 1735 1013 Hoc
1767 985 1870 1013 anno
1903 973 1942 1013 in

128 1032 311 1071 Lovonia
354 1032 498 1072 messis
543 1032 711 1081 interiit,
758 1044 953 1084 oppressa
997 1032 1086 1071 nive
1135 1031 1351 1083 bellisque;
1397 1032 1435 1072 in
1480 1032 1677 1072 Bohemia
1713 1032 1811 1072 uber
1853 1032 1940 1073 fuit.

131 1091 350 1131 Vindemia
381 1090 420 1130 in
452 1091 595 1131 Rheno
628 1090 786 1142 exigua,
821 1091 942 1131 Nicro
964 1091 1084 1138 nulla,
1125 1090 1298 1130 Austria
1316 1091 1507 1143 maligna,
1538 1090 1785 1132 vicinissima
1803 1090 1943 1145 styria

130 1150 292 1203 copiosa
330 1154 372 1189 et
405 1150 632 1191 laudabilis.
698 1149 884 1190 Concede
912 1150 1020 1201 jam,
1066 1162 1157 1189 esse
1190 1150 1340 1190 Terrae
1375 1163 1489 1197 suam
1528 1150 1715 1203 genesin,
1763 1151 1852 1190 loca
1883 1163 1940 1191 sc.

129 1210 379 1262 planetarum
412 1215 592 1262 tempore
614 1209 830 1250 creationis
840 1222 852 1257 3
884 1209 989 1256 vide,
1024 1209 1118 1260 quid
1139 1214 1342 1261 sequatur.
1407 1209 1684 1249 Profectiones
1710 1214 1805 1249 tuae
1825 1204 1944 1249 erunt

130 1268 402 1309 instituendae
443 1269 494 1308 ad
526 1262 655 1309 locum
686 1270 941 1321 planetarum
974 1267 1142 1316 radicis,·
1188 1274 1276 1317 aut,
1329 1269 1363 1309 si
1402 1268 1506 1309 hunc
1538 1269 1716 1308 laborem
1747 1269 1871 1308 etiam
1901 1269 1942 1308 in

129 1329 325 1368 humanae
357 1329 518 1380 genesis
551 1328 729 1368 themate
763 1327 906 1374 sumis,
940 1333 984 1367 ut
1016 1332 1057 1367 et
1087 1327 1372 1376 revolutionis,
1406 1332 1598 1381 tanquam
1630 1327 1796 1376 radicis,
1841 1340 1940 1380 pro-7

131 1387 324 1427 sectiones
356 1387 546 1427 instituas
573 1388 662 1439 jam
694 1387 768 1427 tibi
800 1391 864 1427 est
895 1383 1063 1426 confusa
1094 1386 1198 1426 ratio
1239 1386 1530 1438 experientiae,
1586 1386 1679 1438 quia
1709 1386 1811 1426 duae
1841 1398 1939 1439 pro—

131 1446 345 1486 fectionum
380 1447 516 1495 series,
551 1447 793 1499 insuperque
827 1450 1015 1498 aspectus
1048 1451 1300 1486 concurrunt.
1363 1446 1531 1490 Nitetur
1568 1445 1707 1498 itaque
1738 1445 1942 1497 negotium

131 1505 351 1545 nudissima
396 1506 591 1558 opinione.
656 1505 739 1546 Sed
782 1511 826 1546 tu
863 1509 1002 1557 putas,
1049 1505 1217 1557 singulis
1250 1504 1385 1554 annis,
1432 1504 1528 1545 Sole
1565 1504 1605 1544 in
1637 1502 1697 1545 0⁰
1726 1503 1775 1554 ‘Y'
1805 1509 1938 1554 eunte,

131 1577 274 1604 novam
315 1577 405 1604 esse
437 1566 601 1617 genesin
636 1565 741 1605 anni.
806 1563 912 1610 Quid
946 1575 1041 1615 ergo
1079 1564 1258 1604 nascitur
1289 1577 1335 1603 eo
1368 1563 1599 1604 momento?
1662 1562 1763 1604 Cum
1795 1564 1939 1603 homo

132 1624 325 1672 nascitur,
361 1623 454 1676 quid
487 1624 840 1664 nascatur‘video.
905 1623 1054 1662 Vivere
1086 1635 1137 1662 ex
1169 1636 1211 1663 se
1250 1623 1337 1674 ipso
1371 1623 1527 1675 incipit,
1575 1628 1697 1663 antea
1728 1635 1779 1662 ex
1809 1627 1939 1663 matre

131 1683 307 1723 vivebat.
371 1682 482 1723 Mhil
519 1683 602 1723 tale
646 1684 685 1723 in
719 1696 851 1723 annua
884 1682 1168 1723 foecunditate.
1233 1682 1336 1722 Nam
1369 1683 1505 1722 multis
1545 1681 1644 1722 locis
1676 1682 1939 1738 ante'fruges

131 1802 252 1841 infert
284 1806 326 1840 et
358 1815 401 1841 se
435 1814 522 1841 cum
543 1800 637 1841 Sole
670 1801 790 1841 tollit.
852 1800 1002 1852 Aliqua
1034 1800 1106 1840 tibi
1141 1800 1328 1848 conced0‚
1365 1801 1436 1840 sed
1460 1801 1531 1840 illa
1556 1801 1607 1840 ad
1633 1804 1823 1852 aspectus
1843 1811 1938 1852 per-

132 1861 282 1908 tinent3
316 1860 473 1900 scilicet
504 1860 538 1900 si
568 1858 615 1911 b,
650 1861 683 1900 si
715 1860 776 1908 Ἃ,
806 1860 840 1899 si
872 1864 905 1905 ὁ·
936 1859 975 1899 in
1009 1860 1062 1908 ὅ,
1095 1859 1308 1911 praecipue
1341 1864 1391 1907 (ς,
1439 1860 1554 1899 tarde
1587 1873 1612 1899 a
1643 1858 1739 1899 Sole
1771 1871 1940 1911 separa-

132 1920 239 1959 bitur
272 1920 497 1972 efficietque
531 1920 680 1960 siccum
713 1925 756 1959 et
788 1919 989 1959 aestivum
1021 1931 1104 1957 ver.
1169 1918 1293 1957 Tuam
1316 1924 1449 1958 autem
1481 1919 1567 1970 ipse
1595 1918 1742 1958 evertis
1773 1930 1939 1970 perma—

133 1983 290 2018 nentem
332 1979 414 2018 vim
452 1979 664 2028 thematis,
710 1978 999 2018 revolutionem
1029 1977 1116 2028 ipse
1156 1977 1343 2026 damnas,
1390 1982 1430 2016 et
1462 1983 1596 2017 tamen
1633 1977 1693 2016 ita'
1725 1976 1939 2029 scripsisti,

133 2050 179 2078 ac
212 2037 246 2077 si
277 2044 554 2089 permaneret:
601 2038 660 2078 ita
692 2037 916 2077 ascendens
949 2035 1209 2076 revolutionis
1242 2036 1315 2075 tibi
1348 2036 1400 2075 ad
1431 2037 1521 2076 loca
1550 2036 1802 2088 planetarum
1833 2041 1938 2075 tem-

132 2109 228 2148 pore
261 2097 448 2136 introitus
483 2097 634 2144 (cernis
666 2095 942 2149 permanentia
980 2096 1069 2135 loca
1100 2094 1310 2143 introitus)
1343 2095 1621 2147 proficiscitur.
1685 2093 1803 2141 Quod
1843 2106 1939 2134 vero

134 2161 175 2195 et
205 2155 465 2208 particularia
498 2156 632 2205 addis,
668 2156 858 2208 optimum
892 2167 989 2194 sane
1021 2154 1135 2206 piper
1167 2154 1353 2203 adhibes,
1388 2155 1460 2194 sed
1491 2155 1590 2195 illud
1619 2154 1730 2207 prius
1761 2153 1938 2194 miscen-

134 2216 226 2255 dum
259 2215 356 2264 erit3
402 2215 532 2268 qualis
565 2215 686 2267 igitur
717 2215 808 2262 fiet,
851 2227 945 2262 oro,
980 2213 1183 2253 mixtura?
1244 2213 1376 2253 Multa
1407 2213 1674 2266 repugnantia
1703 2213 1744 2253 iu
1775 2213 1940 2254 ferendo

129 2274 301 2326 judicio,
348 2274 597 2326 experientia
630 2275 756 2314 omnis
790 2273 944 2313 abolita-
988 2278 1029 2312 et
1071 2273 1160 2324 plus
1194 2285 1313 2325 quam
1345 2273 1530 2321 confusa,
1577 2273 1682 2326 quod
1713 2284 1830 2312 ame
1863 2271 1940 2312 dici

136 2346 255 2385 aegre
288 2334 390 2374 alias
425 2334 519 2374 fers.
583 2334 753 2375 Perinde
787 2338 863 2381 est,
898 2345 945 2371 ac
978 2332 1012 2371 si
1045 2332 1214 2380 diceres,
1247 2338 1288 2371 te
1310 2344 1405 2372 vera
1436 2337 1478 2372 et
1504 2332 1609 2372 falsa
1627 2332 1731 2372 velle
1743 2331 1958 2386 miscere„

134 2393 274 2445 quodsi
305 2406 402 2433 vera
433 2394 609 2439 vincant,
643 2406 739 2433 vera
771 2393 983 2440 dicturum,
1018 2392 1052 2430 si
1084 2391 1191 2431 falsa
1224 2411 1279 2418 ——
1312 2391 1429 2431 falsa.

227 2464 474 2497 Fabricius:
511 2465 561 2496 Tu
585 2468 701 2506 putas,
739 2462 1055 2504 experientiam
1079 2462 1114 2493 in
1139 2461 1414 2504 astrologicis
1452 2470 1524 2492 esse
1549 2460 1772 2492 confusam
1810 2463 1846 2492 et
1870 2459 1935 2492 for-

134 2512 254 2543 tuitam
278 2512 402 2553 potius,
438 2522 536 2553 quam
562 2521 683 2544 veram.
733 2511 817 2542 Puto
844 2514 973 2547 autem,
1008 2510 1052 2540 mi
1085 2509 1210 2541 erudite
1235 2509 1397 2550 Keplere,
1434 2508 1668 2549 experientiam
1692 2507 1783 2540 illam
1805 2508 1939 2539 minime

135 2560 303 2590 fortuitam
329 2569 411 2598 esse,
439 2560 498 2591 sed
523 2564 616 2592 certa
640 2559 769 2590 ratione
796 2557 1059 2598 cor-respondere,
1086 2560 1122 2588 ut
1148 2560 1286 2598 apparet
1309 2557 1344 2588 in
1369 2556 1562 2598 genesibus,
1586 2556 1621 2586 in
1646 2555 1761 2596 quibus
1786 2555 1937 2596 planeta-

134 2616 206 2637 rum
232 2607 308 2638 loca
331 2616 389 2647 per
415 2611 540 2639 certam
567 2607 827 2638 observationem
853 2605 988 2646 cognita
1012 2603 1175 2636 habentur
1178 2624 1330 2635 .....
1369 2603 1466 2635 Licet
1488 2612 1554 2634 non
1577 2611 1706 2643 semper
1731 2606 1820 2635 certo
1843 2611 1939 2644 prae-

135 2653 242 2685 dicere
267 2655 426 2695 possimus
453 2659 599 2691 eventus,
627 2663 731 2685 causa
755 2656 816 2690 est,
849 2652 934 2694 quod
961 2650 1160 2693 astrologum
1185 2661 1250 2683 non
1275 2654 1406 2683 tantum
1430 2653 1521 2682 astra
1546 2650 1753 2683 considerare
1778 2653 1940 2692 oporteat,

133 2701 191 2732 sed
218 2705 251 2733 et
276 2702 544 2734 constitutionem
569 2701 708 2742 subjecti
733 2699 791 2732 &a

252 2749 518 2800 Keplerus:
554 2749 610 2789 Ut
641 2761 777 2800 neges,
811 2745 1098 2798 experientiam
1129 2745 1168 2785 in
1190 2743 1442 2796 astrologicis
1476 2757 1565 2784 esse
1586 2744 1804 2793 confusam,
1838 2755 1936 2783 con-

135 2814 199 2847 tra
231 2807 396 2859 opponis
429 2809 630 2860 exempla,
675 2807 742 2847 ubi
775 2810 941 2846 eventus
973 2809 1086 2844 certa
1116 2804 1272 2844 ratione
1313 2803 1624 2855 correspondere
1656 2803 1716 2844 ais
1743 2802 1935 2844 directio-

136 2865 265 2914 nibus,
299 2866 614 2918 profectionibus
647 2871 689 2906 et
719 2864 971 2906 transitibus.
1034 2862 1128 2903 Jam
1167 2862 1305 2903 statim
1345 2866 1384 2901 te
1416 2862 1632 2914 prodidisti
1664 2875 1800 2912 sorex,
1846 2861 1938 2900 dum

136 2924 269 2964 omnia
300 2925 379 2965 tria
410 2930 630 2977 computas.
696 2924 841 2966 Certus
868 2935 967 2970 sum,
999 2921 1096 2962 nihil
1127 2921 1167 2961 in
1200 2921 1386 2960 universa
1413 2921 1497 2961 vita
1529 2921 1699 2961 maxime
1733 2921 1937 2961 fortuitum
1996 2963 2002 2967 ,

138 2983 295 3023 evenire
329 2996 461 3035 posse,
497 2985 601 3036 quod
627 2997 704 3024 non
736 2984 799 3023 vel
830 2981 932 3030 huic,
966 2982 1030 3021 vel
1049 2981 1120 3029 illi,
1155 2980 1220 3020 vel
1238 2979 1358 3019 tertio
1385 2993 1475 3019 sese
1504 2980 1692 3033 applicet,
1727 2980 1819 3033 quia
1838 2979 1938 3020 haec

136 3041 216 3081 tria
247 3042 538 3082 multitudinem
573 3043 771 3093 quandam
803 3052 1012 3081 causarum
1045 3043 1248 3080 acervant.
1311 3038 1366 3078 Et
1409 3043 1542 3078 tamen
1581 3039 1620 3079 in
1653 3043 1768 3079 tanta
1799 3037 1938 3078 multi-

136 3099 273 3141 tudine
306 3106 501 3153 superest,
537 3101 640 3153 quod
662 3101 860 3154 excipias:
894 3111 972 3139 non
993 3110 1149 3151 semper
1167 3097 1344 3153 praedici
1363 3109 1498 3150 posse,
1529 3098 1802 3152 rationemque
1822 3097 1937 3150 hujus
