2028 3242
121 66 208 112 664
805 70 844 102 In
870 69 980 112 Opera
1005 71 1214 114 Astrologica

120 188 215 212 anno
239 176 351 213 1580.
385 174 528 212 cometa
556 176 729 212 contrarii
756 180 875 212 motus
904 178 1055 213 obortus
1092 179 1162 213 fine
1192 191 1282 215 suae
1311 178 1514 215 durationis
1541 189 1686 215 cursum
1712 176 1926 220 mutaverit,

119 243 167 266 ex
195 230 412 276 retrogrado
443 230 561 265 factus
579 229 761 265 directus.
803 229 924 276 Igitur
950 241 1009 265 res
1033 230 1123 266 ,illas
1155 233 1203 267 ab
1233 243 1328 268 anno
1361 232 1473 268 1580.
1502 232 1684 268 recisuras
1715 231 1751 266 in
1781 235 1926 266 eontra-

117 283 220 324 rium,
251 283 394 329 quando
415 282 496 328 jam
524 282 743 328 expiratura
771 282 845 317 sint
865 287 1028 318 cometae
1058 284 1268 331 significata
1312 285 1408 329 (esto
1437 289 1479 320 ut
1501 285 1570 320 hoc
1597 285 1646 320 sit
1675 295 1771 320 anno
1797 281 1926 326 1604),

119 337 275 371 alteram
302 347 444 382 quoque
473 335 714 371 mutationem
743 340 975 381 experturas,
1006 348 1218 383 rursumque
1248 339 1409 375 futurum
1429 337 1475 380 id,
1507 339 1600 384 quod
1621 338 1668 373 ab
1692 348 1788 373 anno
1812 336 1925 373 1556.

120 393 305 435 coeperat.
851 397 855 399 ’
1541 430 1545 434 ¹
1860 426 1863 429 ¹

236 441 339 477 Nihil
367 441 485 476 dicam
512 443 556 476 de
585 453 652 483 eo,
683 443 777 487 quod
807 446 971 477 cometae
1000 447 1138 484 metm,
1171 443 1233 489 qui
1262 455 1357 479 anno
1391 445 1502 481 1580.
1533 444 1655 486 fulsit,
1694 455 1734 486 se
1762 442 1843 489 ipso
1871 454 1928 477 re-

121 497 318 542 trogradus
347 506 419 530 non
447 494 568 537 fuerit,
600 496 664 529 sed
692 494 1001 540 simplicissimus:
1031 496 1130 531 linea
1158 497 1393 542 trajectoria,
1424 509 1520 544 quae
1549 497 1647 532 solet
1673 507 1755 532 esse
1783 506 1929 543 parum-

120 560 187 593 per
215 551 372 584 arcuata
394 574 401 582 .
425 574 432 583 .
456 574 463 582 .
485 548 622 583 Terrae
650 549 777 594 itaque
805 552 924 583 motus
954 548 1006 583 illi
1036 548 1246 585 conciliavit
1273 551 1370 586 hanc
1398 551 1556 597 speciem
1581 548 1931 596 retrogradationis.

240 602 376 636 Verum
405 600 498 636 istas
527 601 696 647 argutias
726 613 797 635 non
828 601 900 636 fert
928 602 1021 636 haec
1061 602 1239 637 mantice:
1281 609 1320 638 et
1361 605 1444 651 quid
1485 603 1607 639 verbis
1649 604 1771 648 opus?
1817 601 1930 641 Vicit,

120 655 209 690 vicit
227 654 374 701 inquam
393 653 556 689 Roeslini
577 654 861 700 argumentatio,
885 665 953 699 quo
974 654 1093 700 magis
1114 655 1213 690 illam
1233 656 1352 692 miror.
1380 657 1556 692 Nimirum
1575 656 1631 691 uti
1647 656 1742 692 haec
1762 653 1934 701 prodigia

121 712 207 744 sunt
235 711 345 743 extra
373 707 556 748 ordinem,
587 707 638 742 sic
667 706 929 752 interpretibus
959 718 1102 753 quoque
1133 719 1224 754 opus
1253 710 1418 752 habent,
1459 709 1636 756 peculiari
1671 719 1739 744 nee
1767 707 1931 743 omnibus

120 761 227 797 obvio
254 760 445 796 utentibus
473 760 666 800 instinctu;
697 771 764 794 nec
793 759 904 794 aliter
931 759 1176 805 explicantur,
1208 762 1275 797 nisi
1305 762 1520 810 prodigiosa
1548 761 1676 798 mentis
1707 760 1929 808 agitatione.

122 814 216 855 Quid
244 813 398 849 multis?
446 813 643 847 Confuudit
670 813 772 847 Deus
813 812 1031 848 artificiosas
1060 814 1229 860 argutias
1259 827 1402 857 eorum,
1442 815 1503 862 qui
1531 814 1648 850 inflati
1675 812 1832 850 scientia
1857 823 1933 848 ma·

120 868 258 914 gistros
287 877 369 901 sese
398 866 637 912 profitentur,
679 866 858 912 eligitque
888 865 955 900 sibi
985 877 1050 910 pro
1079 866 1329 903 instrumentis
1359 880 1445 910 eos,
1488 867 1550 915 qui
1585 868 1645 904 vel
1683 870 1805 914 mente
1833 865 1933 912 capti

121 921 179 955 vel
209 919 391 965 simplices
421 923 507 954 sunt
534 918 729 954 manifeste
760 918 934 964 (plurima
954 919 1089 964 quippe
1109 920 1285 956 vaticinia
1304 922 1352 956 ab
1372 921 1577 966 hujusmodi
1597 920 1803 956 hominibus
1822 918 1933 955 etiam

122 977 246 1009 nostro
286 973 410 1007 seculo
446 968 708 1016 proveniunt),
751 972 808 1006 vel
850 971 1063 1006 inconnexis
1105 973 1203 1008 hisce
1233 979 1272 1008 et
1300 985 1421 1010 coram
1448 975 1612 1010 humana
1637 973 1782 1009 ratione
1811 971 1934 1008 stultis

124 1025 507 1073 argumentationibus
537 1025 731 1071 indulgent
760 1025 908 1060 creduli.
966 1025 1095 1071 Itaque
1124 1026 1194 1061 etsi
1224 1027 1389 1062 Roeslini
1424 1026 1698 1074 argumentatio
1727 1025 1819 1062 nihil
1845 1036 1930 1061 eon-

122 1079 245 1122 cludit,
277 1090 440 1125 agnosco
468 1083 592 1114 tamen
621 1078 778 1113 divinam
807 1078 992 1124 virgulam
1020 1078 1058 1112 in
1086 1078 1166 1123 ejus
1195 1079 1263 1114 viri
1292 1080 1488 1115 vaticiniis.
1528 1079 1678 1116 Dixeris
1698 1080 1833 1126 glebas
1851 1078 1934 1125 plu·

122 1134 249 1169 rimum
277 1133 419 1179 quidem
450 1142 587 1167 arenae
616 1131 869 1172 continentes,
914 1131 1063 1166 confuso
1093 1136 1216 1167 tamen
1245 1133 1380 1168 alicubi
1410 1144 1511 1169 auro.
1567 1134 1618 1169 Et
1645 1132 1701 1168 ita
1728 1131 1836 1168 moris
1865 1135 1936 1170 est,

123 1187 183 1233 qui
215 1197 305 1222 auro
337 1185 477 1226 inhiat,
518 1186 615 1220 hunc
647 1185 778 1231 pigere
811 1196 882 1219 non
914 1184 1024 1218 debet
1056 1187 1265 1230 egerendae
1298 1190 1422 1222 terrae
1452 1186 1599 1222 immani
1630 1185 1786 1221 cumulo.
1824 1184 1826 1187 '
1860 1184 1938 1220 Nec

122 1251 252 1280 moror,
285 1238 499 1275 Roeslinum
531 1250 579 1274 ex
611 1239 743 1272 affectu
778 1249 920 1284 quoque
952 1237 1063 1283 loqui,
1093 1243 1135 1273 ut-
1160 1250 1238 1274 cum
1266 1251 1361 1275 anno
1386 1240 1497 1276 1596.
1519 1239 1675 1275 nondum
1706 1237 1801 1274 talia
1823 1236 1936 1273 conti·

123 1294 279 1340 gissent,
313 1302 408 1338 quae
440 1292 511 1337 ipsi
541 1292 768 1336 placebant.
803 1290 946 1325 distulit
978 1291 1294 1336 exspectationem
1327 1297 1367 1328 et
1402 1293 1504 1328 illam
1537 1303 1640 1328 suam
1671 1291 1936 1338 catastrophen

126 1348 161 1382 in
190 1357 324 1382 annum
348 1346 460 1380 1604.
517 1344 606 1379 Dixi
634 1343 770 1390 quippe
797 1347 968 1378 naturam
995 1354 1087 1384 eam,
1120 1355 1214 1390 quae
1241 1346 1413 1392 prodigia
1437 1345 1542 1381 nobis
1571 1349 1745 1392 procurat
1769 1354 1937 1391 quaeque

124 1399 263 1436 somnia
291 1397 464 1438 immittit,
495 1397 732 1442 conceptibus
753 1395 807 1431 uti
827 1396 995 1431 humanis
1018 1395 1184 1442 (quorum
1203 1398 1379 1443 plurimos
1398 1398 1504 1434 nobis
1529 1399 1692 1446 gignunt
1717 1397 1830 1437 etiam
1848 1401 1938 1433 vota

121 1449 268 1497 nostra)
301 1452 381 1486 loco
413 1450 615 1491 literarum,
650 1460 740 1496 quas
775 1448 980 1484 admirabili
1012 1454 1092 1484 arte
1125 1451 1170 1485 ad
1201 1451 1379 1495 placitam
1410 1451 1632 1487 sententiam
1661 1447 1935 1496 exprimendam

124 1505 282 1552 colligat
313 1509 352 1539 et
383 1508 590 1549 componat.
1823 1549 1826 1551 Δ
1893 1548 1895 1551 v

241 1556 303 1589 His
330 1555 494 1598 Keplerus
519 1555 623 1588 latine
650 1554 743 1587 addit
768 1563 818 1594 ea,
853 1563 937 1596 quae
963 1553 1137 1586 Roeslinus
1163 1555 1197 1587 iu
1216 1554 1329 1588 <libello
1355 1556 1396 1588 de
1421 1565 1509 1588 nova
1532 1555 1630 1589 stella
1652 1554 1842 1598 germanico
1865 1564 1938 1596 pro-

130 1612 192 1643 fert
217 1619 376 1643 sermone.
427 1608 557 1641 Deinde
583 1608 709 1650 pergit:
737 1602 945 1647 Scripserat
970 1603 1063 1638 haec
1092 1604 1165 1648 Ἃ..
1189 1604 1268 1639 Oct.
1297 1604 1334 1639 in
1353 1605 1514 1646 Alsatia,
1543 1615 1623 1640 cum
1652 1615 1736 1638 ecce
1761 1602 1939 1649 postridie

124 1659 243 1705 prima
269 1663 307 1694 et
331 1657 530 1693 manifesta
554 1657 662 1692 initia
686 1660 848 1691 motuum
869 1655 1149 1703 Ungaricorum‚
1184 1657 1244 1703 qui
1271 1656 1489 1693 Christianis
1519 1669 1598 1693 cum
1624 1657 1745 1692 Turca
1767 1666 1939 1702 pugnan-

126 1712 224 1747 tibus
252 1712 433 1747 hactenus
463 1711 571 1746 sudes
601 1714 687 1745 sunt
713 1709 750 1744 in
779 1708 905 1744 oculis.
960 1708 1207 1754 Episcopatus
1239 1710 1381 1756 quidem
1406 1709 1690 1758 Argentinensis
1719 1708 1872 1756 negotia
1903 1708 1941 1743 in

127 1777 371 1812 καταςροφην
408 1764 553 1798 interea
578 1763 766 1798 desierunt
797 1762 975 1797 mitiorem
1007 1762 1160 1808 quidem,
1195 1774 1301 1808 quam
1334 1767 1621 1809 exspectaverat
1650 1761 1834 1798 Roslinus.
1891 1761 1943 1796 Et

126 1830 195 1853 rex
227 1818 434 1853 Galliarum
465 1816 614 1864 ἠρεμειε
650 1817 711 1850 sed
745 1820 868 1850 tamen
902 1828 1111 1864 κατεςραῳε
1139 1830 1201 1851 και
1229 1830 1295 1862 την
1322 1820 1430 1862 ςηλην
1458 1830 1518 1852 και
1551 1830 1593 1852 το
1629 1817 1758 1863 δογμα
1790 1827 1853 1851 και
1879 1827 1942 1854 τας

128 1873 279 1908 πολλων
305 1871 494 1910 διανοιαςε
542 1874 581 1904 et
622 1868 706 1915 quid
748 1868 776 1902 si
822 1868 935 1913 ipsius
967 1868 1120 1903 Roslini.
1176 1874 1340 1907 Καιτων
1352 1883 1424 1919 μεν
1441 1882 1669 1918 καταςροφη,
1686 1881 1760 1905 των
1777 1868 1820 1904 δε
1836 1867 1943 1908 ἔξυς-

130 1929 382 1972 ρακισθεντων
413 1922 625 1971 ἀναςροφη.
682 1923 740 1957 Ita
769 1921 856 1956 nihil
888 1933 982 1966 pene
1011 1922 1258 1958 frustraneum
1286 1924 1342 1958 his
1367 1923 1489 1958 verbis
1517 1921 1734 1968 perscripsit
1751 1919 1936 1956 Rfislinus.

131 1980 234 2019 Quae
265 1988 353 2011 vero
385 1978 428 2010 de
448 1976 684 2022 Belgicarum
715 1985 835 2009 rerum
868 1974 1104 2009 conversione
1134 1979 1220 2010 tunc
1254 1976 1429 2010 inchoata
1454 1986 1537 2010 esse
1563 1974 1668 2015 dixit,
1702 1985 1749 2008 ea
1773 1971 1940 2019 sequenti

132 2043 227 2066 anno
251 2030 363 2066 1605.
385 2033 423 2064 et
453 2029 522 2063 hoc
559 2029 669 2064 1606.
704 2027 974 2067 continuarunt,
997 2027 1174 2072 Hispanis
1204 2030 1251 2063 ab
1282 2028 1454 2063 orientali
1479 2029 1598 2063 latere
1626 2026 1846 2062 munitiones
1873 2025 1941 2060 ali-

132 2089 221 2130 quot
257 2082 586 2127 intercipientibus.
651 2082 691 2115 In
728 2080 869 2126 Anglia
907 2091 1013 2120 vero,
1055 2092 1204 2125 quorum
1243 2086 1329 2116 tunc
1367 2081 1508 2126 sperari
1544 2081 1605 2115 vel
1642 2079 1754 2114 metui
1791 2077 1943 2124 poterat

132 2149 360 2182 καταςροφη,
387 2146 509 2169 eorum
548 2134 756 2169 succedenti
796 2138 959 2178 tempore
997 2133 1227 2168 manifestam
1266 2134 1411 2180 experti
1441 2145 1562 2169 sumus
1601 2132 1836 2182 ἀναςροφην.
1884 2131 1943 2167 Ita

132 2190 192 2226 hic
228 2189 319 2223 nihil
358 2189 403 2222 ad
442 2191 578 2228 votum,
618 2191 768 2232 praeter
805 2186 903 2231 ipsos
936 2187 972 2221 in
1003 2197 1142 2232 genere
1173 2192 1291 2222 motus
1323 2188 1441 2234 regni,
1475 2187 1535 2233 qui
1563 2187 1775 2232 plerumque
1809 2196 1942 2231 susque

134 2245 249 2288 deque
282 2242 438 2276 tendunt
468 2240 672 2285 promiscue
700 2245 742 2274 ut
773 2241 903 2274 fluctus
936 2239 1076 2274 marini.
1103 2258 1154 2263 —-

247 2305 341 2344 Quae
366 2306 399 2336 in
424 2304 612 2345 praemissis
636 2303 793 2335 historica
817 2303 926 2344 tangit
951 2302 1124 2343 Keplerus,
1151 2303 1189 2334 iis
1214 2302 1297 2335 haec
1324 2302 1483 2334 addimus.
1525 2297 1733 2343 'Stephanus
1757 2301 1940 2334 Bocskai

130 2351 296 2394 (Botskai)
336 2351 515 2394 Hungarus
542 2351 593 2383 die
623 2350 675 2382 14.
704 2350 778 2382 Oct.
811 2347 910 2380 1604.
948 2350 1150 2391 imperatoris
1189 2351 1289 2391 copiis
1327 2351 1496 2391 repentino
1532 2350 1656 2391 impetu
1681 2349 1841 2390 oppressis
1871 2359 1940 2380 mo·

127 2406 219 2433 tuum
243 2400 507 2442 Hungaricorum
542 2399 670 2430 initium
707 2398 802 2434 fecit,
840 2397 894 2438 qui
930 2396 1014 2428 finiti
1051 2402 1128 2429 sunt
1163 2406 1246 2438 pace
1284 2396 1435 2430 Viennae
1474 2395 1547 2437 (23.
1585 2397 1662 2429 Jan.
1701 2394 1805 2436 1606)
1838 2395 1940 2432 facta,

129 2448 293 2481 Bocskaio
318 2446 586 2478 Transsilvaniae
613 2446 695 2477 duce
722 2445 900 2477 declarato.

251 2495 487 2536 „Episcopatus
506 2493 838 2535 Argentinensis
863 2491 1019 2532 negotia“
1048 2491 1182 2523 dissidia
1198 2495 1351 2532 spectant
1374 2491 1459 2522 inter
1478 2491 1653 2523 canonicos
1671 2491 1713 2522 ab
1731 2499 1817 2522 anno
1837 2488 1938 2522 1592.

131 2547 266 2579 exorta,
302 2551 436 2583 quorum
467 2550 543 2583 pars
568 2539 705 2572 Lutheri
730 2539 805 2571 fidei
832 2539 966 2570 addicta
991 2548 1064 2570 cum
1089 2538 1163 2574 illis,
1190 2539 1244 2580 qui
1269 2539 1454 2580 episcopum
1481 2538 1707 2570 Coloniensem
1734 2537 1941 2570 Gebhardum

129 2590 347 2632 Argentinam
373 2589 520 2620 comitati
544 2591 649 2623 erant,
677 2596 764 2619 anno
785 2583 885 2617 1592.
914 2586 1098 2626 episcopum
1125 2585 1294 2627 elegerunt
1310 2585 1473 2617 Joanuem
1491 2585 1677 2627 Georgium,
1703 2585 1859 2617 Frideriei
1883 2584 1941 2617 ad-

130 2637 358 2669 ministratoris
376 2635 671 2678 Magdeburgensis
696 2634 807 2672 filium,
833 2642 909 2674 pars
934 2642 1008 2664 vero
1034 2632 1225 2664 Catholicae
1250 2632 1324 2663 fidei
1358 2632 1492 2664 addicta
1518 2632 1670 2664 Garolum
1692 2631 1943 2674 Lotharingium

133 2683 351 2716 Cardiualem.
388 2683 475 2714 Hinc
501 2685 634 2714 exortae
659 2681 748 2714 rixae
773 2682 806 2712 in
833 2680 951 2711 bellum
978 2684 1149 2712 cruentum
1175 2684 1374 2713 exarserunt.
1402 2679 1453 2711 cui
1479 2689 1514 2711 se
1539 2680 1743 2711 immiscuere
1769 2679 1855 2711 cives
1881 2679 1941 2710 Ar-

133 2732 355 2773 gentinenses.
406 2730 502 2761 Anno
530 2727 631 2760 1604.
659 2729 846 2770 pactionem
872 2728 957 2758 inter
981 2727 1151 2769 litigantes
1176 2727 1254 2758 fecit
1281 2726 1343 2758 dux
1369 2726 1650 2768 wurtembergiae
1676 2725 1870 2758 Fridericus.

251 2788 387 2830 Kepleri
412 2788 513 2820 verba
538 2788 577 2819 de
602 2787 787 2820 Henrico
814 2785 873 2817 IV.
901 2785 1029 2817 Galliae
1055 2794 1143 2826 rege,
1180 2785 1325 2816 consulto
1352 2788 1386 2816 et
1411 2785 1555 2826 cogitate
1582 2785 1709 2816 Graeco
1735 2793 1883 2816 sermone
1908 2788 1942 2816 et

134 2837 270 2868 obscure
297 2836 508 2871 concinnata,
536 2834 739 2875 explicantur
764 2843 794 2874 p.
822 2830 890 2863 534
916 2832 1031 2874 lingua
1055 2831 1184 2873 quidem
1211 2831 1408 2862 Germanica
1434 2831 1578 2863 adhibito
1607 2831 1751 2868 „Lexico
1777 2830 1938 2867 Graeco‚“

134 2892 240 2924 neque
278 2892 353 2914 vero
389 2882 439 2913 his
475 2882 547 2923 plus
578 2882 660 2915 lucis
699 2881 874 2921 accipiunt⁴
927 2878 1037 2918 Quare
1068 2878 1152 2910 haec
1179 2878 1332 2910 addenda
1358 2887 1527 2910 censemus
1553 2878 1657 2910 secuti
1681 2878 1790 2910 relata
1814 2877 1940 2919 aqualis

134 2930 268 2970 Kepleri
287 2931 470 2970 partimque
488 2929 665 2960 studiorum
683 2928 762 2959 socii
781 2926 896 2958 Sethi
916 2925 1110 2957 Calvisii:
1140 2926 1256 2963 „Auno
1281 2922 1380 2957 1604.
1399 2925 1560 2962 Jesuitae,
1579 2925 1632 2967 qui
1651 2928 1728 2956 ante
1747 2924 1940 2956 decennium

135 2980 207 3007 tota
235 2977 344 3008 Gallia
369 2976 466 3016 ejecti
491 2976 645 3011 fuerant,
685 2974 727 3006 ad
766 2973 912 3005 crebram
944 2973 1122 3014 principum
1149 2972 1271 3013 aliquot
1296 2977 1329 3004 et
1352 2972 1452 3013 ipsius
1477 2972 1645 3003 Pontificis
1675 2970 1940 3003 intercessionem

134 3023 168 3054 in
195 3024 335 3065 gratiam
360 3023 512 3064 Reginae
539 3032 560 3054 a
584 3022 678 3063 Rege
702 3022 818 3052 iterum
843 3021 966 3061 recepti
992 3019 1100 3051 sunt.“
1136 3016 1311 3058 (Calvisius
1341 3019 1375 3050 in
1402 3018 1508 3059 Opere
1535 3017 1684 3050 Chronol.
1711 3017 1761 3049 ed.
1789 3026 1821 3049 a.
1850 3015 1941 3049 1620

134 3079 168 3111 p.
196 3068 292 3113 3⁷79)
328 3069 456 3102 Deinde
483 3079 568 3102 anno
599 3066 707 3099 1605:
737 3067 955 3105 „Columna
981 3066 1142 3098 Jesuitica
1168 3076 1206 3097 ex
1232 3066 1332 3097 solido
1358 3067 1516 3098 mai-'more
1533 3065 1667 3097 Parisiis
1692 3064 1724 3096 iu
1750 3068 1941 3106 perpetuam
1971 3082 1975 3090 ι
