2028 3242
675 128 885 171 Asnam„
906 128 1107 162 eus-num.
1685 95 1793 175 *431

0 237 191 286 pomus,
218 230 327 275 alius
353 231 510 274 tardius
538 231 583 272 in
611 231 870 285 proportione
898 231 1147 274 harmonica.
1203 230 1310 275 Sunt
1339 233 1491 275 etenim
1519 233 1597 275 hae
1626 235 1808 277 rationes

0 290 240 343 vui-uh·
280 302 361 332 nec
386 302 511 343 nepe
541 290 743 340 incidunt3
779 290 888 332 idem
918 290 1030 332 euim
1052 290 1220 343 planeta
1246 304 1352 333 nunc
1382 292 1553 334 celerior
1582 299 1673 344 est,
1703 307 1807 335 nunc

0 349 202 393 tarffior..
211 347 331 392 Sed
344 349 445 390 haec
475 354 613 390 tamen
641 349 697 390 ab
725 349 976 401 experientia
1004 349 1176 391 nondum
1208 351 1444 392 confirmata
1473 356 1581 400 suut,
1611 364 1687 394 nec
1711 353 1805 395 dum

0 407 232 453 methodus
241 408 478 459 constituta,
509 420 590 461 qua
617 407 845 461 hujumodi
873 407 1120 449 harmoniae
1133 407 1440 462 investigentur.

713 465 892 507 Thesis
921 465 1075 508 XLIX.

84 495 395 570 Vanissimam
421 524 618 577 astrologi
647 537 811 566 causam
839 524 959 577 hujus
989 525 1190 577 generalis
1220 502 1498 578 dispositionis
1528 540 1720 569 annorum
1754 542 1805 571 ex

0 586 252 640 ingan-ibus
278 583 431 627 Solis
416 597 461 625 ιιι
475 582 673 633 Arietem,
706 587 877 635 quatuor
906 589 1128 636 temporum
1158 596 1209 624 ex
1227 583 1365 636 figuris
1383 585 1667 636 cardinalibus,
1688 599 1803 628 men-

0 657 105 688 s-
132 657 195 687 ex
204 643 353 697 m
379 641 627 684 huatiouum
655 646 819 708 petunt:
851 641 968 695 quasi
997 647 1156 696 tempus
1185 642 1413 696 subjectum
1442 643 1604 711 aliquod
1640 657 1803 698 perma-

0 714 99 745 nen
122 703 188 746 sit
206 706 264 747 ιιι
291 694 437 751 hemo,
480 700 592 753 cujus
634 699 801 754 genesin
842 713 932 742 cum
974 700 1131 743 ratione
1169 700 1368 754 inspicere
1398 703 1624 755 possimus,
1653 710 1696 744 et
1725 717 1803 745 non

0 762 145 816 potius.
160 772 260 814 pars
286 763 465 801 motuum
494 759 758 800 coelestium:
791 764 863 800 aut
893 760 1010 812 quasi
1040 760 1167 801 Terra
1195 760 1313 801 unico
1340 766 1545 803 momento
1574 762 1628 804 ad
1657 774 1804 804 novam

0 825 198 862 κοιαιοιι
223 822 457 872 reparetur.
516 818 703 859 Mutatur
737 818 898 870 quidem
927 819 1054 861 Terra
1082 818 1135 860 ab
1172 818 1404 872 aspectibus
1432 820 1584 872 figurae
1614 821 1804 869 vernalis,

0 880 36 920 si
65 890 167 934 quos
194 878 270 919 illa
295 877 444 926 habet,
490 877 563 917 sed
591 876 662 917 illo
692 881 851 918 tantum
881 876 967 925 die;
1007 877 1208 919 anteactis
1252 881 1295 918 et
1334 878 1592 931 sequentibus
1629 879 1680 920 ab
1712 881 1803 921 aliis

0 943 125 992 atque
149 936 278 986 aliis,
300 935 368 988 qui
398 935 539 988 quovis
570 935 635 976 die
665 934 859 977 incidunt.
920 934 1005 976 Sed
1042 935 1143 977 nihil
1179 935 1381 988 indignius
1417 942 1484 978 est
1522 937 1563 978 in
1594 938 1670 980 hac
1700 951 1801 991 pene

0 997 120 1039 unica
146 994 395 1049 quorundam
424 994 716 1046 astrologorum
745 1006 865 1043 cura,
898 1006 1018 1046 quam
1047 994 1155 1047 quod
1184 994 1394 1037 duodecim
1429 995 1629 1037 domicilia
1658 998 1802 1049 puerili

0 1055 181 1109 quadam
201 1053 441 1095 credulitate
470 1058 632 1104 praeter
664 1065 821 1093 omnem
850 1053 1048 1093 rationem
1078 1052 1251 1094 solidam
1280 1059 1327 1094 et
1353 1053 1671 1107 philosophicam
1698 1055 1803 1098 inter

0 1118 156 1167 septen
183 1113 376 1166 planetas
402 1110 664 1160 distribuunt,
697 1111 1011 1160 dominationes,
1044 1111 1374 1165 imperiorumque
1404 1118 1706 1156 momentaneas
1736 1115 1800 1155 vi-

0 1171 280 1214 cissitudines
294 1170 409 1223 quasi
437 1170 480 1210 in
510 1170 642 1222 aliquo
673 1175 791 1210 coetu
820 1170 1021 1211 homiuum
1050 1170 1306 1222 confingunt:
1346 1172 1450 1212 unde
1481 1172 1612 1213 omnis
1639 1173 1800 1226 magica

0 1237 43 1272 et
69 1228 317 1282 ntrolegica
344 1228 579 1281 superstitio
609 1232 701 1268 orta
731 1233 808 1268 est.
870 1228 1021 1269 Demus
1052 1228 1201 1270 alicubi
1230 1229 1615 1272 verisimilitudinem
1648 1231 1701 1273 ab
1722 1232 1798 1275 hac

0 1288 297 1331 distributione
308 1291 432 1337 stare,
464 1292 512 1327 ut
538 1287 577 1327 in
606 1285 795 1335 Saturno,
828 1287 891 1327 cui
920 1287 1123 1341 hyemalia
1150 1287 1270 1340 signa
1299 1288 1469 1329 dantur:
1501 1289 1544 1330 id
1573 1295 1712 1332 tamen
1735 1297 1801 1333 est

0 1349 50 1390 ob
78 1347 233 1391 camus
256 1345 375 1395 alias,
407 1351 451 1386 et
478 1346 620 1386 statim
650 1345 690 1385 in
724 1345 828 1391 aliis,
859 1351 907 1386 ιιι
934 1346 975 1387 ιιι
1005 1346 1109 1386 Jove
1139 1346 1301 1387 vanitas
1330 1347 1525 1399 proditur.
1587 1347 1671 1390 Sed
1696 1349 1799 1391 hane

0 1418 202 1460 nugacem
218 1404 465 1457 astrologiae
495 1409 653 1456 partem
683 1404 779 1444 olim
807 1404 1014 1445 Stoflerus
1056 1405 1284 1457 astrologus
1322 1406 1389 1453 (ut
1416 1406 1567 1448 nullum
1597 1407 1651 1449 ab
1682 1408 1798 1450 hoste

0 1460 310 1507 ffinudulano¹
322 1459 356 1512 ⁸)
386 1462 661 1504 testimonium
700 1463 884 1515 petatur)
912 1462 1090 1516 physicis
1126 1462 1349 1504 rationibus
1385 1464 1543 1517 oblique
1585 1466 1796 1510 refutavit:

0 1522 247 1578 experientia
284 1533 382 1563 vero
418 1521 595 1575 quotidie
634 1521 805 1567 refutat,
852 1533 940 1562 cum
980 1522 1087 1562 intra
1128 1526 1193 1562 tot
1235 1523 1373 1562 secula
1402 1523 1470 1563 vix
1499 1523 1621 1564 ullum
1653 1525 1795 1577 aequi-

0 1581 122 1624 noctii
152 1586 306 1622 certum
333 1585 492 1632 tempus
523 1579 624 1631 ipsis
655 1579 856 1631 cognitum
896 1578 1034 1628 fuerit3
1074 1585 1120 1621 ιιι
1155 1580 1291 1634 Tycho
1322 1578 1456 1622 Brahe
1493 1582 1797 1625 demonstravit.

0 1641 191 1693 Allegent
235 1639 391 1691 aliquot
431 1638 677 1705 superiorum
720 1650 910 1678 annorum
953 1639 1101 1690 figuras
1142 1638 1387 1688 cardinales,
1433 1647 1667 1692 comparent
1707 1654 1797 1683 cum

0 1698 226 1743 effectibus.
269 1708 345 1749 ego
387 1697 488 1750 ipsis
530 1696 813 1738 demonstrabo
857 1697 983 1737 falsos
1020 1697 1145 1737 fuisse
1188 1697 1228 1737 in
1261 1703 1464 1750 tempore,
1507 1711 1625 1740 veras
1662 1706 1796 1741 autem

0 1757 144 1810 figuras
170 1755 415 1798 somarium
445 1755 539 1796 anui
564 1754 768 1806 sequentis
788 1755 1051 1806 qualitatibus
1069 1755 1311 1805 ostendisse,
1334 1757 1410 1798 hac
1430 1757 1588 1809 quidem
1606 1759 1795 1801 methodo

0 1827 108 1859 rana
129 1814 393 1857 examinatas.
452 1814 574 1854 Anno
605 1813 736 1854 futuro
768 1812 842 1854 Sol
870 1813 1055 1855 Arietem
1091 1814 1315 1867 ingreditur
1345 1814 1415 1856 20.
1447 1816 1588 1858 Martii
1618 1817 1692 1858 sub
1723 1830 1795 1859 oc-

0 1887 135 1916 easum
164 1873 292 1922 Solis,
325 1873 476 1914 oriente
513 1873 616 1913 Jove
647 1872 688 1912 in
717 1871 869 1913 Libra:
914 1872 1110 1925 astrologi
1145 1873 1345 1926 putabunt
1381 1874 1553 1915 orituros
1587 1874 1793 1926 Geminos,

0 1944 48 1975 u
73 1932 315 1975 Prutenicis.
374 1932 467 1972 Non
508 1936 646 1972 tamen
686 1930 780 1971 hinc
820 1931 905 1971 ulla
945 1931 1144 1983 generalis
1187 1932 1427 1984 significatio
1464 1933 1608 1974 deduci
1643 1940 1794 1986 potest.

0 1990 101 2034 Nun
126 1991 286 2044 Jupiter
315 1996 460 2032 octavo
490 1989 648 2043 quidem
676 1989 832 2042 Aprilis
862 1989 968 2030 vires
1001 2003 1097 2031 suas
1134 1996 1319 2038 exseret,
1357 1992 1567 2044 oppositus
1597 1991 1706 2044 Soli,
1751 1999 1799 2036 at

0 2047 68 2093 10.
101 2047 171 2092 11.
199 2048 303 2091 Maii
331 2048 531 2091 Saturnus
561 2048 620 2089 illi
650 2048 848 2097 succedet,
882 2048 976 2100 quia
1004 2049 1046 2089 is
1070 2061 1119 2090 eo
1150 2050 1214 2090 die
1244 2049 1331 2091 Soli
1356 2051 1581 2103 opponitur.

760 2107 933 2148 Thesis
962 2107 1011 2148 L.

109 2165 191 2207 Hic
231 2169 367 2207 autem
409 2163 501 2205 illas
542 2165 903 2206 vetustissimorum
946 2170 1153 2206 auctorum
1190 2165 1382 2213 Hesiodi,
1418 2167 1562 2217 Arati,
1607 2168 1792 2221 Vergilii,

0 2224 115 2266 Plinii
146 2228 189 2264 et
217 2224 431 2264 modernas
462 2223 726 2275 agricolarum
757 2225 1125 2265 animadversiones
1150 2237 1235 2265 non
1265 2225 1415 2277 rejicio,
1450 2226 1514 2278 qui
1546 2239 1596 2267 ex
1618 2228 1795 2270 siderum

0 2283 200 2324 exortibus
227 2282 369 2322 annuis
399 2286 442 2322 et
470 2282 610 2322 Lunae
642 2282 821 2322 faciebus
859 2289 954 2322 tunc
986 2283 1158 2334 quando>>
1187 2283 1287 2323 haec
1319 2290 1532 2326 cernuntur
1569 2287 1668 2333 (non
1698 2298 1793 2327 vero

0 2342 123 2385 -lto
151 2345 332 2393 tempore
376 2342 491 2387 ante)
523 2340 573 2380 de
615 2340 750 2381 futura
791 2341 898 2381 aeris
935 2342 1128 2392 temperie
1163 2341 1466 2383 ratiocinantur.
1529 2342 1797 2386 Considerant

0 2398 198 2447 ..illa
226 2411 306 2440 non
335 2403 500 2451 propter
531 2399 727 2449 magicam
757 2398 857 2438 coeli
888 2399 1079 2450 figuram,
1124 2411 1199 2440 nec
1234 2405 1279 2440 ιιι
1310 2413 1475 2442 causam
1506 2401 1665 2443 futurae
1694 2415 1794 2444 con-

0 2458 215 2503 wenis
245 2458 358 2506 (nam
388 2457 480 2497 aliis
513 2457 627 2496 annis
658 2457 766 2497 aliud
796 2469 912 2496 omen
943 2457 1150 2509 capiunt),
1195 2459 1268 2498 sed
1298 2463 1342 2498 ut
1372 2459 1528 2511 signum
1552 2460 1642 2511 jam
1671 2472 1793 2512 prae-

0 2517 122 2559 mtis
166 2522 211 2557 et
247 2515 542 2568 aliquantisper
581 2515 795 2556 duraturae
839 2515 1114 2567 dispositionis
1146 2517 1365 2558 Terrestris
1408 2517 1627 2570 generalis,
1680 2519 1794 2571 cujus

0 2575 203 2655 periodum
231 2579 275 2616 et
304 2575 417 2626 leges
449 2573 551 2614 alias
581 2573 756 2625 ignorari
787 2573 995 2614 contendo.

11 2644 73 2669 ..l-
749 2632 844 2671 The
855 2644 925 2672 sis
955 2632 1024 2672 LI.

12 2707 52 2728 :n-
108 2666 448 2732 Animadversum
486 2694 620 2730 tamen
660 2695 743 2739 est,
785 2690 917 2731 inesse
960 2690 1122 2730 brevem
1165 2689 1370 2731 circuitum
1418 2690 1508 2732 huic
1551 2692 1790 2743 qualitatum

0 2748 276 2790 miversalium
306 2747 563 2790 successioni.
622 2749 730 2789 Nam
761 2753 803 2788 et
831 2748 971 2788 rustici
1003 2748 1089 2799 (qui
1119 2747 1221 2787 hanc
1253 2749 1424 2788 omnium
1453 2749 1677 2791 rectissime
1702 2751 1792 2793 cal-

0 2806 99 2856 hnt)
129 2808 197 2848 ubi
228 2811 429 2847 aestatem
459 2805 635 2846 viderint
665 2806 870 2854 fervidam,
904 2806 1116 2846 admodum
1148 2806 1318 2857 rigidam
1349 2812 1567 2859 expectant
1594 2808 1789 2862 hyemem.

0 2862 52 2906 Βι
76 2866 115 2907 si
142 2878 238 2918 pars
269 2865 404 2918 aliqua
433 2863 587 2918 hyemis
618 2870 758 2916 tepore
789 2877 867 2904 non
898 2865 1072 2905 naturali
1103 2864 1314 2913 detinetur,
1348 2870 1463 2906 tanto
1493 2867 1634 2918 magis
1649 2867 1790 2909 ultima

0 2921 113 2975 ᾑπιο
139 2923 266 2976 frigus
297 2928 526 2975 expectant.
586 2924 653 2963 Ita
682 2923 759 2963 hoc
789 2928 985 2974 tempore,
1019 2935 1108 2963 cum
1139 2922 1278 2975 hyems
1315 2923 1419 2964 acris
1442 2924 1670 2970 admodum
1699 2938 1789 2966 ma-

0 2984 84 3022 hte
111 2980 318 3034 ingruerit,
347 2987 547 3022 maturum
575 2981 753 3022 vicissim
783 2993 855 3021 ver
886 2981 975 3030 erit,
1008 2981 1348 3022 consentientibus
1382 2982 1611 3049 aspectibus
1639 2984 1789 3036 pleris-

0 3047 85 3093 que,
110 3039 181 3092 qui
208 3053 258 3081 eo
287 3040 379 3081 anni
411 3045 590 3092 tempore
621 3039 811 3081 incidunt.
