2028 3242
2 2879 27 3106 1=sssr÷zw¹rmw2
7 2735 9 2771 ·*
8 2674 13 2683 π*

884 54 994 87 Notae
1018 55 1170 87 meotis.
1852 52 1934 96 199

125 160 265 206 triplex
283 161 330 195 ad
349 171 470 196 unum.
509 161 622 197 Verbi
639 162 785 207 gratia:
815 163 959 208 quando
979 172 1080 196 sumo
1101 172 1224 196 arcum
1248 163 1374 208 ῥητον,
1399 166 1443 196 ut
1475 158 1528 203 ¹1¹⁸,
1559 163 1663 207 cujus
1690 163 1870 197 subtensa
1890 162 1938 196 sit

125 213 432 255 mantilis,
464 215 528 248 sed
555 210 591 251 ¹1¹·
613 215 660 249 ad
677 214 860 250 residuum
883 210 921 251 Ἰ.
943 225 1017 249 non
1039 214 1090 249 sit
1107 214 1203 248 dicto
1229 215 1333 248 modo
1360 215 1539 260 probatus
1569 218 1702 261 loyes-,-
1732 218 1820 249 tunc
1843 215 1938 249 fiunt

125 277 175 301 ex
190 265 264 302 ade
281 264 307 301 3
323 276 444 307 voces,
475 277 629 312 quarum
653 270 798 303 tantum
822 268 917 302 duae
942 262 1156 302 consonant.
1194 267 1288 301 Nam
1314 277 1401 312 pars
1431 264 1470 306 Ἰ.
1492 279 1574 303 cum
1591 272 1674 303 tota
1697 263 1737 306 Ἰ.
1761 272 1938 302 consonat

124 313 297 364 (propter
322 319 670 354 demonstrationem
698 321 899 355 subtensae
923 324 963 354 et
987 318 1282 355 enunciationem
1312 330 1419 354 arcus
1450 320 1682 365 possibilem,
1715 331 1810 366 quae
1836 326 1938 355 amat

124 369 277 413 natura)
295 376 477 407 consonat
493 372 639 418 inquam
657 385 733 420 ιρις
750 373 816 408 δια
832 383 975 409 πασων.
1010 372 1083 407 Sed
1101 371 1286 406 residuum
1310 368 1348 411 Ἰ.
1378 383 1459 407 cum
1481 367 1520 410 Ὗ.
1550 384 1623 407 ιιοιι
1652 377 1854 414 consonat,-
1870 385 1937 408 nec

128 419 171 462 Ἰ.
190 434 274 460 oum
298 420 352 463 Ἰ..
388 425 462 460 Hic
478 435 545 470 pro
564 424 700 470 triplici
719 425 896 460 concentu
917 428 977 459 est
1002 435 1096 459 unus
1121 425 1255 459 saltem
1275 429 1315 459 et
1333 426 1429 459 duae
1448 425 1730 471 discrepantiae.
1769 425 1938 461 Vicissim

123 476 396 512 continuantur
411 477 450 512 in
466 477 536 512 fide
554 481 683 522 partes
703 477 740 518 3,
769 478 806 518 4,
834 483 878 513 ut
904 487 1045 512 summa
1061 477 1223 523 partium
1242 477 1292 512 sit
1313 478 1346 512 7.
1386 476 1456 512 Hic
1483 478 1569 524 quia
1588 482 1714 523 partes
1736 478 1760 513 3
1780 480 1824 513 ad
1845 478 1935 513 resi-

122 530 234 565 duum
250 529 287 569 4.
316 535 377 566 est
398 533 442 565 ut
467 529 504 566 in
531 529 707 565 divisione
726 529 998 576 quadripartita
1015 529 1142 565 circuli
1168 540 1275 564 arcus
1302 529 1326 565 3
1345 530 1542 565 subtensus
1562 531 1681 565 latere
1702 531 1935 577 tetragonico

123 582 409 624 demon-mili,
440 583 488 617 ad
519 586 636 618 totum
666 582 839 619 circulum
865 583 909 618 4:
939 583 1020 617 ideo
1051 582 1164 618 etiam
1189 593 1277 628 pars
1305 582 1385 618 fidis
1405 582 1428 617 3
1449 594 1528 618 cum
1547 583 1692 618 residuo
1714 584 1739 618 4
1758 589 1937 618 consonat

122 635 191 672 dm
203 644 404 682 amp-v.
441 634 513 670 Sed
531 645 649 681 neque
668 634 694 670 3
712 647 830 681 neque
851 637 875 671 4
894 647 975 671 cum
994 639 1076 671 tota
1092 635 1163 670 fide
1183 636 1205 670 7
1232 640 1421 675 consonat,
1449 636 1536 681 quia
1561 635 1688 670 divisio
1710 635 1836 671 circuli
1854 636 1891 670 in
1912 636 1933 670 7

121 686 298 724 mittor
313 687 495 732 reiectam
521 699 602 723 cum
630 689 829 723 subtensae
849 693 1038 735 nequeant
1054 688 1308 724 demonstrari.
1348 688 1438 724 Cum
1461 700 1554 735 ergo
1579 688 1639 723 hic
1658 700 1801 735 quoque
1822 689 1935 724 alter-

122 743 211 777 Μ
225 740 359 776 saltem
377 740 537 776 conditio
556 753 607 776 ex
625 752 742 786 supra
758 741 944 787 requisitis
975 741 1083 782 adsit,
1117 742 1199 776 ideo
1224 745 1264 776 et
1287 741 1348 776 hic
1374 747 1571 776 concentus
1600 742 1768 787 simplex,
1801 741 1935 776 discor-

56 785 66 792 ’
121 792 253 829 duni·
268 793 420 839 duplex.
459 796 513 828 At
530 793 562 829 si
580 794 852 829 constituantur
883 794 920 829 in
949 795 1019 829 fide
1045 799 1174 839 partes
1200 793 1242 835 2,
1266 795 1315 834 1,
1349 799 1416 829 aut
1443 805 1680 841 quaecunque
1700 806 1750 830 ex
1768 801 1851 830 octo
1872 795 1935 829 ad-

122 845 262 886 missin.
291 845 367 883 fletr
386 852 584 881 concentus
619 847 755 891 triplex
786 847 902 892 partis
932 848 948 882 1
979 858 1059 881 cum
1084 847 1228 882 residuo
1257 847 1280 882 2
1306 848 1370 883 δια
1386 858 1539 888 πασων,
1572 852 1612 882 et
1634 847 1824 893 utriusque
1856 858 1935 882 cum

122 902 205 933 tota
222 897 258 939 3,
286 898 426 934 scilieet
444 899 509 935 δια
525 910 647 940 news,
670 903 710 934 et
729 901 794 935 δια
810 912 919 936 nst-rs
937 899 999 935 ἐπι
1016 900 1222 937 dammam.
1258 900 1328 943 Hic
1346 901 1450 935 nulla
1468 904 1527 935 est
1545 900 1803 935 discordantia.
1846 901 1934 935 Jure

121 951 248 997 itaque
278 951 360 998 quis
391 954 529 998 λογους
557 951 669 986 hosce
704 952 839 987 solidos
870 952 1017 987 dixerit.
1066 954 1256 988 Hactenus
1276 965 1324 988 ex
1349 953 1556 999 geometria
1582 953 1821 988 demonstrati
1851 957 1936 987 sunt

119 1015 193 1040 non
209 1004 327 1040 miuus
345 1004 509 1050 perfecte
530 1007 649 1050 Loyoa,
669 1016 778 1051 quam
797 1005 1062 1040 demonstravit
1078 1006 1250 1040 Euclides
1271 1016 1436 1051 corpora.

224 1057 309 1093 Jam
325 1057 365 1092 hi
384 1059 495 1104 loyen
514 1061 602 1091 sunt
622 1068 949 1105 κοσμοποιητικοι,
975 1062 1077 1093 amat
1101 1070 1164 1093 eos
1190 1063 1326 1093 natura
1351 1058 1386 1093 in
1416 1059 1580 1094 omnibus
1600 1059 1710 1094 rebus
1732 1061 1854 1105 λογων
1873 1070 1933 1093 ca-

120 1110 287 1156 pacibus.
322 1112 437 1145 Amat
454 1121 518 1144 eos
536 1109 633 1144 ratio
653 1110 818 1151 hominis,
847 1121 940 1156 quae
961 1115 1018 1146 est
1037 1111 1160 1157 imago
1180 1111 1388 1146 conditoris.
1426 1112 1562 1146 Essent
1586 1111 1702 1158 igitur
1722 1112 1933 1146 traducendi

118 1162 158 1199 in
175 1162 283 1198 varia
299 1162 479 1208 subjecta,
501 1163 564 1197 sed
583 1162 651 1198 illa
669 1174 742 1197 non
762 1163 884 1198 omnia
903 1168 989 1198 sunt
1008 1165 1170 1210 cognita.
1210 1164 1312 1204 Quae
1332 1168 1456 1199 autem
1476 1164 1628 1210 cognita
1645 1168 1744 1202 sunt,
1765 1164 1933 1199 scribam.

117 1215 239 1250 Primo
259 1225 431 1251 mensura
449 1215 773 1260 pronunciationis,
794 1217 856 1250 ubi
869 1221 1006 1262 regnat
1025 1216 1213 1262 proportio
1239 1214 1274 1254 Ἰ.
1299 1221 1338 1250 et
1357 1217 1441 1251 hinc
1460 1217 1592 1252 existit
1608 1217 1757 1261 poet-ica
1777 1217 1934 1252 omnium

121 1267 345 1315 linguarum.
380 1268 523 1303 Deinde
542 1279 713 1302 mensura
732 1273 850 1303 motus
869 1269 905 1303 in
930 1272 1081 1314 corpore
1109 1269 1280 1310 humano,
1306 1269 1390 1304 hinc
1418 1269 1585 1304 existunt
1610 1270 1840 1310 saltationes,
1871 1270 1935 1304 ubi

120 1324 181 1356 est
210 1315 269 1362 ¹l.,
301 1317 326 1336 ¹·
317 1316 387 1360 ’⁸l2.
426 1320 550 1355 Tertio
580 1322 730 1355 eaedem
759 1322 1026 1367 proportiones,
1061 1323 1187 1356 eadem
1219 1323 1263 1356 de
1291 1333 1405 1356 causa
1430 1327 1516 1357 sunt
1540 1323 1576 1357 in
1601 1333 1772 1357 mensura
1791 1328 1932 1363 cantus,

122 1373 208 1409 hinc
226 1377 399 1409 notarum
417 1374 563 1408 valores
583 1378 622 1407 et
641 1378 772 1408 tactus.
813 1374 951 1420 Opinor
970 1374 1105 1409 alicubi
1133 1379 1172 1409 et
1201 1375 1440 1421 quadruplam
1473 1371 1493 1389 ⁸·
1501 1371 1541 1414 31.
1573 1379 1639 1410 aut
1663 1380 1763 1410 certe
1797 1369 1864 1414 ²¹⁸l.
1897 1375 1934 1410 in

120 1437 189 1462 um
208 1437 302 1461 esse.
342 1426 483 1466 Quarto
504 1430 545 1460 ut
564 1426 713 1472 propius
734 1432 902 1462 naturam
922 1428 1148 1469 accedamus,
1174 1428 1298 1462 insunt
1323 1439 1446 1462 omnes
1467 1429 1629 1473 perfecte
1655 1428 1692 1462 in
1712 1430 1931 1464 concordan-

118 1479 183 1514 tiis
197 1478 356 1515 musicis.
390 1472 463 1525 [Et
481 1478 539 1514 hic
558 1484 686 1524 posset
709 1481 791 1514 addi
811 1480 1013 1526 disputatio
1033 1482 1076 1515 de
1099 1481 1263 1515 tensione
1284 1481 1482 1516 artificiosa
1500 1480 1746 1522 clavichordii,
1768 1482 1855 1528 quia
1873 1493 1932 1516 res

117 1532 259 1568 ineerta
284 1538 344 1567 est
363 1531 401 1567 in
420 1532 578 1578 quinque
599 1532 747 1567 vocibus
764 1529 804 1576 *)
834 1544 869 1575 a,
890 1533 951 1574 cis,
975 1534 997 1574 f,
1018 1533 1077 1575 fis,
1097 1533 1169 1593 gis.
1203 1534 1287 1580 Ego
1307 1535 1359 1568 sic
1377 1545 1520 1574 censeo,
1540 1539 1583 1568 ut
1602 1533 1636 1569 G
1654 1535 1701 1568 ad
1719 1535 1752 1575 d,
1774 1535 1826 1569 sic
1845 1536 1867 1569 d
1886 1535 1933 1569 ad

119 1595 145 1620 a
161 1595 244 1619 esse
264 1585 410 1625 debere,
437 1589 477 1619 et
494 1590 538 1620 ut
557 1585 588 1619 G
609 1586 655 1619 ad
677 1585 712 1626 h,
741 1585 793 1620 sic
812 1587 834 1620 d
854 1587 899 1621 ad
921 1586 987 1625 fis;
1016 1591 1058 1621 ut
1081 1586 1133 1620 sic
1152 1597 1176 1620 a
1194 1593 1234 1621 et
1251 1586 1297 1620 fis
1318 1588 1634 1622 accommodentur
1653 1588 1699 1635 ad
1718 1588 1751 1621 d.
1790 1588 1931 1623 Deinde

119 1636 388 1672 utGadcsic
412 1637 541 1677 cadf,
562 1642 602 1672 et
626 1639 830 1673 utGadh
854 1639 907 1673 sic
934 1651 953 1673 e
983 1640 1028 1673 ad
1056 1639 1127 1685 gis.
1168 1639 1503 1684 EtdeniqueutG
1534 1641 1580 1674 ad
1608 1640 1632 1674 b
1661 1639 1713 1673 sic
1741 1641 1764 1674 b
1792 1642 1838 1675 ad
1867 1640 1930 1674 cis.

223 1689 319 1726 Nam
346 1690 416 1724 hoc
442 1695 553 1736 pacto
581 1691 655 1731 fiet,
685 1695 727 1725 ut
755 1703 821 1736 per
847 1691 1119 1737 proportionem
1154 1688 1194 1730 Ἰ.
1222 1692 1470 1726 constituatur
1490 1703 1524 1726 a.
1565 1692 1603 1727 Si
1629 1703 1760 1737 nempe
1780 1693 1812 1728 G
1841 1693 1930 1727 divi-

97 1739 228 1779 ‘datur
254 1742 291 1777 in
319 1742 356 1784 8,
378 1739 429 1780 *Ι
459 1743 532 1778 erit
559 1756 635 1788 τρις
661 1744 725 1778 δια
749 1755 881 1780 nauum
909 1748 948 1778 et
983 1741 1021 1783 Ἰ.
1052 1749 1158 1779 erunt
1187 1756 1221 1786 a,
1250 1745 1418 1790 perfecta
1446 1746 1618 1780 secunda.
1663 1745 1719 1780 lta
1748 1757 1815 1790 per
1843 1757 1928 1791 pro—

118 1795 322 1842 portionem
369 1790 425 1833 'lm
473 1795 716 1830 constituetur
757 1801 864 1831 tonus
905 1798 963 1832 vel
1004 1799 1164 1832 secunda
1203 1798 1329 1832 minor.
1399 1798 1492 1832 Nam
1531 1792 1587 1837 'sm
1628 1799 1672 1832 de
1710 1798 1744 1832 G
1781 1798 1931 1833 sonabit

118 1860 284 1897 τετρακις
306 1849 371 1885 δια
394 1859 527 1885 πασων
553 1860 666 1894 supra
695 1850 747 1890 G,
777 1855 815 1884 et
850 1845 922 1889 Ἧι.
955 1851 1103 1885 sonabit
1131 1851 1207 1885 Gis.
1265 1850 1368 1885 Sicut
1396 1862 1487 1896 ergo
1517 1861 1541 1884 a
1568 1851 1615 1884 ad
1642 1851 1687 1891 b,
1718 1850 1769 1885 sic
1797 1851 1869 1886 erit
1897 1851 1930 1885 G

118 1902 166 1936 ad
193 1900 271 1936 Gis.
324 1901 418 1936 Nam
444 1907 484 1936 et
509 1902 533 1936 b
562 1906 620 1936 est
653 1898 726 1942 1θΙη
758 1904 802 1937 de
831 1915 867 1937 a.
924 1904 993 1938 Est
1021 1907 1146 1938 autem
1182 1903 1452 1948 sedecangulus
1489 1908 1673 1949 cognatus
1709 1904 1930 1950 octangulo‚

118 1957 159 1988 et
183 1963 271 1999 pars
298 1953 380 1988 fidis
406 1959 553 1989 resecta
579 1955 697 1989 adhuc
726 1958 902 1990 consonat
931 1956 1011 1991 toti.
1068 1956 1161 1990 Hinc
1190 1956 1355 1990 oriuntur
1383 1957 1478 1990 tales
1509 1956 1605 1997 toni,
1649 1967 1715 2001 per
1743 1968 1834 2002 quos
1865 1956 1929 1991 im-

118 2005 276 2042 mediate
296 2006 392 2042 inter
416 2008 617 2042 canendum
636 2007 679 2042 iri
708 2014 844 2053 potest.
889 2010 1027 2043 Contra
1052 2009 1146 2043 inter
1175 2010 1210 2049 b,
1241 2009 1264 2043 h
1293 2009 1522 2044 semitonium
1550 2014 1619 2050 est,
1648 2020 1715 2054 per
1735 2011 1830 2055 quod
1859 2021 1930 2044 non

120 2059 195 2094 itur
221 2061 397 2095 canendo.
440 2059 541 2094 Talis
570 2071 712 2106 quoque
741 2067 799 2096 est
827 2061 908 2105 ejus
938 2062 1079 2096 divisio.
1134 2063 1227 2096 Nam
1255 2062 1285 2096 si
1313 2063 1336 2096 b
1365 2061 1553 2097 dividatur
1581 2062 1618 2096 in
1648 2062 1718 2103 25,
1750 2063 1773 2096 b
1802 2064 1930 2096 durum

119 2111 192 2147 erit
218 2123 342 2147 earum
370 2113 530 2158 partium
559 2113 625 2153 24,
665 2118 705 2147 et
739 2108 792 2153 'szs
833 2127 903 2148 non
939 2114 1155 2149 consonabit
1191 2126 1269 2148 cum
1306 2119 1386 2149 tota
1412 2115 1482 2149 fide
1512 2114 1574 2150 25.
1630 2115 1708 2150 Nec
1735 2126 1825 2149 sane
1854 2126 1929 2149 me-

119 2164 225 2206 mini,
265 2164 364 2199 latus
402 2165 807 2212 vigintiquinquang'uli
845 2167 1096 2202 demonstrari.
1154 2168 1291 2202 Contra
1317 2178 1405 2212 pars
1440 2169 1454 2202 l
1490 2167 1709 2202 consonabit
1737 2179 1816 2202 cum
1844 2178 1929 2212 par·

122 2217 219 2253 tibus
248 2216 317 2258 24,
346 2217 410 2252 δια
441 2229 549 2253 uerte
582 2216 644 2252 ἐπι
675 2231 840 2264 τετρακις
865 2221 931 2254 δια
955 2230 1095 2256 πασων.
1151 2220 1244 2254 Nam
1273 2220 1503 2266 24-angulus
1541 2224 1600 2254 est
1627 2220 1930 2255 demonstrationi

122 2269 288 2316 propior,
321 2270 463 2304 scilicet
489 2269 520 2303 si
549 2276 813 2315 componuntur
840 2273 1009 2318 trigonus
1038 2279 1078 2307 et
1105 2277 1308 2317 octogonus
1336 2273 1373 2307 in
1401 2275 1527 2307 eodem
1554 2273 1701 2307 circulo.
1757 2273 1931 2319 Sequitur

120 2323 345 2368 comparatio
374 2323 419 2363 h,
449 2334 488 2363 c,
520 2333 614 2367 quae
643 2334 683 2356 se
712 2334 853 2358 rursum
881 2325 1032 2365 habent,
1063 2330 1105 2359 ut
1137 2326 1182 2359 16
1212 2326 1258 2358 ad
1291 2325 1350 2365 15,
1380 2330 1509 2370 estque
1538 2330 1646 2359 tonus
1675 2325 1801 2359 minor.
1845 2326 1930 2360 'Sed

122 2387 194 2411 non
222 2375 342 2410 omnia
368 2385 579 2420 persequar.
637 2375 746 2409 Vides
775 2382 899 2411 autem
933 2388 1104 2422 quorsum
1139 2379 1307 2417 tendam,
1343 2389 1472 2422 nempe
1506 2382 1548 2411 ut
1576 2377 1695 2412 omnia
1722 2378 1928 2418 semitonia,

123 2433 249 2468 tonos,
277 2429 416 2469 dieses,
457 2440 505 2462 ex
533 2428 708 2462 divisione
736 2429 814 2463 fidis
843 2429 912 2463 tali
940 2431 1112 2470 educam,
1150 2441 1244 2474 quae
1271 2429 1414 2464 habeat
1440 2431 1659 2464 alterutram
1686 2430 1930 2465 conditionum

121 2483 273 2516 duarum
301 2492 415 2526 supra
442 2480 656 2526 positarum,
685 2485 725 2514 et
752 2486 928 2527 sequatur
955 2495 1005 2517 ex
1034 2482 1157 2527 aliquo
1184 2483 1351 2527 regulari
1378 2483 1491 2526 plano
1521 2473 1808 2523 demonstrabili,
1841 2494 1928 2528 quo-

121 2545 202 2568 rum
228 2539 335 2575 sunt,
363 2544 447 2568 mea
473 2532 615 2578 quidem
643 2534 831 2568 sententia
867 2546 939 2569 non
974 2535 1082 2580 plura
1109 2546 1218 2580 quam
1246 2535 1466 2579 quindecim:
1505 2545 1600 2580 quae
1628 2535 1834 2580 designabo
1863 2547 1928 2569 nu-

121 2586 230 2621 meris
257 2591 299 2621 et
325 2587 361 2621 in
389 2587 529 2621 classes
558 2586 794 2631 distinguam.
852 2587 992 2622 Primas
1021 2592 1125 2621 tenet
1152 2588 1410 2633 sexangulum.
1467 2588 1631 2622 Secundo
1668 2588 1748 2621 loco
1777 2593 1864 2630 sunt
1892 2587 1927 2628 3,

124 2638 325 2685 4·angula,
361 2639 471 2673 tertio
505 2639 766 2684 lo-angulum,
806 2646 937 2684 quarto
967 2640 1014 2680 5,
1050 2639 1203 2685 8-ang.,
1241 2641 1365 2684 quinto
1398 2640 1463 2680 12,
1498 2640 1556 2679 15,
1587 2639 1649 2679 20,
1679 2640 1741 2680 24,
1772 2639 1834 2680 30,
1864 2641 1926 2680 40,

125 2692 194 2732 60,
222 2692 294 2733 90,
336 2691 581 2737 120-angula.
639 2692 742 2731 Quae
770 2703 852 2726 cum
880 2692 934 2726 ita
960 2693 1054 2731 sint.
1090 2692 1285 2726 difficultas
1314 2693 1401 2726 mihi
1430 2691 1601 2736 objicitur
1627 2692 1665 2726 in
1697 2693 1743 2727 16
1773 2693 1925 2738 angulo.

125 2744 271 2784 Quaero
299 2745 414 2791 igitur
441 2756 490 2778 ex
517 2749 555 2777 te
582 2745 755 2788 primum,
787 2755 835 2779 an
863 2743 943 2788 ejus
972 2745 1102 2779 lateris
1131 2745 1179 2779 sit
1206 2745 1329 2789 aliqua
1360 2745 1437 2779 alia
1464 2745 1748 2785 demonstratio,
1778 2750 1928 2790 praeter

126 2808 348 2832 communem
374 2797 476 2831 illam
504 2797 659 2831 omnium
686 2798 897 2842 figurarum,
931 2808 1083 2841 quarum
1111 2797 1344 2842 duplicantur
1372 2798 1502 2831 latera.
1558 2797 1652 2831 Nam
1681 2798 1711 2831 si
1738 2798 1844 2832 nulla
1870 2803 1929 2832 est

125 2849 212 2890 alia,
239 2850 438 2894 poterimus
457 2849 539 2894 pari
555 2849 652 2893 jure,
682 2850 712 2883 si
740 2861 827 2884 usus
856 2850 964 2890 ferat,
994 2850 1168 2884 adhibere
1200 2849 1261 2891 48,
1292 2850 1353 2891 80,
1385 2850 1446 2891 96,
1481 2850 1565 2890 160,
1599 2849 1684 2891 180,
1719 2850 1803 2892 192,
1834 2851 1927 2885 240-

125 2902 277 2947 angula,
306 2907 346 2936 et
372 2901 424 2936 sic
450 2897 754 2948 consequenter]

144 3002 169 3039 ,γ
219 2984 257 3025 ι)
282 2985 565 3069 ,ςοᾱοςέἕίῇοαᾰοιιὲῗι
588 2997 722 3027 vocum,
754 2997 821 3030 qua
843 2988 945 3021 utitur
970 2987 1132 3029 Keplerus
1157 2990 1284 3020 veteres
1309 2991 1462 3027 secutus,
1495 2997 1555 3020 nos
1584 2987 1777 3026 hodiernam
1801 2978 1940 3023 δεειιιιιῖ

126 3041 238 3070 mul·
319 3067 323 3071 .
372 3056 382 3070 e
405 3042 483 3071 m·
558 3057 566 3068 v
