2028 3242
164 78 250 120 370
723 81 857 113 Literae
884 80 1019 121 Kepleri
1054 82 1258 124 aliorumque
1283 87 1419 115 mutuae

162 186 341 225 Tandem
384 185 525 236 puduit
555 185 673 232 belli,
719 185 781 225 cui
814 186 1061 225 adhaerebat
1093 187 1293 226 calumnia
1324 187 1598 240 spoliationis;
1642 189 1799 240 itaque,
1840 187 1985 240 iniqua

159 244 366 295 pactione,
411 257 458 282 ne
494 244 705 295 quidsineo
738 245 875 284 labore
907 245 999 285 inde
1032 246 1311 286 concinnatum
1352 246 1455 286 citra
1486 259 1726 289 consensum
1756 247 1972 288 haeredum

160 303 329 348 ederem,
365 303 528 343 tandem
560 316 644 343 rem
678 316 724 343 eo
758 304 918 351 adduxi,
955 309 999 343 ut
1029 304 1358 344 observationum
1389 305 1487 345 mihi
1517 306 1635 359 copia
1652 306 1840 347 secundis
1859 306 1974 359 ipso-

159 374 246 401 rum
286 362 561 402 voluntatibus
599 363 903 415 relinqueretur.
966 363 1031 402 Ex
1075 377 1121 403 eo
1165 363 1302 416 itaque
1345 363 1613 415 patrocinium
1651 364 1972 407 lucubrationum

159 420 359 473 Tychonis
392 421 488 461 mihi
520 434 599 460 non
632 435 801 473 arrogo,
834 423 907 461 sed
939 422 981 461 id
1015 422 1153 462 lubens
1187 423 1362 462 humeris
1396 422 1541 463 nobilis
1573 424 1676 472 viri,
1710 424 1973 465 Francisci

158 478 415 527 Gansneb,
463 480 560 520 dicti
593 481 874 533 Tengnagl,
922 481 1174 533 Westphali,
1223 482 1422 535 Tychonis
1454 482 1589 523 Brahe
1627 483 1766 535 generi
1794 483 2002 531 remitto‚.

161 538 226 589 qui
258 551 347 578 cum
379 539 432 578 sit
464 553 487 578 a
521 540 697 579 consiliis
737 539 1052 592 appellationum
1083 541 1411 590 Bohemicarum,
1455 546 1614 593 partem
1647 541 1788 594 „operis
1825 542 1972 582 bonam

154 610 230 636 non
263 597 411 637 invitus
445 598 541 638 mihi
573 599 746 650 reliquit.
811 598 925 644 Quae
959 599 1124 651 quisque
1157 600 1346 648 effecerit,
1380 605 1539 652 tempus
1572 601 1777 642 ostendet.

248 656 334 688 Hinc
360 658 480 688 transit
504 657 668 698 Keplerus
695 658 737 690 ad
763 667 815 695 ea,
842 667 927 699 quae
952 657 1016 690 huc
1033 668 1136 700 usque
1160 659 1195 690 in
1219 658 1376 691 Martis
1400 659 1531 692 theoria
1545 660 1731 701 profecerit,
1756 659 1971 702 proponenda

152 703 186 734 in
211 704 291 735 libro
320 704 382 742 „de
408 705 549 736 motibus
575 705 693 737 stellae
718 704 872 742 Martis“,
899 705 1018 737 deinde
1043 707 1172 748 pergit:

273 750 356 791 Sed
389 752 439 791 ad
473 752 607 804 capita
640 753 844 792 literarum
876 757 1034 793 tuarum
1066 760 1258 793 revertar.

270 811 326 851 Ut
358 811 619 851 fundamenta
651 811 866 852 restitutae
912 812 1139 852 theoriae
1182 812 1394 853 Lunaris
1429 812 1572 860 edam,
1615 825 1747 853 meum
1779 825 1855 852 non
1889 817 1964 861 est,

151 869 225 909 sed
256 869 497 918 haeredum,
545 883 667 922 quos,
709 875 754 910 ut
786 870 964 919 faciant,
999 884 1159 911 monere
1192 884 1270 911 non
1304 870 1479 919 desist03
1530 883 1641 924 spem
1673 872 1711 912 in
1744 871 1966 924 propinquo

151 929 299 968 nullam
331 928 460 969 video.
518 927 625 974 Quid
659 930 692 969 si
724 943 819 969 vero
851 934 895 970 tu
927 930 1013 983 ipse
1046 931 1120 971 hoc
1141 931 1346 983 negotium
1365 943 1600 983 promovere
1619 929 1781 983 possis?
1825 930 1963 982 Teng-

152 988 309 1039 naglius
343 987 448 1027 enim
480 1001 604 1041 nuper
636 989 935 1041 peregrinatum
967 989 1077 1038 abiit,
1111 995 1326 1042 praetextu
1354 989 1544 1030 visendae
1563 989 1742 1042 patriae3
1773 989 1963 1049 privatim

149 1060 242 1086 vexo
285 1046 441 1099 ajebat,
481 1060 524 1087 se
559 1048 669 1088 adire
701 1048 908 1100 Angliam.
968 1048 1047 1089 Est
1087 1055 1222 1090 autem
1253 1049 1292 1088 in
1324 1049 1459 1089 Dania
1491 1048 1587 1090 Chr.
1620 1047 1806 1090 Severini
1835 1039 1962 1088 Lo'n·

146 1111 492 1157 gomontanus,
546 1120 620 1159 quo
662 1108 797 1162 Tycho
837 1108 888 1148 ad
921 1108 1098 1150 Lunaria
1140 1122 1235 1148 usus
1277 1114 1342 1148 est
1378 1108 1607 1160 plurimum:
1661 1107 1748 1161 qui,
1791 1107 1826 1147 si
1869 1107 1961 1160 quid

149 1171 334 1217 superest
366 1166 638 1216 correctionis,
673 1173 814 1219 suopte
848 1168 887 1207 id
919 1168 1053 1208 Marte
1085 1168 1195 1220 prius
1217 1167 1466 1216 emendabit;
1497 1167 1672 1216 monitus
1704 1166 1810 1207 enim
1841 1181 1866 1207 a
1898 1179 1961 1207 me

149 1224 189 1264 id
221 1237 292 1276 per
323 1224 464 1265 literas
497 1239 540 1265 se
574 1227 772 1266 facturum
806 1233 869 1267 est
899 1227 1122 1279 pollicitus;
1171 1240 1245 1279 quo
1279 1227 1388 1267 facto
1426 1240 1504 1267 uno
1544 1227 1671 1280 gradu
1711 1225 1875 1279 propius
1908 1225 1958 1265 ad

148 1285 364 1324 editionem
397 1286 698 1325 accesserimus.
763 1286 807 1325 In
841 1286 1095 1327 conclusione
1129 1285 1367 1338 Opticorum
1399 1299 1544 1326 novam
1576 1285 1810 1342 methodum
1835 1285 1958 1341 polli-

144 1343 247 1383 citus
283 1356 368 1382 sum
403 1344 459 1383 rei
491 1345 772 1396 perficiendae.
837 1346 956 1385 Illam
979 1359 1094 1398 xero,
1128 1346 1216 1386 Deo
1249 1346 1428 1395 volente,
1464 1346 1550 1386 sine
1583 1344 1784 1399 Tychonis
1815 1342 1957 1384 obser-

144 1403 372 1442 vationibus
408 1403 585 1444 editurus
619 1410 661 1444 et
692 1405 730 1444 in
764 1405 862 1444 meis
896 1405 1103 1457 eclipsium
1136 1405 1484 1446 observationibus
1517 1405 1799 1457 exploraturus
1826 1415 1927 1444 sum.

262 1460 379 1506 Quod
413 1462 544 1502 fixas
578 1464 754 1512 attinet,
775 1470 890 1504 extat
923 1466 1026 1517 apud
1060 1465 1255 1504 haeredes
1275 1465 1476 1516 privatum
1509 1475 1607 1516 opus
1645 1461 1756 1504 1000
1776 1463 1957 1511 fixarum,

141 1521 181 1560 in
214 1533 290 1572 quo
324 1522 473 1560 multae
517 1522 556 1562 in
597 1523 869 1575 septentrione
914 1530 1077 1576 praeter
1120 1536 1326 1564 numerum
1356 1522 1648 1563 Ptolemaicum
1686 1527 1956 1571 accesserunt,

142 1580 314 1632 aliquae,
341 1581 583 1632 praesertim
615 1582 655 1622 in
687 1583 938 1623 meridionali
971 1582 1278 1635 hemisphaerio,
1314 1582 1541 1623 necessario
1564 1582 1674 1622 fuere
1693 1580 1954 1634 praeteritae.

140 1640 242 1680 Utut
273 1639 435 1686 habeat,
468 1640 686 1681 haeredum
719 1642 925 1683 arbitrium
959 1650 1035 1691 est,
1068 1642 1167 1682 illud
1200 1642 1332 1682 edere.

235 1696 387 1737 (Addidit
423 1698 587 1740 Keplerus
619 1700 706 1733 hunc
743 1701 932 1744 catalogum
965 1702 1135 1733 stellarum
1168 1700 1306 1733 fixarum
1339 1699 1461 1732 tabulis
1492 1699 1722 1741 Rudolphinis.
1758 1695 1955 1731 *Theoriam

138 1746 306 1778 Lunarem
332 1746 538 1783 absolutam,
572 1747 744 1779 Herwarto
771 1749 979 1785 dedicatam,
1017 1749 1056 1780 ob
1083 1749 1245 1780 defectum
1273 1747 1468 1791 typographi
1491 1757 1558 1779 non
1582 1745 1833 1789 imprimendam
1850 1754 1953 1778 ‘cura-

138 1794 201 1831 vit;
226 1793 314 1824 inest
338 1793 422 1824 haec
448 1793 522 1824 Vol.
549 1794 593 1826 11.
622 1794 703 1826 Mss.
731 1794 1077 1837 Petropolitanorum.)
1809 1813 1813 1819 ·

256 1841 317 1879 De
350 1842 574 1893 astrologia
611 1843 712 1882 talia
751 1843 917 1891 scribis,
965 1845 1067 1883 talia
1105 1843 1289 1895 quaeris,
1334 1848 1378 1882 ut
1411 1854 1589 1893 sperem,
1636 1841 1710 1882 tibi
1740 1841 1952 1894 plurimum

137 1899 392 1939 satisfactum
444 1900 493 1939 iri
538 1901 612 1940 hac
653 1902 813 1953 adjecta
864 1902 1239 1950 dissertatiuncula,
1285 1914 1364 1953 qua
1398 1902 1522 1949 lecta,
1569 1901 1736 1940 sibene
1769 1900 1951 1952 conjicio,

136 1959 359 2010 aequiorem
375 1960 651 2010 pronunciabit
667 1962 908 2001 sententiam
927 1974 997 2000 rex
1017 1961 1353 2013 sapientissimus.
1389 1959 1470 1999 Sed
1493 1961 1668 1999 fortasse
1687 1958 1837 2011 poterit
1850 1960 1950 2000 haec

136 2018 230 2058 olim
250 2017 420 2057 mateiia
452 2018 683 2070 diligentius
715 2025 757 2059 et
788 2020 847 2060 ita
879 2021 1076 2069 adornari,
1111 2025 1155 2059 ut
1187 2018 1451 2059 serenissimis
1484 2019 1571 2071 ejus
1591 2019 1718 2059 oculis
1743 2018 1950 2058 honestius

136 2077 341 2116 offeratur.
404 2077 513 2116 Deus
549 2091 610 2118 me
645 2092 694 2118 ex
726 2079 974 2119 astronomia
1006 2079 1220 2131 expediat,
1267 2084 1311 2119 ut
1349 2079 1400 2118 ad
1438 2090 1573 2118 curam
1611 2077 1743 2129 operis
1781 2077 1859 2117 mei
1898 2078 1948 2117 de

136 2135 411 2175 Harmonia
444 2137 602 2176 mundi
635 2145 861 2179 conveiQtar
923 2139 1120 2191 Equidem
1151 2138 1250 2178 illud
1282 2151 1380 2190 opus
1410 2138 1494 2190 jam
1524 2130 1682 2190 pridem
1713 2136 1840 2178 tacite
1859 2136 1946 2188 regi

136 2199 272 2234 vestro
308 2194 532 2242 destinavi,
579 2209 654 2236 non
687 2202 772 2236 tam
805 2198 937 2238 studio
971 2198 1007 2237 ei
1039 2198 1340 2246 innotescendi,
1375 2209 1495 2249 quam
1525 2201 1620 2236 voto
1652 2195 1946 2243 ardentissimo,

134 2258 178 2293 ut
221 2253 380 2304 inipso
425 2255 630 2295 coalescat
674 2256 883 2296 harmonia
928 2257 1193 2297 ecclesiae.
1259 2257 1301 2297 Is
1334 2257 1437 2296 enim
1477 2256 1577 2296 talia
1607 2255 1794 2307 scripsit,
1847 2254 1948 2295 talia

135 2313 257 2359 facit,
291 2318 336 2352 ut
367 2326 443 2353 non
475 2313 759 2355 inconveniens
793 2322 863 2356 aut
894 2316 1121 2369 ἀναρμοςος
1153 2316 1338 2356 videatur
1369 2315 1599 2368 hujusmodi
1632 2315 1699 2355 vel
1730 2313 1945 2363 dedicatio,

134 2372 197 2411 vel
230 2371 487 2413 existimatio.
553 2373 631 2419 Qui
666 2388 740 2427 quo
775 2376 928 2416 tardius
971 2376 1205 2428 aggreditur
1241 2388 1325 2415 rem
1364 2375 1547 2415 omnibus
1578 2372 1784 2426 oppressis
1815 2384 1944 2424 exop-

133 2431 387 2479 tatissimam,
423 2432 497 2471 1100
530 2433 760 2485 diligentius
794 2447 930 2474 omnes
963 2435 1196 2475 occasiones
1229 2435 1589 2486 circumspecturus
1621 2445 1711 2473 esse
1743 2437 1944 2473 censetur.

133 2491 242 2530 Deus
271 2490 319 2531 O.
343 2492 399 2530 M.
428 2491 572 2532 bonum
605 2505 717 2544 opus,
751 2495 854 2545 quod
887 2495 925 2534 in
958 2494 1045 2546 ipso
1078 2499 1266 2546 operatus
1302 2499 1384 2542 est,
1417 2493 1544 2545 primo
1577 2503 1730 2544 quoque
1762 2496 1942 2542 tempore

132 2550 326 2601 perficiat..
391 2549 472 2590 Sed
504 2551 607 2591 hanc
640 2553 882 2592 mentionem
927 2554 1016 2592 ideo
1062 2554 1224 2605 injicere
1259 2552 1408 2604 coepi,
1441 2557 1487 2592 ut
1529 2550 1737 2591 consilium
1780 2549 1854 2590 abs
1887 2555 1941 2599 te,

133 2608 206 2647 Vir
238 2609 592 2650 Praestantissime
637 2618 818 2664 peterem
862 2612 899 2652 in
933 2627 975 2653 re
1011 2613 1096 2664 jam
1145 2626 1169 2652 a
1200 2613 1324 2652 multo
1357 2616 1536 2663 tempore
1569 2609 1788 2650 destinata.
1852 2607 1942 2654 Quo

133 2667 287 2706 nomine
319 2668 529 2718 plurimum
560 2670 706 2718 laetor,
754 2676 794 2710 te
828 2671 924 2711 mihi
956 2672 1133 2711 oblatum
1166 2684 1214 2710 ex
1247 2671 1317 2711 illa
1347 2676 1486 2721 gente,
1527 2683 1553 2709 a
1583 2680 1659 2722 quo
1690 2666 1940 2720 potissimum
2002 2701 2009 2712 ff

134 2725 190 2764 sic
223 2726 409 2766 erudirer.
472 2729 577 2768 Nam
610 2730 674 2781 qui
707 2735 770 2769 est
808 2730 845 2770 iu
879 2735 919 2769 te
954 2744 1063 2770 amor
1096 2731 1233 2770 harum
1267 2730 1430 2778 artium,
1473 2741 1549 2768 non
1582 2727 1759 2780 patietur
1790 2726 1940 2774 feriari,
2003 2734 2006 2735 ’

134 2783 225 2836 quin
257 2785 321 2823 vel
353 2785 436 2825 hac·
458 2788 523 2826 vel
556 2788 636 2827 alia
667 2789 733 2828 via
766 2789 943 2836 (incerta
975 2790 1079 2829 enim
1098 2790 1271 2829 humana
1302 2788 1446 2836 omnia,
1481 2793 1523 2828 et
1541 2787 1702 2833 bellum,
1733 2786 1940 2828 Musarum

132 2843 353 2894 pernicies,
401 2846 534 2885 nescio
575 2851 766 2898 quantum
810 2862 835 2887 a
873 2849 987 2888 nobis
1027 2849 1134 2888 absit
1170 2849 1208 2888 in
1240 2847 1460 2896 Bohemia,
1507 2846 1599 2886 dum
1633 2845 1723 2897 jam
1752 2845 1940 2886 Moravia
1998 2860 2002 2866 “

132 2901 382 2953 periclitatur
414 2910 532 2955 atque
566 2906 753 2954 Ausa-ia.)
799 2908 989 2947 cultorem
1029 2908 1258 2947 matheseos
1300 2906 1465 2946 consilio
1505 2905 1569 2945 vel
1600 2916 1723 2956 opera
1766 2906 1867 2957 (qua.
1897 2909 1937 2944 te

132 2961 282 3012 pollere
316 2961 521 3011 existimo,
567 2965 646 3004 tuis
689 2966 816 3005 literis
854 2966 1061 3013 inductus)
1107 2979 1224 3018 quam
1261 2965 1410 3016 optime
1448 2976 1698 3016 promoveas.
1762 2963 1846 3004 Sed
1886 2964 1936 3003 ad

134 3019 408 3071 quaestionem
440 3022 662 3062 redeamus.
725 3024 921 3077 Equidem
954 3026 1012 3065 ita
1043 3025 1314 3065 conformatae
1347 3028 1441 3063 sunt
1471 3024 1608 3063 theses
1641 3035 1767 3072 meae,
1799 3026 1844 3063 ut
1862 3035 1936 3062 nec
1990 3065 1992 3067 ,

132 3078 297 3130 planeta
329 3090 400 3118 nec
434 3086 622 3132 aspectus
654 3082 757 3122 ullus
791 3085 919 3124 malus
952 3084 1018 3123 sit.
1084 3083 1387 3124 Contrariorum
1418 3095 1511 3122 vero
1539 3082 1736 3134 oppositio
1769 3086 1937 3123 exornat
