1982 3268
63 2064 66 2066 v
125 2033 200 2071 quo
239 2020 375 2061 labore
423 2035 484 2066 me
525 2022 642 2061 facile
684 2022 853 2066 liberare
891 2022 1092 2074 potuisset
1133 2022 1366 2064 Joachimus
1404 2019 1620 2072 Rheticus,
1667 2021 1749 2074 qui
1767 2021 1935 2078 smgula

4 0 10 9 κ
56 17 61 22 -
151 27 156 29 ,
192 15 195 18 >
224 20 250 37 ⁷„
456 10 483 31 ,ρ
548 0 561 31 μ’
709 0 727 38 lf'
746 0 751 6 “
838 11 849 34 Ι
974 8 987 19 Α
1158 0 1162 16 '1
1184 8 1189 30 ἱ
1410 0 1421 15 ,-
1622 4 1630 21 ‚¹

79 56 111 99 ς)
142 22 224 97 <73
704 10 1106 93 ”W‘w‘e
1166 40 1232 94 Ρ
1268 15 1467 92 wisi
1522 43 1755 101 ‚nm
1769 38 1889 123 <Vis

38 101 46 111 „
390 113 393 120 ι
793 124 803 137 Ι
819 138 823 147 ,
1511 86 1528 159 l
1703 97 1712 105 .»
1730 99 1753 113 w
1922 107 1932 125 ’

581 723 960 772 PRAEFATIO
997 723 1090 770 AD
1127 722 1483 772 LEGTOREM.

243 958 499 1010 Propositum
520 964 583 1000 est
602 959 716 1007 mihi,
740 960 884 1008 lector,
920 960 994 998 hoc
1016 959 1150 1000 libello
1172 959 1469 1008 demonstrare,
1493 959 1598 1012 quod
1619 957 1791 1004 Creator
1811 957 1934 1011 Opti-

127 1030 213 1059 mus
245 1017 463 1067 Maximus,
511 1018 547 1059 in
581 1019 784 1059 creatione
829 1019 965 1059 mundi
996 1018 1114 1070 hujus
1152 1019 1310 1066 mobilis
1350 1023 1393 1059 et
1435 1017 1698 1070 dispositione
1737 1018 1937 1059 coelorum

128 1077 179 1115 ad
218 1076 289 1117 illa
328 1079 498 1129 quinque
537 1078 738 1129 regularia
778 1090 962 1130 corpora,
1010 1077 1099 1118 inde
1141 1091 1165 1117 a
1207 1078 1441 1132 Pythagora
1485 1081 1527 1117 et
1561 1077 1732 1118 Platone
1776 1077 1828 1117 ad
1863 1089 1936 1117 nos

127 1149 250 1187 usque
284 1137 623 1185 celebratissima,
657 1137 900 1189 respexerit,
935 1143 1055 1189 atque
1089 1137 1140 1176 ad
1173 1136 1329 1178 illorum
1360 1141 1545 1177 naturam
1572 1136 1774 1186 coelorum
1793 1149 1934 1177 nume-

126 1208 229 1244 rum,
263 1196 565 1247 proportiones,
614 1202 654 1236 et
684 1201 860 1236 motuum
892 1196 1089 1241 rationem
1124 1195 1543 1244 accommodaverit.⁸)
1607 1194 1690 1236 Sed
1719 1199 1946 1248 autequam

127 1259 166 1293 te
200 1254 250 1293 ad
282 1267 366 1294 rem
399 1254 527 1306 ipsam
559 1255 696 1296 venire
729 1255 882 1307 patiar,
920 1268 1007 1296 cum
1040 1255 1088 1295 de
1122 1256 1331 1296 occasione
1364 1255 1479 1308 hujus
1518 1254 1644 1295 libelli
1681 1259 1765 1295 tum
1796 1255 1844 1295 de
1865 1267 1935 1297 ra-

126 1312 232 1352 tione
266 1313 342 1353 mei
376 1313 549 1354 instituti
595 1315 731 1367 aliqua
771 1319 903 1357 tecum
948 1327 1086 1367 agam,
1134 1327 1234 1367 quae
1280 1319 1321 1355 et
1359 1315 1412 1355 ad
1450 1318 1558 1355 tuum
1602 1314 1851 1354 intellectum
1895 1318 1937 1353 et

124 1372 175 1411 ad
208 1385 336 1413 meam
370 1373 516 1414 famam
541 1374 742 1426 pertinere
776 1374 994 1418 arbitratus
1028 1374 1151 1414 fuero.

244 1430 333 1477 Quo
376 1438 553 1484 tempore
587 1432 814 1484 Tubingae,
853 1433 996 1473 abhinc
1040 1432 1230 1472 sexennio
1269 1431 1493 1472 clarissimo
1535 1431 1620 1471 viro
1651 1431 1709 1471 M.
1741 1430 1934 1472 Michaeli

123 1490 342 1532 Maestliuo
376 1504 536 1543 operam
571 1492 734 1540 dabam,
768 1497 900 1532 motus
933 1491 1141 1543 multiplici
1167 1491 1495 1531 incommoditate
1516 1490 1692 1531 usitatae
1718 1490 1766 1530 de
1787 1491 1933 1531 mundo

125 1549 339 1600 opinionis,
374 1551 473 1590 adeo
507 1551 732 1590 delectatus
764 1563 850 1595 sum
884 1549 1126 1602 CopernicO,
1167 1551 1279 1603 cujus
1311 1550 1378 1591 ille
1411 1550 1447 1590 in
1481 1549 1820 1602 praelectionibus
1853 1549 1935 1589 suis

124 1608 333 1659 plurimam
367 1609 607 1649 mentionem
640 1609 839 1658 faciebat,
875 1614 918 1649 ut
949 1622 1026 1649 non
1060 1615 1215 1650 tantum
1236 1609 1375 1650 crebro
1410 1609 1496 1661 ejus
1528 1608 1710 1661 placita
1699 1621 1738 1648 ιιι
1758 1608 1935 1662 physicis

126 1666 461 1718 disputationibus
495 1669 798 1708 candidatorum
819 1641 1095 1717 defenderem,
1130 1669 1202 1708 sed
1222 1668 1345 1708 etiam
1365 1672 1599 1709 accuratam
1620 1667 1682 1708 dis
1711 1667 1841 1708 utatio
1873 1681 1893 1707 e

66 1726 69 1729 ’
126 1725 173 1765 de
206 1732 316 1766 motu
349 1727 495 1778 primo,
531 1728 635 1780 quod
657 1727 806 1767 Terrae
829 1727 1029 1769 volutione
1052 1720 1405 1780 aoc1dat¹²>hco
1397 1741 1413 1759 s
1484 1716 1613 1729 ’νὴ
1688 1679 1710 1783 S
1716 1739 1923 1787 amqyssm
1893 1726 1931 1766 in

126 1797 171 1823 eo
205 1798 330 1839 eram,
373 1793 416 1825 ut
448 1786 577 1826 eidem
610 1785 733 1826 etiam
764 1784 914 1826 Telluri
947 1791 1097 1831 motum
1130 1786 1384 1835 Solarem⁰)‚
1417 1791 1462 1836 ut
1495 1781 1741 1838 Copernicus
1773 1785 1931 1826 mathe-

125 1835 304 1893 matteis,
351 1844 408 1884 sic
448 1858 521 1897 ego
565 1845 760 1898 physicis,
805 1858 876 1885 seu
907 1845 1054 1894 mavis,
1094 1845 1378 1899 metaphysicis
1417 1845 1639 1885 rationibus
1678 1843 1931 1885 ascriberem.
1978 1851 1982 1854 ⁴

125 1902 259 1970 Atque
292 1903 330 1942 in
363 1904 464 1944 hunc
497 1917 608 1944 usum
640 1904 785 1956 partim
819 1917 868 1944 ex
900 1916 967 1944 ore
988 1904 1215 1951 Maestlini,
1248 1904 1396 1956 partim
1429 1917 1516 1944 meo
1537 1904 1690 1956 Marte,
1723 1916 1821 1956 quas
1848 1902 1950 1952 Co-,
1979 1905 1982 1934 ⁴?

123 1962 308 2021 pernicus
342 1962 380 2001 in
414 1963 581 2002 mathesi
614 1972 710 2014 prae
742 1961 974 2011 Ptolemaeo
1007 1962 1131 2009 habet
1162 1964 1488 2012 commoditates,
1533 1963 1729 2020 paulatim
1761 1962 1931 2015 collegi:

120 2078 296 2118 breviter
341 2085 381 2119 et
417 2081 624 2132 perspicue
666 2081 796 2132 prima
833 2093 907 2120 sua
937 2080 1179 2121 Narratione
1218 2086 1455 2132 persecutus
1497 2087 1573 2121 est.
1640 2068 1800 2121 Interea
1841 2077 1960 2120 dum*

121 2137 217 2177 illud
239 2152 379 2178 saxum
399 2140 528 2187 volvo,
552 2139 622 2179 sed
642 2154 860 2192 παρεργως,
881 2153 996 2179 secus
1017 2139 1282 2192 theologiam:
1317 2137 1521 2180 commede
1546 2139 1708 2189 accidit,
1730 2145 1776 2179 ut
1797 2138 1950 2180 Grae-v

123 2196 220 2236 tium
259 2197 455 2246 venirem,
503 2204 622 2250 atque
662 2199 715 2238 ibi
749 2197 925 2250 Georgio
959 2198 1101 2238 Stadio
1134 2212 1173 2252 p.
1206 2212 1257 2238 m.
1278 2195 1334 2247 ²⁹)
1375 2199 1650 2239 succederem:
1707 2198 1774 2239 ubi
1813 2197 1935 2239 officii

126 2255 230 2295 ratio
276 2269 338 2296 me
385 2257 533 2297 arctius
573 2257 633 2297 his
679 2257 822 2298 studiis
867 2258 1093 2298 obstrinxit.
1161 2258 1222 2298 Ibi
1266 2258 1305 2298 in
1344 2258 1609 2310 explicatione
1651 2257 1934 2310 principiorum

125 2316 392 2355 astronomiae
426 2329 569 2368 magno
603 2317 694 2356 mihi
728 2316 814 2356 usui
848 2316 1007 2356 fuerunt
1039 2316 1171 2356 omnia
1202 2316 1292 2365 illa,
1332 2330 1432 2370 quae
1469 2322 1591 2358 antea
1615 2317 1686 2360 (vel
1717 2330 1742 2356 a
1772 2316 1932 2356 Maest-

125 2373 204 2413 lino
237 2375 485 2424 audiveram,
521 2376 615 2415 vel
605 2388 690 2427 lpse
726 2375 1023 2418 affectaveram.
1088 2375 1222 2428 Atque
1241 2376 1342 2416 utin
1365 2376 1538 2429 Virgilio
1572 2376 1679 2416 fama
1704 2374 1932 2429 mobilitate

122 2432 233 2483 viget
264 2434 446 2486 viresque
480 2435 647 2487 acquirit
680 2435 830 2474 eundo:
873 2434 930 2475 sic
963 2435 1060 2475 mibi
1091 2435 1231 2475 harum
1263 2448 1395 2476 rerum
1426 2434 1598 2486 diligens
1630 2425 1824 2488 cogitatio
1857 2446 1964 2491 c0-1>

123 2490 331 2542 gitationis
378 2493 579 2533 ulterioris
625 2507 749 2534 causa
787 2493 876 2533 fuit.
951 2492 1089 2535 Donec
1138 2494 1303 2535 tandem
1342 2507 1445 2535 anno
1494 2491 1623 2543 1595,
1671 2505 1758 2534 cum
1808 2481 1950 2533 otium

125 2564 149 2589 a
174 2550 411 2592 lectionibus
443 2565 626 2604 cuperem
660 2553 758 2592 bene
792 2556 834 2592 et
865 2548 915 2592 ex
947 2553 1064 2594 officii
1097 2553 1251 2594 ratione
1286 2553 1536 2606 transigere,
1577 2557 1663 2593 toto
1702 2551 1822 2592 animi
1853 2550 1943 2591 ἱιιι-

124 2614 219 2661 petu
253 2610 290 2649 in
323 2611 424 2651 hanc
456 2612 665 2651 materiam
698 2611 869 2652 incubui.

243 2669 296 2709 Et
322 2670 400 2709 tria
418 2670 667 2721 potissimum
692 2675 827 2719 erant,
862 2683 1025 2723 quorum
1046 2683 1119 2723 ego
1140 2684 1302 2719 causas,
1338 2683 1406 2711 cur
1428 2671 1503 2719 ita,
1539 2682 1614 2709 non
1637 2668 1755 2709 aliter
1781 2655 1946 2727 esseut}

125 2726 384 2776 pertinacite1
417 2730 674 2780 quaerebam,
722 2742 959 2776 numeruS,
994 2730 1259 2781 quantitas
1293 2734 1335 2769 et
1367 2734 1524 2770 motus
1557 2728 1720 2769 orbium.
1777 2728 1834 2768 Ut
1858 2727 1953 2786 Ιιοαξ

128 2786 312 2825 auderem
362 2788 494 2827 effecit
543 2788 612 2828 illa
660 2788 827 2840 pulchra
876 2788 1163 2840 quiescentium
1213 2788 1437 2837 harmonia,
1497 2787 1622 2836 Solis,
1679 2787 1845 2826 fixarum
1893 2789 1953 2828 et

128 2842 349 2884 intermedii
408 2860 493 2885 curn
545 2847 630 2886 Deo
683 2848 828 2894 Patre,
892 2851 933 2886 et
986 2847 1087 2887 Filio
1145 2852 1184 2886 et
1235 2846 1277 2887 S.
1332 2821 1509 2899 Spiritu.
1573 2858 1690 2898 quam
1745 2844 1949 2906 similitu-2221.

129 2900 257 2940 dinem
309 2916 381 2954 ego
433 2904 469 2943 in
515 2905 821 2957 cosmographia
870 2918 1087 2958 persequar
1141 2905 1374 2956 a1nplius.‘¹)
1438 2905 1538 2947 Cum
1588 2905 1708 2956 igitur
1751 2903 1809 2944 ita
1857 2889 1949 2964 ha-,a

129 2959 269 2998 berent
302 2960 564 3029 quiescentia,
612 2977 687 3003 non
728 2964 960 3004 dubitabam
999 2965 1046 3004 de
1086 2963 1317 3013 mobilibus,
1366 2965 1458 3017 quin
1493 2977 1536 3004 se
1574 2962 1806 3019 praebitura
1836 2945 1946 3008 sint&

130 3017 248 3056 Initio
281 3031 362 3058 rem
394 3022 565 3060 numeris
599 3035 814 3073 aggressus
848 3035 954 3070 sum,
1000 3028 1041 3062 et
1078 3021 1347 3071 consideravi,
1392 3029 1523 3063 utrum
1562 3035 1661 3062 unus
1692 3021 1800 3061 orbis
1832 3019 1886 3061 ali
1923 3064 1928 3066 γ

133 3075 315 3127 duplum,
363 3077 545 3128 triplum,
607 3081 891 3133 quadruplum,
944 3086 1012 3122 aut
1062 3080 1155 3134 quid
1204 3082 1368 3123 tandem
1417 3082 1610 3122 haberet:
1667 3081 1883 3136 quantumq
1916 3078 1923 3081 “
