<?xml version="1.0" encoding="UTF-8"?>
<!DOCTYPE html PUBLIC "-//W3C//DTD XHTML 1.0 Transitional//EN"
    "http://www.w3.org/TR/xhtml1/DTD/xhtml1-transitional.dtd">
<html xmlns="http://www.w3.org/1999/xhtml" xml:lang="en" lang="en">
 <head>
  <title>
</title>
<meta http-equiv="Content-Type" content="text/html;charset=utf-8" />
  <meta name='ocr-system' content='tesseract 3.04.00' />
  <meta name='ocr-capabilities' content='ocr_page ocr_carea ocr_par ocr_line ocrx_word'/>
</head>
<body>
  <div class='ocr_page' id='page_1' title='image "./operaomniaedidit01kepluoft_0381.png"; bbox 0 0 2028 3242; ppageno 0'>
   <div class='ocr_carea' id='block_1_1' title="bbox 761 81 1868 127">
    <p class='ocr_par' dir='ltr' id='par_1_1' title="bbox 761 81 1868 127">
     <span class='ocr_line' id='line_1_1' title="bbox 761 81 1868 127; baseline 0.008 -10"><span class='ocrx_word' id='word_1_1' title='bbox 761 84 806 117; x_wconf 71' lang='grc' dir='ltr'><strong>ιι.</strong></span> <span class='ocrx_word' id='word_1_2' title='bbox 825 84 924 117; x_wconf 67' lang='grc' dir='ltr'><strong>ιιι-ι</strong></span> <span class='ocrx_word' id='word_1_3' title='bbox 948 83 1164 127; x_wconf 64' lang='grc' dir='ltr'><strong>ιιι-οιιςιώ.</strong></span> <span class='ocrx_word' id='word_1_4' title='bbox 1779 81 1868 126; x_wconf 76' lang='grc'><strong>359</strong></span> 
     </span>
    </p>
   </div>
   <div class='ocr_carea' id='block_1_2' title="bbox 4 188 1891 3116">
    <p class='ocr_par' dir='ltr' id='par_1_2' title="bbox 54 188 1891 1123">
     <span class='ocr_line' id='line_1_2' title="bbox 64 188 1866 243; baseline 0 -12"><span class='ocrx_word' id='word_1_5' title='bbox 64 188 420 239; x_wconf 63' lang='lat' dir='ltr'><strong>maid-num,</strong></span> <span class='ocrx_word' id='word_1_6' title='bbox 466 189 662 231; x_wconf 74' lang='lat' dir='ltr'><strong>distantia</strong></span> <span class='ocrx_word' id='word_1_7' title='bbox 692 189 974 243; x_wconf 76' lang='lat' dir='ltr'><strong>significatoria</strong></span> <span class='ocrx_word' id='word_1_8' title='bbox 1005 203 1031 230; x_wconf 86' lang='lat' dir='ltr'><strong>a</strong></span> <span class='ocrx_word' id='word_1_9' title='bbox 1059 189 1276 230; x_wconf 86' lang='lat' dir='ltr'><strong>meridiano</strong></span> <span class='ocrx_word' id='word_1_10' title='bbox 1308 189 1504 243; x_wconf 85' lang='lat' dir='ltr'><strong>quomodo</strong></span> <span class='ocrx_word' id='word_1_11' title='bbox 1535 189 1652 230; x_wconf 88' lang='lat' dir='ltr'><strong>detur</strong></span> <span class='ocrx_word' id='word_1_12' title='bbox 1687 190 1726 230; x_wconf 93' lang='lat' dir='ltr'><strong>in</strong></span> <span class='ocrx_word' id='word_1_13' title='bbox 1757 194 1866 231; x_wconf 81' lang='lat' dir='ltr'><strong>tem-</strong></span> 
     </span>
     <span class='ocr_line' id='line_1_3' title="bbox 65 247 1864 302; baseline -0.001 -11"><span class='ocrx_word' id='word_1_14' title='bbox 65 248 272 302; x_wconf 67' lang='lat' dir='ltr'><strong>poralibus</strong></span> <span class='ocrx_word' id='word_1_15' title='bbox 300 247 419 290; x_wconf 74' lang='lat' dir='ltr'><strong>horis</strong></span> <span class='ocrx_word' id='word_1_16' title='bbox 446 262 498 288; x_wconf 83' lang='lat' dir='ltr'><strong>an</strong></span> <span class='ocrx_word' id='word_1_17' title='bbox 531 249 570 289; x_wconf 93' lang='lat' dir='ltr'><strong>in</strong></span> <span class='ocrx_word' id='word_1_18' title='bbox 601 249 849 302; x_wconf 78' lang='lat' dir='ltr'><strong>aequalibus,</strong></span> <span class='ocrx_word' id='word_1_19' title='bbox 881 249 922 290; x_wconf 81' lang='lat' dir='ltr'><strong>h.</strong></span> <span class='ocrx_word' id='word_1_20' title='bbox 956 262 992 289; x_wconf 87' lang='lat' dir='ltr'><strong>e.</strong></span> <span class='ocrx_word' id='word_1_21' title='bbox 1024 247 1065 288; x_wconf 91' lang='lat' dir='ltr'><strong>in</strong></span> <span class='ocrx_word' id='word_1_22' title='bbox 1094 261 1179 288; x_wconf 85' lang='lat' dir='ltr'><strong>asc.</strong></span> <span class='ocrx_word' id='word_1_23' title='bbox 1213 249 1351 289; x_wconf 83' lang='lat' dir='ltr'><strong>recta?</strong></span> <span class='ocrx_word' id='word_1_24' title='bbox 1411 247 1468 288; x_wconf 88' lang='lat' dir='ltr'><strong>Et</strong></span> <span class='ocrx_word' id='word_1_25' title='bbox 1496 247 1532 288; x_wconf 88' lang='lat' dir='ltr'><strong>si</strong></span> <span class='ocrx_word' id='word_1_26' title='bbox 1563 249 1652 298; x_wconf 88' lang='lat' dir='ltr'><strong>hoc,</strong></span> <span class='ocrx_word' id='word_1_27' title='bbox 1684 254 1729 289; x_wconf 93' lang='lat' dir='ltr'><strong>ut</strong></span> <span class='ocrx_word' id='word_1_28' title='bbox 1746 249 1864 289; x_wconf 86' lang='lat' dir='ltr'><strong>hodie</strong></span> 
     </span>
     <span class='ocr_line' id='line_1_4' title="bbox 64 303 1864 361; baseline 0 -13"><span class='ocrx_word' id='word_1_29' title='bbox 64 318 228 360; x_wconf 82' lang='lat' dir='ltr'><strong>semper</strong></span> <span class='ocrx_word' id='word_1_30' title='bbox 255 307 316 355; x_wconf 83' lang='lat' dir='ltr'><strong>fit,</strong></span> <span class='ocrx_word' id='word_1_31' title='bbox 348 313 444 348; x_wconf 83' lang='lat' dir='ltr'><strong>tunc</strong></span> <span class='ocrx_word' id='word_1_32' title='bbox 474 307 599 349; x_wconf 86' lang='lat' dir='ltr'><strong>debes</strong></span> <span class='ocrx_word' id='word_1_33' title='bbox 629 321 680 348; x_wconf 82' lang='lat' dir='ltr'><strong>ex</strong></span> <span class='ocrx_word' id='word_1_34' title='bbox 711 309 847 361; x_wconf 87' lang='lat' dir='ltr'><strong>aliqua</strong></span> <span class='ocrx_word' id='word_1_35' title='bbox 863 307 1005 348; x_wconf 84' lang='lat' dir='ltr'><strong>tabula</strong></span> <span class='ocrx_word' id='word_1_36' title='bbox 1034 303 1248 360; x_wconf 83' lang='lat' dir='ltr'><strong>excerpere</strong></span> <span class='ocrx_word' id='word_1_37' title='bbox 1278 307 1439 348; x_wconf 84' lang='lat' dir='ltr'><strong>horaria</strong></span> <span class='ocrx_word' id='word_1_38' title='bbox 1456 313 1641 360; x_wconf 85' lang='lat' dir='ltr'><strong>tempora</strong></span> <span class='ocrx_word' id='word_1_39' title='bbox 1658 307 1864 360; x_wconf 80' lang='lat' dir='ltr'><strong>siguifica-</strong></span> 
     </span>
     <span class='ocr_line' id='line_1_5' title="bbox 63 366 1862 419; baseline 0 -12"><span class='ocrx_word' id='word_1_40' title='bbox 63 366 187 414; x_wconf 60' lang='lat' dir='ltr'><strong>tuing</strong></span> <span class='ocrx_word' id='word_1_41' title='bbox 226 377 302 419; x_wconf 78' lang='lat' dir='ltr'><strong>per</strong></span> <span class='ocrx_word' id='word_1_42' title='bbox 328 378 382 406; x_wconf 78' lang='lat' dir='ltr'><strong>ea</strong></span> <span class='ocrx_word' id='word_1_43' title='bbox 417 366 571 407; x_wconf 85' lang='lat' dir='ltr'><strong>divides</strong></span> <span class='ocrx_word' id='word_1_44' title='bbox 602 367 869 408; x_wconf 79' lang='lat' dir='ltr'><strong>differentiam</strong></span> <span class='ocrx_word' id='word_1_45' title='bbox 911 379 997 407; x_wconf 81' lang='lat' dir='ltr'><strong>asc.</strong></span> <span class='ocrx_word' id='word_1_46' title='bbox 1027 371 1164 407; x_wconf 85' lang='lat' dir='ltr'><strong>rectae</strong></span> <span class='ocrx_word' id='word_1_47' title='bbox 1201 366 1321 406; x_wconf 84' lang='lat' dir='ltr'><strong>medii</strong></span> <span class='ocrx_word' id='word_1_48' title='bbox 1351 366 1452 406; x_wconf 90' lang='lat' dir='ltr'><strong>coeli</strong></span> <span class='ocrx_word' id='word_1_49' title='bbox 1485 371 1528 405; x_wconf 93' lang='lat' dir='ltr'><strong>et</strong></span> <span class='ocrx_word' id='word_1_50' title='bbox 1564 367 1862 419; x_wconf 72' lang='lat' dir='ltr'><strong>significatoris,</strong></span> 
     </span>
     <span class='ocr_line' id='line_1_6' title="bbox 60 424 1863 478; baseline 0.001 -12"><span class='ocrx_word' id='word_1_51' title='bbox 60 424 198 478; x_wconf 68' lang='lat' dir='ltr'><strong>prodit</strong></span> <span class='ocrx_word' id='word_1_52' title='bbox 225 436 415 466; x_wconf 80' lang='lat' dir='ltr'><strong>numerus</strong></span> <span class='ocrx_word' id='word_1_53' title='bbox 446 426 634 467; x_wconf 82' lang='lat' dir='ltr'><strong>horarum</strong></span> <span class='ocrx_word' id='word_1_54' title='bbox 664 425 941 476; x_wconf 73' lang='lat' dir='ltr'><strong>temporalium</strong></span> <span class='ocrx_word' id='word_1_55' title='bbox 973 424 1268 477; x_wconf 76' lang='lat' dir='ltr'><strong>significatoris.</strong></span> <span class='ocrx_word' id='word_1_56' title='bbox 1329 425 1511 465; x_wconf 79' lang='lat' dir='ltr'>Habebis</span> <span class='ocrx_word' id='word_1_57' title='bbox 1536 425 1612 465; x_wconf 84' lang='lat' dir='ltr'><strong>boc</strong></span> <span class='ocrx_word' id='word_1_58' title='bbox 1630 430 1751 477; x_wconf 88' lang='lat' dir='ltr'><strong>pacto</strong></span> <span class='ocrx_word' id='word_1_59' title='bbox 1784 426 1863 467; x_wconf 87' lang='lat' dir='ltr'><strong>duo</strong></span> 
     </span>
     <span class='ocr_line' id='line_1_7' title="bbox 62 479 1865 537; baseline 0.001 -13"><span class='ocrx_word' id='word_1_60' title='bbox 62 479 259 536; x_wconf 55' lang='lat' dir='ltr'><strong>&amp;aparte</strong></span> <span class='ocrx_word' id='word_1_61' title='bbox 290 483 600 536; x_wconf 79' lang='lat' dir='ltr'><strong>significatoris:</strong></span> <span class='ocrx_word' id='word_1_62' title='bbox 641 498 724 526; x_wconf 85' lang='lat' dir='ltr'><strong>asc.</strong></span> <span class='ocrx_word' id='word_1_63' title='bbox 756 489 908 525; x_wconf 88' lang='lat' dir='ltr'><strong>rectam</strong></span> <span class='ocrx_word' id='word_1_64' title='bbox 939 483 1195 525; x_wconf 88' lang='lat' dir='ltr'><strong>culminantis</strong></span> <span class='ocrx_word' id='word_1_65' title='bbox 1226 483 1364 536; x_wconf 87' lang='lat' dir='ltr'><strong>puncti</strong></span> <span class='ocrx_word' id='word_1_66' title='bbox 1395 489 1438 524; x_wconf 89' lang='lat' dir='ltr'><strong>et</strong></span> <span class='ocrx_word' id='word_1_67' title='bbox 1468 483 1703 524; x_wconf 77' lang='lat' dir='ltr'><strong>distantiam</strong></span> <span class='ocrx_word' id='word_1_68' title='bbox 1734 484 1865 537; x_wconf 82' lang='lat' dir='ltr'><strong>sigui-</strong></span> 
     </span>
     <span class='ocr_line' id='line_1_8' title="bbox 59 539 1863 596; baseline 0.001 -13"><span class='ocrx_word' id='word_1_69' title='bbox 59 541 242 586; x_wconf 59' lang='lat' dir='ltr'><strong>finiaris</strong></span> <span class='ocrx_word' id='word_1_70' title='bbox 267 556 295 585; x_wconf 69' lang='grc' dir='ltr'><strong>ο</strong></span> <span class='ocrx_word' id='word_1_71' title='bbox 323 539 544 584; x_wconf 79' lang='lat' dir='ltr'><strong>meridiane</strong></span> <span class='ocrx_word' id='word_1_72' title='bbox 574 543 614 584; x_wconf 89' lang='lat' dir='ltr'><strong>iu</strong></span> <span class='ocrx_word' id='word_1_73' title='bbox 645 543 754 585; x_wconf 82' lang='lat' dir='ltr'><strong>horis</strong></span> <span class='ocrx_word' id='word_1_74' title='bbox 785 542 1068 596; x_wconf 73' lang='lat' dir='ltr'><strong>significatoria</strong></span> <span class='ocrx_word' id='word_1_75' title='bbox 1097 543 1284 596; x_wconf 89' lang='lat' dir='ltr'><strong>propriis.</strong></span> <span class='ocrx_word' id='word_1_76' title='bbox 1345 541 1520 594; x_wconf 81' lang='lat' dir='ltr'>Oportet</span> <span class='ocrx_word' id='word_1_77' title='bbox 1539 556 1643 583; x_wconf 90' lang='lat' dir='ltr'><strong>nunc</strong></span> <span class='ocrx_word' id='word_1_78' title='bbox 1662 543 1764 584; x_wconf 90' lang='lat' dir='ltr'><strong>talia</strong></span> <span class='ocrx_word' id='word_1_79' title='bbox 1783 544 1863 584; x_wconf 91' lang='lat' dir='ltr'><strong>duo</strong></span> 
     </span>
     <span class='ocr_line' id='line_1_9' title="bbox 61 599 1864 655; baseline 0.001 -14"><span class='ocrx_word' id='word_1_80' title='bbox 61 600 184 642; x_wconf 68' lang='lat' dir='ltr'><strong>etiam</strong></span> <span class='ocrx_word' id='word_1_81' title='bbox 215 612 409 653; x_wconf 73' lang='lat' dir='ltr'><strong>quaerere</strong></span> <span class='ocrx_word' id='word_1_82' title='bbox 431 614 488 642; x_wconf 82' lang='lat' dir='ltr'><strong>-ex</strong></span> <span class='ocrx_word' id='word_1_83' title='bbox 517 608 633 654; x_wconf 73' lang='lat' dir='ltr'><strong>perte</strong></span> <span class='ocrx_word' id='word_1_84' title='bbox 662 601 937 655; x_wconf 86' lang='lat' dir='ltr'><strong>promissoris,</strong></span> <span class='ocrx_word' id='word_1_85' title='bbox 981 601 1022 642; x_wconf 91' lang='lat' dir='ltr'><strong>id</strong></span> <span class='ocrx_word' id='word_1_86' title='bbox 1054 607 1136 649; x_wconf 87' lang='lat' dir='ltr'><strong>est,</strong></span> <span class='ocrx_word' id='word_1_87' title='bbox 1174 599 1335 655; x_wconf 86' lang='lat' dir='ltr'><strong>oportet</strong></span> <span class='ocrx_word' id='word_1_88' title='bbox 1364 601 1476 642; x_wconf 88' lang='lat' dir='ltr'><strong>illum</strong></span> <span class='ocrx_word' id='word_1_89' title='bbox 1506 601 1647 641; x_wconf 84' lang='lat' dir='ltr'><strong>eodem</strong></span> <span class='ocrx_word' id='word_1_90' title='bbox 1677 602 1864 643; x_wconf 84' lang='lat' dir='ltr'><strong>horarum</strong></span> 
     </span>
     <span class='ocr_line' id='line_1_10' title="bbox 58 659 1864 713; baseline 0.001 -13"><span class='ocrx_word' id='word_1_91' title='bbox 58 659 309 712; x_wconf 63' lang='lat' dir='ltr'><strong>propriu·-</strong></span> <span class='ocrx_word' id='word_1_92' title='bbox 348 670 511 700; x_wconf 77' lang='lat' dir='ltr'><strong>numem</strong></span> <span class='ocrx_word' id='word_1_93' title='bbox 555 661 736 702; x_wconf 83' lang='lat' dir='ltr'><strong>adhiberi</strong></span> <span class='ocrx_word' id='word_1_94' title='bbox 779 660 881 701; x_wconf 92' lang='lat' dir='ltr'><strong>coeli</strong></span> <span class='ocrx_word' id='word_1_95' title='bbox 922 660 1077 708; x_wconf 82' lang='lat' dir='ltr'><strong>medio,</strong></span> <span class='ocrx_word' id='word_1_96' title='bbox 1130 665 1173 700; x_wconf 91' lang='lat' dir='ltr'><strong>et</strong></span> <span class='ocrx_word' id='word_1_97' title='bbox 1220 666 1315 702; x_wconf 88' lang='lat' dir='ltr'><strong>tunc</strong></span> <span class='ocrx_word' id='word_1_98' title='bbox 1359 673 1550 713; x_wconf 79' lang='lat' dir='ltr'><strong>quaerere</strong></span> <span class='ocrx_word' id='word_1_99' title='bbox 1599 661 1702 701; x_wconf 89' lang='lat' dir='ltr'><strong>coeli</strong></span> <span class='ocrx_word' id='word_1_100' title='bbox 1741 661 1864 701; x_wconf 90' lang='lat' dir='ltr'><strong>medii</strong></span> 
     </span>
     <span class='ocr_line' id='line_1_11' title="bbox 59 716 1866 773; baseline -0.001 -11"><span class='ocrx_word' id='word_1_101' title='bbox 59 729 150 763; x_wconf 65' lang='grc' dir='ltr'><strong>ιω.</strong></span> <span class='ocrx_word' id='word_1_102' title='bbox 177 716 359 765; x_wconf 54' lang='lat' dir='ltr'><strong>rodam.</strong></span> <span class='ocrx_word' id='word_1_103' title='bbox 426 716 497 760; x_wconf 88' lang='lat' dir='ltr'><strong>Sic</strong></span> <span class='ocrx_word' id='word_1_104' title='bbox 534 718 656 772; x_wconf 88' lang='lat' dir='ltr'><strong>igitur</strong></span> <span class='ocrx_word' id='word_1_105' title='bbox 693 731 812 771; x_wconf 86' lang='lat' dir='ltr'><strong>ages:</strong></span> <span class='ocrx_word' id='word_1_106' title='bbox 859 731 1029 773; x_wconf 79' lang='lat' dir='ltr'><strong>excerpe</strong></span> <span class='ocrx_word' id='word_1_107' title='bbox 1072 719 1233 760; x_wconf 84' lang='lat' dir='ltr'><strong>horan‘a</strong></span> <span class='ocrx_word' id='word_1_108' title='bbox 1275 724 1459 772; x_wconf 88' lang='lat' dir='ltr'><strong>tempora</strong></span> <span class='ocrx_word' id='word_1_109' title='bbox 1498 719 1774 772; x_wconf 87' lang='lat' dir='ltr'><strong>promissoris;</strong></span> <span class='ocrx_word' id='word_1_110' title='bbox 1815 733 1866 760; x_wconf 90' lang='lat' dir='ltr'><strong>ea</strong></span> 
     </span>
     <span class='ocr_line' id='line_1_12' title="bbox 58 773 1891 832; baseline 0 -13"><span class='ocrx_word' id='word_1_111' title='bbox 58 773 284 829; x_wconf 60' lang='lat' dir='ltr'><strong>multiplie-</strong></span> <span class='ocrx_word' id='word_1_112' title='bbox 318 775 360 819; x_wconf 79' lang='lat' dir='ltr'><strong>in</strong></span> <span class='ocrx_word' id='word_1_113' title='bbox 404 790 607 819; x_wconf 82' lang='lat' dir='ltr'><strong>numerum</strong></span> <span class='ocrx_word' id='word_1_114' title='bbox 648 778 853 819; x_wconf 85' lang='lat' dir='ltr'><strong>inventum</strong></span> <span class='ocrx_word' id='word_1_115' title='bbox 888 777 1074 819; x_wconf 81' lang='lat' dir='ltr'><strong>horarum</strong></span> <span class='ocrx_word' id='word_1_116' title='bbox 1105 778 1384 830; x_wconf 73' lang='lat' dir='ltr'><strong>temporalium</strong></span> <span class='ocrx_word' id='word_1_117' title='bbox 1421 777 1723 830; x_wconf 67' lang='lat' dir='ltr'><strong>significatoria,</strong></span> <span class='ocrx_word' id='word_1_118' title='bbox 1766 791 1864 832; x_wconf 89' lang='lat' dir='ltr'><strong>pro·-</strong></span> <span class='ocrx_word' id='word_1_119' title='bbox 1879 821 1891 829; x_wconf 25' lang='lat'>³</span> 
     </span>
     <span class='ocr_line' id='line_1_13' title="bbox 57 833 1863 890; baseline 0.002 -15"><span class='ocrx_word' id='word_1_120' title='bbox 57 834 220 875; x_wconf 60' lang='lat' dir='ltr'><strong>dudam</strong></span> <span class='ocrx_word' id='word_1_121' title='bbox 257 836 373 877; x_wconf 70' lang='lat' dir='ltr'><strong>ufer</strong></span> <span class='ocrx_word' id='word_1_122' title='bbox 409 836 464 876; x_wconf 80' lang='lat' dir='ltr'><strong>ab</strong></span> <span class='ocrx_word' id='word_1_123' title='bbox 506 849 590 878; x_wconf 84' lang='lat' dir='ltr'><strong>asc.</strong></span> <span class='ocrx_word' id='word_1_124' title='bbox 630 843 745 878; x_wconf 87' lang='lat' dir='ltr'><strong>recta</strong></span> <span class='ocrx_word' id='word_1_125' title='bbox 773 833 1053 890; x_wconf 65' lang='lat' dir='ltr'><strong>promissoris,</strong></span> <span class='ocrx_word' id='word_1_126' title='bbox 1099 838 1236 890; x_wconf 85' lang='lat' dir='ltr'><strong>prodit</strong></span> <span class='ocrx_word' id='word_1_127' title='bbox 1277 850 1360 878; x_wconf 86' lang='lat' dir='ltr'><strong>asc.</strong></span> <span class='ocrx_word' id='word_1_128' title='bbox 1402 843 1520 878; x_wconf 85' lang='lat' dir='ltr'><strong>recta</strong></span> <span class='ocrx_word' id='word_1_129' title='bbox 1557 837 1615 877; x_wconf 87' lang='grc' dir='ltr'><strong>Μ.</strong></span> <span class='ocrx_word' id='word_1_130' title='bbox 1660 837 1733 884; x_wconf 63' lang='lat' dir='ltr'><strong>C„</strong></span> <span class='ocrx_word' id='word_1_131' title='bbox 1775 850 1863 878; x_wconf 91' lang='lat' dir='ltr'><strong>cum</strong></span> 
     </span>
     <span class='ocr_line' id='line_1_14' title="bbox 60 893 1865 949; baseline 0.001 -14"><span class='ocrx_word' id='word_1_132' title='bbox 60 893 283 946; x_wconf 67' lang='lat' dir='ltr'><strong>promissor</strong></span> <span class='ocrx_word' id='word_1_133' title='bbox 323 898 388 935; x_wconf 86' lang='lat' dir='ltr'><strong>tot</strong></span> <span class='ocrx_word' id='word_1_134' title='bbox 433 895 514 935; x_wconf 87' lang='lat' dir='ltr'><strong>tuis</strong></span> <span class='ocrx_word' id='word_1_135' title='bbox 561 896 848 949; x_wconf 71' lang='lat' dir='ltr'><strong>temporalibus</strong></span> <span class='ocrx_word' id='word_1_136' title='bbox 891 895 1000 937; x_wconf 86' lang='lat' dir='ltr'><strong>horis</strong></span> <span class='ocrx_word' id='word_1_137' title='bbox 1036 896 1155 936; x_wconf 88' lang='lat' dir='ltr'><strong>abest</strong></span> <span class='ocrx_word' id='word_1_138' title='bbox 1197 909 1224 936; x_wconf 92' lang='lat' dir='ltr'><strong>a</strong></span> <span class='ocrx_word' id='word_1_139' title='bbox 1261 897 1319 937; x_wconf 77' lang='lat' dir='ltr'><strong>M.</strong></span> <span class='ocrx_word' id='word_1_140' title='bbox 1359 895 1428 945; x_wconf 88' lang='lat' dir='ltr'><strong>C.,</strong></span> <span class='ocrx_word' id='word_1_141' title='bbox 1476 902 1574 948; x_wconf 88' lang='lat' dir='ltr'><strong>quot</strong></span> <span class='ocrx_word' id='word_1_142' title='bbox 1617 896 1865 949; x_wconf 83' lang='lat' dir='ltr'><strong>significator</strong></span> 
     </span>
     <span class='ocr_line' id='line_1_15' title="bbox 59 951 1863 1008; baseline 0.002 -16"><span class='ocrx_word' id='word_1_143' title='bbox 59 951 198 993; x_wconf 80' lang='lat' dir='ltr'><strong>itidem</strong></span> <span class='ocrx_word' id='word_1_144' title='bbox 226 953 315 994; x_wconf 87' lang='lat' dir='ltr'><strong>suis</strong></span> <span class='ocrx_word' id='word_1_145' title='bbox 344 953 499 994; x_wconf 79' lang='lat' dir='ltr'><strong>aberat.</strong></span> <span class='ocrx_word' id='word_1_146' title='bbox 562 954 782 996; x_wconf 82' lang='lat' dir='ltr'><strong>Subtracta</strong></span> <span class='ocrx_word' id='word_1_147' title='bbox 812 955 936 1007; x_wconf 83' lang='lat' dir='ltr'><strong>igitur</strong></span> <span class='ocrx_word' id='word_1_148' title='bbox 953 967 1037 996; x_wconf 85' lang='lat' dir='ltr'><strong>asc.</strong></span> <span class='ocrx_word' id='word_1_149' title='bbox 1071 961 1184 995; x_wconf 87' lang='lat' dir='ltr'><strong>recta</strong></span> <span class='ocrx_word' id='word_1_150' title='bbox 1208 956 1267 996; x_wconf 83' lang='lat' dir='ltr'><strong>M.</strong></span> <span class='ocrx_word' id='word_1_151' title='bbox 1295 954 1343 996; x_wconf 88' lang='lat' dir='ltr'><strong>C.</strong></span> <span class='ocrx_word' id='word_1_152' title='bbox 1369 967 1441 1008; x_wconf 91' lang='lat' dir='ltr'><strong>pro</strong></span> <span class='ocrx_word' id='word_1_153' title='bbox 1474 954 1744 1008; x_wconf 74' lang='lat' dir='ltr'><strong>significatura</strong></span> <span class='ocrx_word' id='word_1_154' title='bbox 1765 955 1863 995; x_wconf 86' lang='lat' dir='ltr'><strong>data</strong></span> 
     </span>
     <span class='ocr_line' id='line_1_16' title="bbox 54 1011 1863 1068; baseline 0.002 -17"><span class='ocrx_word' id='word_1_155' title='bbox 54 1011 115 1052; x_wconf 73' lang='lat' dir='ltr'><strong>ab</strong></span> <span class='ocrx_word' id='word_1_156' title='bbox 135 1023 223 1052; x_wconf 78' lang='lat' dir='ltr'><strong>ase.</strong></span> <span class='ocrx_word' id='word_1_157' title='bbox 241 1016 358 1053; x_wconf 71' lang='lat' dir='ltr'><strong>reeta</strong></span> <span class='ocrx_word' id='word_1_158' title='bbox 372 1013 433 1054; x_wconf 70' lang='grc' dir='ltr'><strong>Μ.</strong></span> <span class='ocrx_word' id='word_1_159' title='bbox 453 1011 504 1054; x_wconf 85' lang='lat' dir='ltr'><strong>G.</strong></span> <span class='ocrx_word' id='word_1_160' title='bbox 537 1013 601 1054; x_wconf 84' lang='lat' dir='ltr'><strong>hic</strong></span> <span class='ocrx_word' id='word_1_161' title='bbox 625 1014 789 1054; x_wconf 84' lang='lat' dir='ltr'><strong>inventa</strong></span> <span class='ocrx_word' id='word_1_162' title='bbox 808 1027 880 1067; x_wconf 90' lang='lat' dir='ltr'><strong>pro</strong></span> <span class='ocrx_word' id='word_1_163' title='bbox 904 1015 1160 1067; x_wconf 75' lang='lat' dir='ltr'><strong>promissore,</strong></span> <span class='ocrx_word' id='word_1_164' title='bbox 1193 1014 1438 1068; x_wconf 87' lang='lat' dir='ltr'><strong>relinquetur</strong></span> <span class='ocrx_word' id='word_1_165' title='bbox 1454 1026 1639 1055; x_wconf 87' lang='lat' dir='ltr'><strong>numerus</strong></span> <span class='ocrx_word' id='word_1_166' title='bbox 1657 1014 1863 1066; x_wconf 85' lang='lat' dir='ltr'><strong>quaesitus</strong></span> 
     </span>
     <span class='ocr_line' id='line_1_17' title="bbox 56 1070 525 1123; baseline 0.002 -12"><span class='ocrx_word' id='word_1_167' title='bbox 56 1071 253 1123; x_wconf 71' lang='lat' dir='ltr'><strong>gradu-</strong></span> <span class='ocrx_word' id='word_1_168' title='bbox 280 1070 525 1112; x_wconf 66' lang='lat' dir='ltr'><strong>directionis.</strong></span> 
     </span>
    </p>

    <p class='ocr_par' dir='ltr' id='par_1_3' title="bbox 48 1128 1860 2061">
     <span class='ocr_line' id='line_1_18' title="bbox 170 1128 1858 1184; baseline 0.001 -15"><span class='ocrx_word' id='word_1_169' title='bbox 170 1128 287 1170; x_wconf 67' lang='lat' dir='ltr'><strong>Haec</strong></span> <span class='ocrx_word' id='word_1_170' title='bbox 326 1129 451 1183; x_wconf 84' lang='lat' dir='ltr'><strong>igitur</strong></span> <span class='ocrx_word' id='word_1_171' title='bbox 486 1134 552 1170; x_wconf 88' lang='lat' dir='ltr'><strong>est</strong></span> <span class='ocrx_word' id='word_1_172' title='bbox 580 1131 832 1171; x_wconf 84' lang='lat' dir='ltr'><strong>Ptolemaica</strong></span> <span class='ocrx_word' id='word_1_173' title='bbox 862 1132 967 1172; x_wconf 87' lang='lat' dir='ltr'><strong>ratio</strong></span> <span class='ocrx_word' id='word_1_174' title='bbox 998 1131 1215 1184; x_wconf 88' lang='lat' dir='ltr'><strong>dirigendi,</strong></span> <span class='ocrx_word' id='word_1_175' title='bbox 1262 1131 1310 1171; x_wconf 89' lang='lat' dir='ltr'><strong>de</strong></span> <span class='ocrx_word' id='word_1_176' title='bbox 1343 1144 1422 1183; x_wconf 90' lang='lat' dir='ltr'><strong>qua</strong></span> <span class='ocrx_word' id='word_1_177' title='bbox 1458 1136 1594 1171; x_wconf 85' lang='lat' dir='ltr'><strong>tamen</strong></span> <span class='ocrx_word' id='word_1_178' title='bbox 1625 1130 1858 1179; x_wconf 79' lang='lat' dir='ltr'><strong>notandum,</strong></span> 
     </span>
     <span class='ocr_line' id='line_1_19' title="bbox 54 1186 1860 1244; baseline 0.001 -15"><span class='ocrx_word' id='word_1_179' title='bbox 54 1186 160 1242; x_wconf 68' lang='lat' dir='ltr'><strong>quod</strong></span> <span class='ocrx_word' id='word_1_180' title='bbox 186 1186 448 1231; x_wconf 75' lang='lat' dir='ltr'><strong>Ptolemaeus</strong></span> <span class='ocrx_word' id='word_1_181' title='bbox 479 1202 568 1230; x_wconf 90' lang='lat' dir='ltr'><strong>eam</strong></span> <span class='ocrx_word' id='word_1_182' title='bbox 599 1202 678 1230; x_wconf 90' lang='lat' dir='ltr'><strong>non</strong></span> <span class='ocrx_word' id='word_1_183' title='bbox 707 1191 890 1242; x_wconf 81' lang='lat' dir='ltr'><strong>proferat</strong></span> <span class='ocrx_word' id='word_1_184' title='bbox 918 1191 1037 1231; x_wconf 89' lang='lat' dir='ltr'><strong>modo</strong></span> <span class='ocrx_word' id='word_1_185' title='bbox 1056 1190 1392 1244; x_wconf 84' lang='lat' dir='ltr'><strong>Regiomontani;</strong></span> <span class='ocrx_word' id='word_1_186' title='bbox 1424 1203 1516 1230; x_wconf 91' lang='lat' dir='ltr'><strong>nam</strong></span> <span class='ocrx_word' id='word_1_187' title='bbox 1548 1189 1694 1242; x_wconf 55' lang='lat' dir='ltr'><strong>primo-</strong></span> <span class='ocrx_word' id='word_1_188' title='bbox 1707 1189 1860 1230; x_wconf 81' lang='lat' dir='ltr'><strong>fatetur</strong></span> 
     </span>
     <span class='ocr_line' id='line_1_20' title="bbox 53 1248 1855 1302; baseline 0 -14"><span class='ocrx_word' id='word_1_189' title='bbox 53 1251 209 1300; x_wconf 72' lang='lat' dir='ltr'><strong>aperte.</strong></span> <span class='ocrx_word' id='word_1_190' title='bbox 239 1260 333 1288; x_wconf 73' lang='lat' dir='ltr'><strong>eam</strong></span> <span class='ocrx_word' id='word_1_191' title='bbox 362 1261 390 1288; x_wconf 85' lang='lat' dir='ltr'><strong>a</strong></span> <span class='ocrx_word' id='word_1_192' title='bbox 418 1261 542 1300; x_wconf 88' lang='lat' dir='ltr'><strong>scopo</strong></span> <span class='ocrx_word' id='word_1_193' title='bbox 571 1248 750 1289; x_wconf 86' lang='lat' dir='ltr'><strong>nonnihil</strong></span> <span class='ocrx_word' id='word_1_194' title='bbox 780 1249 1009 1290; x_wconf 80' lang='lat' dir='ltr'><strong>deflecte-re.</strong></span> <span class='ocrx_word' id='word_1_195' title='bbox 1072 1248 1176 1290; x_wconf 83' lang='lat' dir='ltr'><strong>Cum</strong></span> <span class='ocrx_word' id='word_1_196' title='bbox 1205 1249 1311 1290; x_wconf 90' lang='lat' dir='ltr'><strong>euim</strong></span> <span class='ocrx_word' id='word_1_197' title='bbox 1341 1248 1575 1302; x_wconf 88' lang='lat' dir='ltr'><strong>principalis</strong></span> <span class='ocrx_word' id='word_1_198' title='bbox 1605 1253 1720 1288; x_wconf 87' lang='lat' dir='ltr'><strong>esset</strong></span> <span class='ocrx_word' id='word_1_199' title='bbox 1755 1248 1855 1288; x_wconf 89' lang='lat' dir='ltr'><strong>Pto-</strong></span> 
     </span>
     <span class='ocr_line' id='line_1_21' title="bbox 54 1305 1857 1361; baseline 0.001 -16"><span class='ocrx_word' id='word_1_200' title='bbox 54 1305 211 1346; x_wconf 80' lang='lat' dir='ltr'><strong>lemaeo</strong></span> <span class='ocrx_word' id='word_1_201' title='bbox 240 1318 388 1359; x_wconf 71' lang='lat' dir='ltr'><strong>scopus</strong></span> <span class='ocrx_word' id='word_1_202' title='bbox 418 1306 523 1347; x_wconf 80' lang='lat' dir='ltr'><strong>idem</strong></span> <span class='ocrx_word' id='word_1_203' title='bbox 553 1307 621 1360; x_wconf 87' lang='lat' dir='ltr'><strong>qui</strong></span> <span class='ocrx_word' id='word_1_204' title='bbox 650 1312 693 1347; x_wconf 91' lang='lat' dir='ltr'><strong>et</strong></span> <span class='ocrx_word' id='word_1_205' title='bbox 723 1307 1059 1359; x_wconf 85' lang='lat' dir='ltr'><strong>Regiomontano,</strong></span> <span class='ocrx_word' id='word_1_206' title='bbox 1092 1315 1136 1348; x_wconf 91' lang='lat' dir='ltr'><strong>ut</strong></span> <span class='ocrx_word' id='word_1_207' title='bbox 1154 1321 1212 1349; x_wconf 89' lang='lat' dir='ltr'><strong>sc.</strong></span> <span class='ocrx_word' id='word_1_208' title='bbox 1243 1308 1464 1361; x_wconf 88' lang='lat' dir='ltr'><strong>promissor</strong></span> <span class='ocrx_word' id='word_1_209' title='bbox 1482 1307 1639 1348; x_wconf 84' lang='lat' dir='ltr'><strong>veniret</strong></span> <span class='ocrx_word' id='word_1_210' title='bbox 1670 1307 1709 1346; x_wconf 91' lang='lat' dir='ltr'><strong>in</strong></span> <span class='ocrx_word' id='word_1_211' title='bbox 1729 1306 1857 1359; x_wconf 86' lang='lat' dir='ltr'><strong>signi-</strong></span> 
     </span>
     <span class='ocr_line' id='line_1_22' title="bbox 53 1363 1859 1418; baseline 0.001 -14"><span class='ocrx_word' id='word_1_212' title='bbox 53 1363 229 1404; x_wconf 75' lang='lat' dir='ltr'><strong>ficatui-is</strong></span> <span class='ocrx_word' id='word_1_213' title='bbox 253 1364 443 1405; x_wconf 87' lang='lat' dir='ltr'><strong>circulum</strong></span> <span class='ocrx_word' id='word_1_214' title='bbox 470 1365 707 1417; x_wconf 79' lang='lat' dir='ltr'><strong>positionis,</strong></span> <span class='ocrx_word' id='word_1_215' title='bbox 740 1366 999 1407; x_wconf 87' lang='lat' dir='ltr'><strong>Ptolemaeus</strong></span> <span class='ocrx_word' id='word_1_216' title='bbox 1030 1379 1108 1406; x_wconf 93' lang='lat' dir='ltr'><strong>non</strong></span> <span class='ocrx_word' id='word_1_217' title='bbox 1129 1367 1246 1412; x_wconf 88' lang='lat' dir='ltr'><strong>dicit,</strong></span> <span class='ocrx_word' id='word_1_218' title='bbox 1276 1367 1353 1407; x_wconf 90' lang='lat' dir='ltr'><strong>hoc</strong></span> <span class='ocrx_word' id='word_1_219' title='bbox 1379 1366 1550 1407; x_wconf 85' lang='lat' dir='ltr'><strong>obtineri</strong></span> <span class='ocrx_word' id='word_1_220' title='bbox 1569 1365 1755 1418; x_wconf 84' lang='lat' dir='ltr'><strong>praecise</strong></span> <span class='ocrx_word' id='word_1_221' title='bbox 1785 1377 1859 1418; x_wconf 88' lang='lat' dir='ltr'><strong>per</strong></span> 
     </span>
     <span class='ocr_line' id='line_1_23' title="bbox 53 1422 1855 1478; baseline 0 -15"><span class='ocrx_word' id='word_1_222' title='bbox 53 1422 173 1463; x_wconf 76' lang='lat' dir='ltr'><strong>heras</strong></span> <span class='ocrx_word' id='word_1_223' title='bbox 205 1424 465 1476; x_wconf 80' lang='lat' dir='ltr'><strong>temporales,</strong></span> <span class='ocrx_word' id='word_1_224' title='bbox 511 1424 584 1464; x_wconf 88' lang='lat' dir='ltr'><strong>sed</strong></span> <span class='ocrx_word' id='word_1_225' title='bbox 614 1425 740 1465; x_wconf 89' lang='lat' dir='ltr'><strong>utitur</strong></span> <span class='ocrx_word' id='word_1_226' title='bbox 769 1437 868 1465; x_wconf 81' lang='lat' dir='ltr'><strong>voce</strong></span> <span class='ocrx_word' id='word_1_227' title='bbox 901 1426 1258 1478; x_wconf 81' lang='lat' dir='ltr'><strong>„propemodum‚“</strong></span> <span class='ocrx_word' id='word_1_228' title='bbox 1301 1432 1342 1466; x_wconf 86' lang='lat' dir='ltr'><strong>et</strong></span> <span class='ocrx_word' id='word_1_229' title='bbox 1371 1426 1413 1466; x_wconf 90' lang='lat' dir='ltr'><strong>in</strong></span> <span class='ocrx_word' id='word_1_230' title='bbox 1445 1425 1641 1477; x_wconf 81' lang='lat' dir='ltr'><strong>exemplis</strong></span> <span class='ocrx_word' id='word_1_231' title='bbox 1674 1423 1855 1464; x_wconf 83' lang='lat' dir='ltr'><strong>ostendit</strong></span> 
     </span>
     <span class='ocr_line' id='line_1_24' title="bbox 51 1481 1857 1536; baseline 0.001 -14"><span class='ocrx_word' id='word_1_232' title='bbox 51 1481 375 1534; x_wconf 72' lang='lat' dir='ltr'><strong>discrepamiam.</strong></span> <span class='ocrx_word' id='word_1_233' title='bbox 434 1482 589 1522; x_wconf 82' lang='lat' dir='ltr'><strong>Deinde</strong></span> <span class='ocrx_word' id='word_1_234' title='bbox 621 1483 872 1524; x_wconf 86' lang='lat' dir='ltr'><strong>certitudinis</strong></span> <span class='ocrx_word' id='word_1_235' title='bbox 905 1490 948 1525; x_wconf 89' lang='lat' dir='ltr'><strong>et</strong></span> <span class='ocrx_word' id='word_1_236' title='bbox 974 1485 1198 1536; x_wconf 75' lang='lat' dir='ltr'><strong>compendii</strong></span> <span class='ocrx_word' id='word_1_237' title='bbox 1223 1497 1345 1525; x_wconf 88' lang='lat' dir='ltr'><strong>causa</strong></span> <span class='ocrx_word' id='word_1_238' title='bbox 1377 1484 1543 1536; x_wconf 85' lang='lat' dir='ltr'><strong>ablegat</strong></span> <span class='ocrx_word' id='word_1_239' title='bbox 1561 1496 1635 1524; x_wconf 90' lang='lat' dir='ltr'><strong>nos</strong></span> <span class='ocrx_word' id='word_1_240' title='bbox 1654 1483 1706 1523; x_wconf 88' lang='lat' dir='ltr'><strong>ad</strong></span> <span class='ocrx_word' id='word_1_241' title='bbox 1724 1481 1857 1535; x_wconf 87' lang='lat' dir='ltr'><strong>ipsum</strong></span> 
     </span>
     <span class='ocr_line' id='line_1_25' title="bbox 51 1539 1854 1596; baseline 0.001 -16"><span class='ocrx_word' id='word_1_242' title='bbox 51 1540 211 1580; x_wconf 52' lang='lat' dir='ltr'><strong>menn</strong></span> <span class='ocrx_word' id='word_1_243' title='bbox 239 1539 573 1593; x_wconf 71' lang='lat' dir='ltr'><strong>Regiomoutani,</strong></span> <span class='ocrx_word' id='word_1_244' title='bbox 600 1542 769 1594; x_wconf 86' lang='lat' dir='ltr'><strong>jubens,</strong></span> <span class='ocrx_word' id='word_1_245' title='bbox 803 1542 843 1582; x_wconf 89' lang='lat' dir='ltr'><strong>in</strong></span> <span class='ocrx_word' id='word_1_246' title='bbox 874 1543 1118 1583; x_wconf 87' lang='lat' dir='ltr'><strong>ascendente</strong></span> <span class='ocrx_word' id='word_1_247' title='bbox 1150 1543 1323 1596; x_wconf 85' lang='lat' dir='ltr'><strong>dirigere</strong></span> <span class='ocrx_word' id='word_1_248' title='bbox 1355 1545 1437 1595; x_wconf 79' lang='lat' dir='ltr'><strong>per&#39;</strong></span> <span class='ocrx_word' id='word_1_249' title='bbox 1457 1555 1542 1583; x_wconf 89' lang='lat' dir='ltr'><strong>asc.</strong></span> <span class='ocrx_word' id='word_1_250' title='bbox 1575 1542 1782 1595; x_wconf 87' lang='lat' dir='ltr'><strong>obliquas,</strong></span> <span class='ocrx_word' id='word_1_251' title='bbox 1812 1540 1854 1581; x_wconf 90' lang='lat' dir='ltr'><strong>in</strong></span> 
     </span>
     <span class='ocr_line' id='line_1_26' title="bbox 50 1597 1855 1654; baseline 0 -14"><span class='ocrx_word' id='word_1_252' title='bbox 50 1598 110 1639; x_wconf 72' lang='grc' dir='ltr'>Μ</span> <span class='ocrx_word' id='word_1_253' title='bbox 124 1597 193 1641; x_wconf 70' lang='lat' dir='ltr'><strong>--Q</strong></span> <span class='ocrx_word' id='word_1_254' title='bbox 221 1610 295 1652; x_wconf 81' lang='lat' dir='ltr'><strong>per</strong></span> <span class='ocrx_word' id='word_1_255' title='bbox 322 1604 471 1640; x_wconf 80' lang='lat' dir='ltr'><strong>rectas.</strong></span> <span class='ocrx_word' id='word_1_256' title='bbox 532 1599 616 1640; x_wconf 85' lang='lat' dir='ltr'><strong>Sed</strong></span> <span class='ocrx_word' id='word_1_257' title='bbox 657 1601 750 1653; x_wconf 87' lang='lat' dir='ltr'><strong>quia</strong></span> <span class='ocrx_word' id='word_1_258' title='bbox 790 1614 860 1654; x_wconf 89' lang='lat' dir='ltr'><strong>pro</strong></span> <span class='ocrx_word' id='word_1_259' title='bbox 898 1601 999 1642; x_wconf 92' lang='lat' dir='ltr'><strong>locis</strong></span> <span class='ocrx_word' id='word_1_260' title='bbox 1040 1602 1289 1643; x_wconf 85' lang='lat' dir='ltr'><strong>intermediis</strong></span> <span class='ocrx_word' id='word_1_261' title='bbox 1326 1614 1403 1642; x_wconf 91' lang='lat' dir='ltr'><strong>non</strong></span> <span class='ocrx_word' id='word_1_262' title='bbox 1442 1601 1660 1641; x_wconf 81' lang='lat' dir='ltr'><strong>exstabant</strong></span> <span class='ocrx_word' id='word_1_263' title='bbox 1690 1600 1855 1640; x_wconf 83' lang='lat' dir='ltr'><strong>tabulae</strong></span> 
     </span>
     <span class='ocr_line' id='line_1_27' title="bbox 52 1657 1855 1714; baseline 0.001 -17"><span class='ocrx_word' id='word_1_264' title='bbox 52 1657 335 1706; x_wconf 75' lang='lat' dir='ltr'><strong>directionum,</strong></span> <span class='ocrx_word' id='word_1_265' title='bbox 379 1657 470 1698; x_wconf 90' lang='lat' dir='ltr'><strong>ideo</strong></span> <span class='ocrx_word' id='word_1_266' title='bbox 509 1660 765 1700; x_wconf 87' lang='lat' dir='ltr'><strong>commendat</strong></span> <span class='ocrx_word' id='word_1_267' title='bbox 801 1660 917 1700; x_wconf 87' lang='lat' dir='ltr'><strong>nobis</strong></span> <span class='ocrx_word' id='word_1_268' title='bbox 948 1661 1023 1701; x_wconf 86' lang='lat' dir='ltr'><strong>hoc</strong></span> <span class='ocrx_word' id='word_1_269' title='bbox 1054 1660 1351 1714; x_wconf 88' lang='lat' dir='ltr'><strong>compendium,</strong></span> <span class='ocrx_word' id='word_1_270' title='bbox 1397 1666 1443 1700; x_wconf 92' lang='lat' dir='ltr'><strong>ut</strong></span> <span class='ocrx_word' id='word_1_271' title='bbox 1481 1660 1700 1712; x_wconf 83' lang='lat' dir='ltr'><strong>dirigamus</strong></span> <span class='ocrx_word' id='word_1_272' title='bbox 1730 1658 1855 1699; x_wconf 86' lang='lat' dir='ltr'><strong>talem</strong></span> 
     </span>
     <span class='ocr_line' id='line_1_28' title="bbox 50 1715 1853 1773; baseline 0.001 -17"><span class='ocrx_word' id='word_1_273' title='bbox 50 1715 378 1773; x_wconf 57' lang='lat' dir='ltr'><strong>sug-maiorem</strong></span> <span class='ocrx_word' id='word_1_274' title='bbox 421 1717 490 1769; x_wconf 90' lang='lat' dir='ltr'><strong>qui</strong></span> <span class='ocrx_word' id='word_1_275' title='bbox 525 1717 764 1759; x_wconf 88' lang='lat' dir='ltr'><strong>intermedio</strong></span> <span class='ocrx_word' id='word_1_276' title='bbox 798 1719 885 1759; x_wconf 91' lang='lat' dir='ltr'><strong>loco</strong></span> <span class='ocrx_word' id='word_1_277' title='bbox 929 1719 1068 1768; x_wconf 86' lang='lat' dir='ltr'><strong>fuerit,</strong></span> <span class='ocrx_word' id='word_1_278' title='bbox 1114 1727 1157 1760; x_wconf 88' lang='lat' dir='ltr'><strong>et</strong></span> <span class='ocrx_word' id='word_1_279' title='bbox 1192 1733 1264 1772; x_wconf 87' lang='lat' dir='ltr'><strong>per</strong></span> <span class='ocrx_word' id='word_1_280' title='bbox 1301 1724 1434 1759; x_wconf 88' lang='lat' dir='ltr'><strong>rectas</strong></span> <span class='ocrx_word' id='word_1_281' title='bbox 1478 1724 1523 1758; x_wconf 88' lang='lat' dir='ltr'><strong>et</strong></span> <span class='ocrx_word' id='word_1_282' title='bbox 1558 1731 1632 1770; x_wconf 90' lang='lat' dir='ltr'><strong>per</strong></span> <span class='ocrx_word' id='word_1_283' title='bbox 1668 1717 1853 1770; x_wconf 78' lang='lat' dir='ltr'><strong>obliquas</strong></span> 
     </span>
     <span class='ocr_line' id='line_1_29' title="bbox 50 1774 1852 1831; baseline 0.001 -17"><span class='ocrx_word' id='word_1_284' title='bbox 50 1786 156 1822; x_wconf 64' lang='lat' dir='ltr'><strong>ase„</strong></span> <span class='ocrx_word' id='word_1_285' title='bbox 185 1780 232 1815; x_wconf 76' lang='lat' dir='ltr'><strong>et</strong></span> <span class='ocrx_word' id='word_1_286' title='bbox 259 1774 527 1820; x_wconf 72' lang='lat' dir='ltr'><strong>differentiam</strong></span> <span class='ocrx_word' id='word_1_287' title='bbox 559 1776 763 1830; x_wconf 87' lang='lat' dir='ltr'><strong>utriusque</strong></span> <span class='ocrx_word' id='word_1_288' title='bbox 795 1778 1027 1818; x_wconf 88' lang='lat' dir='ltr'><strong>directionis</strong></span> <span class='ocrx_word' id='word_1_289' title='bbox 1057 1778 1414 1831; x_wconf 81' lang='lat' dir='ltr'><strong>proportionaliter</strong></span> <span class='ocrx_word' id='word_1_290' title='bbox 1443 1777 1691 1831; x_wconf 66' lang='lat' dir='ltr'><strong>applicemus</strong></span> <span class='ocrx_word' id='word_1_291' title='bbox 1727 1776 1852 1816; x_wconf 86' lang='lat' dir='ltr'><strong>hora-</strong></span> 
     </span>
     <span class='ocr_line' id='line_1_30' title="bbox 50 1831 1851 1890; baseline 0.002 -18"><span class='ocrx_word' id='word_1_292' title='bbox 50 1831 135 1873; x_wconf 72' lang='lat' dir='ltr'><strong>rias</strong></span> <span class='ocrx_word' id='word_1_293' title='bbox 164 1832 389 1874; x_wconf 73' lang='lat' dir='ltr'><strong>dist-ntiae</strong></span> <span class='ocrx_word' id='word_1_294' title='bbox 424 1834 709 1886; x_wconf 87' lang='lat' dir='ltr'><strong>significatoris</strong></span> <span class='ocrx_word' id='word_1_295' title='bbox 752 1850 777 1875; x_wconf 93' lang='lat' dir='ltr'><strong>a</strong></span> <span class='ocrx_word' id='word_1_296' title='bbox 807 1836 1040 1877; x_wconf 88' lang='lat' dir='ltr'><strong>meridiano.</strong></span> <span class='ocrx_word' id='word_1_297' title='bbox 1100 1838 1228 1890; x_wconf 86' lang='lat' dir='ltr'><strong>Atqui</strong></span> <span class='ocrx_word' id='word_1_298' title='bbox 1268 1837 1319 1876; x_wconf 91' lang='lat' dir='ltr'><strong>ad</strong></span> <span class='ocrx_word' id='word_1_299' title='bbox 1357 1837 1438 1876; x_wconf 89' lang='lat' dir='ltr'><strong>ista</strong></span> <span class='ocrx_word' id='word_1_300' title='bbox 1480 1836 1630 1883; x_wconf 85' lang='lat' dir='ltr'><strong>omnia,</strong></span> <span class='ocrx_word' id='word_1_301' title='bbox 1676 1840 1718 1876; x_wconf 89' lang='lat' dir='ltr'><strong>et</strong></span> <span class='ocrx_word' id='word_1_302' title='bbox 1749 1847 1851 1888; x_wconf 86' lang='lat' dir='ltr'><strong>quae</strong></span> 
     </span>
     <span class='ocr_line' id='line_1_31' title="bbox 48 1891 1851 1962; baseline 0.001 -31"><span class='ocrx_word' id='word_1_303' title='bbox 48 1891 255 1945; x_wconf 71' lang='lat' dir='ltr'><strong>praecepit</strong></span> <span class='ocrx_word' id='word_1_304' title='bbox 282 1891 541 1934; x_wconf 77' lang='lat' dir='ltr'><strong>Ptolemaeus</strong></span> <span class='ocrx_word' id='word_1_305' title='bbox 591 1899 634 1934; x_wconf 87' lang='lat' dir='ltr'><strong>et</strong></span> <span class='ocrx_word' id='word_1_306' title='bbox 678 1906 863 1962; x_wconf 88' lang='lat' dir='ltr'><strong>quorsum</strong></span> <span class='ocrx_word' id='word_1_307' title='bbox 899 1895 1048 1944; x_wconf 89' lang='lat' dir='ltr'><strong>tendit,</strong></span> <span class='ocrx_word' id='word_1_308' title='bbox 1078 1896 1242 1936; x_wconf 87' lang='lat' dir='ltr'><strong>rectius</strong></span> <span class='ocrx_word' id='word_1_309' title='bbox 1280 1895 1535 1948; x_wconf 85' lang='lat' dir='ltr'><strong>pervenimus</strong></span> <span class='ocrx_word' id='word_1_310' title='bbox 1571 1907 1644 1946; x_wconf 86' lang='lat' dir='ltr'><strong>per</strong></span> <span class='ocrx_word' id='word_1_311' title='bbox 1688 1893 1851 1934; x_wconf 82' lang='lat' dir='ltr'><strong>tabulas</strong></span> 
     </span>
     <span class='ocr_line' id='line_1_32' title="bbox 50 1949 1850 2059; baseline 0.001 -69"><span class='ocrx_word' id='word_1_312' title='bbox 50 1949 313 1991; x_wconf 67' lang='lat' dir='ltr'><strong>directi-uun</strong></span> <span class='ocrx_word' id='word_1_313' title='bbox 336 1950 660 2059; x_wconf 56' lang='grc' dir='ltr'><strong>Βεςίοιιιοιξειιιί,</strong></span> <span class='ocrx_word' id='word_1_314' title='bbox 694 1954 757 1993; x_wconf 90' lang='lat' dir='ltr'><strong>vel</strong></span> <span class='ocrx_word' id='word_1_315' title='bbox 789 1954 878 2006; x_wconf 89' lang='lat' dir='ltr'><strong>ipso</strong></span> <span class='ocrx_word' id='word_1_316' title='bbox 903 1954 1136 1995; x_wconf 84' lang='lat' dir='ltr'><strong>Ptolemaeo</strong></span> <span class='ocrx_word' id='word_1_317' title='bbox 1167 1960 1290 1995; x_wconf 86' lang='lat' dir='ltr'><strong>teste.</strong></span> <span class='ocrx_word' id='word_1_318' title='bbox 1352 1954 1465 1994; x_wconf 88' lang='lat' dir='ltr'><strong>Haec</strong></span> <span class='ocrx_word' id='word_1_319' title='bbox 1497 1953 1621 2006; x_wconf 89' lang='lat' dir='ltr'><strong>igitur</strong></span> <span class='ocrx_word' id='word_1_320' title='bbox 1652 1954 1702 1993; x_wconf 91' lang='lat' dir='ltr'><strong>de</strong></span> <span class='ocrx_word' id='word_1_321' title='bbox 1732 1952 1850 1993; x_wconf 89' lang='lat' dir='ltr'><strong>modo</strong></span> 
     </span>
     <span class='ocr_line' id='line_1_33' title="bbox 52 2007 517 2061; baseline 0.002 -12"><span class='ocrx_word' id='word_1_322' title='bbox 52 2007 273 2061; x_wconf 80' lang='lat' dir='ltr'><strong>dirigendi</strong></span> <span class='ocrx_word' id='word_1_323' title='bbox 267 2008 517 2050; x_wconf 71' lang='lat' dir='ltr'><strong>Ptolemaico</strong></span> 
     </span>
    </p>

    <p class='ocr_par' dir='ltr' id='par_1_4' title="bbox 4 2066 1854 3116">
     <span class='ocr_line' id='line_1_34' title="bbox 167 2066 1852 2122; baseline 0.001 -14"><span class='ocrx_word' id='word_1_324' title='bbox 167 2066 262 2108; x_wconf 71' lang='lat' dir='ltr'><strong>Ja‘m</strong></span> <span class='ocrx_word' id='word_1_325' title='bbox 303 2068 409 2120; x_wconf 84' lang='lat' dir='ltr'><strong>quod</strong></span> <span class='ocrx_word' id='word_1_326' title='bbox 449 2069 651 2121; x_wconf 86' lang='lat' dir='ltr'><strong>negotium</strong></span> <span class='ocrx_word' id='word_1_327' title='bbox 695 2071 843 2111; x_wconf 90' lang='lat' dir='ltr'><strong>attinet</strong></span> <span class='ocrx_word' id='word_1_328' title='bbox 890 2071 1112 2122; x_wconf 87' lang='lat' dir='ltr'><strong>erigendi</strong></span> <span class='ocrx_word' id='word_1_329' title='bbox 1162 2071 1325 2111; x_wconf 88' lang='lat' dir='ltr'><strong>domos</strong></span> <span class='ocrx_word' id='word_1_330' title='bbox 1374 2070 1655 2118; x_wconf 86' lang='lat' dir='ltr'><strong>coelestes,</strong></span> <span class='ocrx_word' id='word_1_331' title='bbox 1708 2069 1852 2110; x_wconf 89' lang='lat' dir='ltr'><strong>Ptole-</strong></span> 
     </span>
     <span class='ocr_line' id='line_1_35' title="bbox 52 2126 1851 2181; baseline 0.002 -17"><span class='ocrx_word' id='word_1_332' title='bbox 52 2136 191 2165; x_wconf 74' lang='lat' dir='ltr'><strong>maeus</strong></span> <span class='ocrx_word' id='word_1_333' title='bbox 225 2126 334 2166; x_wconf 79' lang='lat' dir='ltr'><strong>nullo</strong></span> <span class='ocrx_word' id='word_1_334' title='bbox 370 2127 489 2178; x_wconf 80' lang='lat' dir='ltr'><strong>piane</strong></span> <span class='ocrx_word' id='word_1_335' title='bbox 525 2140 576 2167; x_wconf 91' lang='lat' dir='ltr'><strong>ne</strong></span> <span class='ocrx_word' id='word_1_336' title='bbox 614 2128 776 2169; x_wconf 89' lang='lat' dir='ltr'><strong>minimo</strong></span> <span class='ocrx_word' id='word_1_337' title='bbox 814 2129 974 2181; x_wconf 90' lang='lat' dir='ltr'><strong>quidem</strong></span> <span class='ocrx_word' id='word_1_338' title='bbox 1003 2130 1167 2170; x_wconf 87' lang='lat' dir='ltr'><strong>verbulo</strong></span> <span class='ocrx_word' id='word_1_339' title='bbox 1209 2129 1320 2170; x_wconf 90' lang='lat' dir='ltr'><strong>illam</strong></span> <span class='ocrx_word' id='word_1_340' title='bbox 1359 2128 1424 2170; x_wconf 85' lang='lat' dir='ltr'><strong>hic</strong></span> <span class='ocrx_word' id='word_1_341' title='bbox 1462 2129 1569 2169; x_wconf 89' lang='lat' dir='ltr'><strong>inter</strong></span> <span class='ocrx_word' id='word_1_342' title='bbox 1611 2128 1851 2168; x_wconf 82' lang='lat' dir='ltr'><strong>directiones</strong></span> 
     </span>
     <span class='ocr_line' id='line_1_36' title="bbox 54 2182 1852 2240; baseline 0.002 -17"><span class='ocrx_word' id='word_1_343' title='bbox 54 2182 232 2237; x_wconf 80' lang='lat' dir='ltr'><strong>attingit.</strong></span> <span class='ocrx_word' id='word_1_344' title='bbox 294 2182 473 2236; x_wconf 80' lang='lat' dir='ltr'><strong>Cumque</strong></span> <span class='ocrx_word' id='word_1_345' title='bbox 515 2198 603 2225; x_wconf 90' lang='lat' dir='ltr'><strong>eam</strong></span> <span class='ocrx_word' id='word_1_346' title='bbox 635 2200 684 2226; x_wconf 91' lang='lat' dir='ltr'><strong>ne</strong></span> <span class='ocrx_word' id='word_1_347' title='bbox 721 2188 880 2240; x_wconf 89' lang='lat' dir='ltr'><strong>quidem</strong></span> <span class='ocrx_word' id='word_1_348' title='bbox 916 2188 1011 2228; x_wconf 90' lang='lat' dir='ltr'><strong>alibi</strong></span> <span class='ocrx_word' id='word_1_349' title='bbox 1042 2189 1243 2237; x_wconf 86' lang='lat' dir='ltr'><strong>docuerit,</strong></span> <span class='ocrx_word' id='word_1_350' title='bbox 1289 2189 1365 2229; x_wconf 86' lang='lat' dir='ltr'><strong>boc</strong></span> <span class='ocrx_word' id='word_1_351' title='bbox 1396 2187 1656 2228; x_wconf 84' lang='lat' dir='ltr'><strong>fortissimum</strong></span> <span class='ocrx_word' id='word_1_352' title='bbox 1687 2192 1752 2226; x_wconf 90' lang='lat' dir='ltr'><strong>est</strong></span> <span class='ocrx_word' id='word_1_353' title='bbox 1783 2200 1852 2227; x_wconf 88' lang='lat' dir='ltr'><strong>ar·-</strong></span> 
     </span>
     <span class='ocr_line' id='line_1_37' title="bbox 52 2243 1852 2299; baseline 0.002 -18"><span class='ocrx_word' id='word_1_354' title='bbox 52 2246 301 2293; x_wconf 63' lang='lat' dir='ltr'><strong>gementum,</strong></span> <span class='ocrx_word' id='word_1_355' title='bbox 344 2243 433 2294; x_wconf 83' lang='lat' dir='ltr'><strong>ejus</strong></span> <span class='ocrx_word' id='word_1_356' title='bbox 474 2257 623 2289; x_wconf 70' lang='lat' dir='ltr'><strong>move</strong></span> <span class='ocrx_word' id='word_1_357' title='bbox 664 2246 773 2285; x_wconf 89' lang='lat' dir='ltr'><strong>nulla</strong></span> <span class='ocrx_word' id='word_1_358' title='bbox 809 2246 987 2297; x_wconf 88' lang='lat' dir='ltr'><strong>indigere</strong></span> <span class='ocrx_word' id='word_1_359' title='bbox 1030 2246 1303 2298; x_wconf 87' lang='lat' dir='ltr'><strong>inquisitione,</strong></span> <span class='ocrx_word' id='word_1_360' title='bbox 1348 2259 1396 2287; x_wconf 91' lang='lat' dir='ltr'><strong>ac</strong></span> <span class='ocrx_word' id='word_1_361' title='bbox 1430 2246 1597 2299; x_wconf 86' lang='lat' dir='ltr'><strong>proinde</strong></span> <span class='ocrx_word' id='word_1_362' title='bbox 1622 2245 1720 2285; x_wconf 87' lang='lat' dir='ltr'><strong>nihil</strong></span> <span class='ocrx_word' id='word_1_363' title='bbox 1761 2257 1852 2285; x_wconf 89' lang='lat' dir='ltr'><strong>esse</strong></span> 
     </span>
     <span class='ocr_line' id='line_1_38' title="bbox 53 2300 1853 2355; baseline 0.002 -16"><span class='ocrx_word' id='word_1_364' title='bbox 53 2300 181 2350; x_wconf 82' lang='lat' dir='ltr'><strong>aliud,</strong></span> <span class='ocrx_word' id='word_1_365' title='bbox 219 2300 298 2340; x_wconf 88' lang='lat' dir='ltr'><strong>nisi</strong></span> <span class='ocrx_word' id='word_1_366' title='bbox 330 2301 654 2342; x_wconf 82' lang='lat' dir='ltr'><strong>dodecatemoria</strong></span> <span class='ocrx_word' id='word_1_367' title='bbox 673 2303 834 2355; x_wconf 88' lang='lat' dir='ltr'><strong>integra</strong></span> <span class='ocrx_word' id='word_1_368' title='bbox 862 2305 1028 2345; x_wconf 83' lang='lat' dir='ltr'><strong>zodiaci.</strong></span> <span class='ocrx_word' id='word_1_369' title='bbox 1090 2304 1160 2345; x_wconf 86' lang='lat' dir='ltr'><strong>Sic</strong></span> <span class='ocrx_word' id='word_1_370' title='bbox 1196 2305 1326 2345; x_wconf 88' lang='lat' dir='ltr'><strong>sensit</strong></span> <span class='ocrx_word' id='word_1_371' title='bbox 1355 2305 1617 2345; x_wconf 86' lang='lat' dir='ltr'><strong>Reinholdus.</strong></span> <span class='ocrx_word' id='word_1_372' title='bbox 1669 2302 1788 2349; x_wconf 84' lang='lat' dir='ltr'><strong>Quod</strong></span> <span class='ocrx_word' id='word_1_373' title='bbox 1818 2303 1853 2343; x_wconf 90' lang='lat' dir='ltr'><strong>si</strong></span> 
     </span>
     <span class='ocr_line' id='line_1_39' title="bbox 53 2359 1852 2415; baseline 0.001 -15"><span class='ocrx_word' id='word_1_374' title='bbox 53 2359 251 2400; x_wconf 73' lang='lat' dir='ltr'><strong>rationem</strong></span> <span class='ocrx_word' id='word_1_375' title='bbox 291 2359 470 2411; x_wconf 89' lang='lat' dir='ltr'><strong>erigendi</strong></span> <span class='ocrx_word' id='word_1_376' title='bbox 513 2360 651 2400; x_wconf 88' lang='lat' dir='ltr'><strong>domos</strong></span> <span class='ocrx_word' id='word_1_377' title='bbox 688 2362 847 2401; x_wconf 89' lang='lat' dir='ltr'><strong>omnino</strong></span> <span class='ocrx_word' id='word_1_378' title='bbox 884 2363 1004 2402; x_wconf 84' lang='lat' dir='ltr'><strong>aliam</strong></span> <span class='ocrx_word' id='word_1_379' title='bbox 1036 2363 1148 2415; x_wconf 90' lang='lat' dir='ltr'><strong>sequi</strong></span> <span class='ocrx_word' id='word_1_380' title='bbox 1184 2364 1372 2412; x_wconf 88' lang='lat' dir='ltr'><strong>velimus,</strong></span> <span class='ocrx_word' id='word_1_381' title='bbox 1416 2363 1639 2403; x_wconf 81' lang='lat' dir='ltr'><strong>derivatam</strong></span> <span class='ocrx_word' id='word_1_382' title='bbox 1670 2375 1720 2401; x_wconf 85' lang='lat' dir='ltr'><strong>ex</strong></span> <span class='ocrx_word' id='word_1_383' title='bbox 1752 2362 1852 2402; x_wconf 82' lang='lat' dir='ltr'><strong>doc·</strong></span> 
     </span>
     <span class='ocr_line' id='line_1_40' title="bbox 52 2417 1853 2473; baseline 0.002 -16"><span class='ocrx_word' id='word_1_384' title='bbox 52 2417 160 2458; x_wconf 76' lang='lat' dir='ltr'><strong>trina</strong></span> <span class='ocrx_word' id='word_1_385' title='bbox 188 2417 436 2458; x_wconf 75' lang='lat' dir='ltr'><strong>Ptolemaica</strong></span> <span class='ocrx_word' id='word_1_386' title='bbox 467 2418 749 2468; x_wconf 87' lang='lat' dir='ltr'><strong>directionum,</strong></span> <span class='ocrx_word' id='word_1_387' title='bbox 800 2421 959 2461; x_wconf 86' lang='lat' dir='ltr'><strong>ridiculi</strong></span> <span class='ocrx_word' id='word_1_388' title='bbox 990 2434 1149 2469; x_wconf 90' lang='lat' dir='ltr'><strong>sumus,</strong></span> <span class='ocrx_word' id='word_1_389' title='bbox 1195 2422 1230 2461; x_wconf 89' lang='lat' dir='ltr'><strong>si</strong></span> <span class='ocrx_word' id='word_1_390' title='bbox 1260 2435 1337 2461; x_wconf 90' lang='lat' dir='ltr'><strong>non</strong></span> <span class='ocrx_word' id='word_1_391' title='bbox 1375 2421 1511 2473; x_wconf 87' lang='lat' dir='ltr'><strong>potius</strong></span> <span class='ocrx_word' id='word_1_392' title='bbox 1541 2420 1853 2471; x_wconf 85' lang='lat' dir='ltr'><strong>Regiomoutani</strong></span> 
     </span>
     <span class='ocr_line' id='line_1_41' title="bbox 53 2476 1854 2531; baseline 0.001 -14"><span class='ocrx_word' id='word_1_393' title='bbox 53 2477 274 2529; x_wconf 76' lang='lat' dir='ltr'><strong>perfectam</strong></span> <span class='ocrx_word' id='word_1_394' title='bbox 313 2477 510 2516; x_wconf 90' lang='lat' dir='ltr'><strong>rationem</strong></span> <span class='ocrx_word' id='word_1_395' title='bbox 549 2477 767 2530; x_wconf 88' lang='lat' dir='ltr'><strong>sequimur,</strong></span> <span class='ocrx_word' id='word_1_396' title='bbox 814 2491 931 2531; x_wconf 86' lang='lat' dir='ltr'><strong>quam</strong></span> <span class='ocrx_word' id='word_1_397' title='bbox 961 2480 1219 2519; x_wconf 88' lang='lat' dir='ltr'><strong>Ptolemaeus</strong></span> <span class='ocrx_word' id='word_1_398' title='bbox 1258 2479 1344 2531; x_wconf 89' lang='lat' dir='ltr'><strong>ipse</strong></span> <span class='ocrx_word' id='word_1_399' title='bbox 1375 2476 1690 2523; x_wconf 86' lang='lat' dir='ltr'><strong>commendavit,</strong></span> <span class='ocrx_word' id='word_1_400' title='bbox 1734 2491 1854 2530; x_wconf 89' lang='lat' dir='ltr'><strong>quam</strong></span> 
     </span>
     <span class='ocr_line' id='line_1_42' title="bbox 52 2534 1852 2589; baseline 0 -13"><span class='ocrx_word' id='word_1_401' title='bbox 52 2534 275 2577; x_wconf 80' lang='lat' dir='ltr'><strong>Ptolemaei</strong></span> <span class='ocrx_word' id='word_1_402' title='bbox 305 2535 496 2575; x_wconf 84' lang='lat' dir='ltr'><strong>vicariam</strong></span> <span class='ocrx_word' id='word_1_403' title='bbox 529 2536 815 2587; x_wconf 80' lang='lat' dir='ltr'><strong>imperfectam,</strong></span> <span class='ocrx_word' id='word_1_404' title='bbox 848 2550 928 2589; x_wconf 85' lang='lat' dir='ltr'><strong>qua</strong></span> <span class='ocrx_word' id='word_1_405' title='bbox 958 2538 1187 2577; x_wconf 89' lang='lat' dir='ltr'><strong>necessario</strong></span> <span class='ocrx_word' id='word_1_406' title='bbox 1201 2542 1205 2544; x_wconf 78' lang='grc'><strong>’</strong></span> <span class='ocrx_word' id='word_1_407' title='bbox 1219 2543 1429 2578; x_wconf 87' lang='lat' dir='ltr'><strong>contentus</strong></span> <span class='ocrx_word' id='word_1_408' title='bbox 1458 2537 1532 2577; x_wconf 87' lang='lat' dir='ltr'><strong>fuit</strong></span> <span class='ocrx_word' id='word_1_409' title='bbox 1562 2543 1726 2588; x_wconf 86' lang='lat' dir='ltr'><strong>propter</strong></span> <span class='ocrx_word' id='word_1_410' title='bbox 1743 2537 1852 2577; x_wconf 88' lang='lat' dir='ltr'><strong>indi-</strong></span> 
     </span>
     <span class='ocr_line' id='line_1_43' title="bbox 53 2594 1851 2647; baseline 0 -12"><span class='ocrx_word' id='word_1_411' title='bbox 53 2594 231 2644; x_wconf 71' lang='lat' dir='ltr'><strong>gentiam</strong></span> <span class='ocrx_word' id='word_1_412' title='bbox 260 2594 474 2641; x_wconf 70' lang='lat' dir='ltr'><strong>melioris,</strong></span> <span class='ocrx_word' id='word_1_413' title='bbox 519 2601 561 2634; x_wconf 86' lang='lat' dir='ltr'><strong>et</strong></span> <span class='ocrx_word' id='word_1_414' title='bbox 598 2607 715 2646; x_wconf 92' lang='lat' dir='ltr'><strong>quam</strong></span> <span class='ocrx_word' id='word_1_415' title='bbox 754 2596 839 2647; x_wconf 87' lang='lat' dir='ltr'><strong>ipse</strong></span> <span class='ocrx_word' id='word_1_416' title='bbox 877 2596 1135 2636; x_wconf 89' lang='lat' dir='ltr'><strong>Ptolemaeus</strong></span> <span class='ocrx_word' id='word_1_417' title='bbox 1180 2597 1331 2636; x_wconf 86' lang='lat' dir='ltr'><strong>fatetur</strong></span> <span class='ocrx_word' id='word_1_418' title='bbox 1369 2596 1675 2647; x_wconf 74' lang='lat' dir='ltr'><strong>imperfectam·</strong></span> <span class='ocrx_word' id='word_1_419' title='bbox 1730 2595 1851 2635; x_wconf 90' lang='lat' dir='ltr'><strong>Adde</strong></span> 
     </span>
     <span class='ocr_line' id='line_1_44' title="bbox 54 2652 1851 2706; baseline 0 -14"><span class='ocrx_word' id='word_1_420' title='bbox 54 2653 159 2705; x_wconf 81' lang='lat' dir='ltr'><strong>quod</strong></span> <span class='ocrx_word' id='word_1_421' title='bbox 189 2652 367 2694; x_wconf 84' lang='lat' dir='ltr'><strong>Cardaui</strong></span> <span class='ocrx_word' id='word_1_422' title='bbox 397 2652 516 2702; x_wconf 90' lang='lat' dir='ltr'><strong>ratio,</strong></span> <span class='ocrx_word' id='word_1_423' title='bbox 549 2666 667 2706; x_wconf 91' lang='lat' dir='ltr'><strong>quam</strong></span> <span class='ocrx_word' id='word_1_424' title='bbox 698 2653 946 2694; x_wconf 88' lang='lat' dir='ltr'><strong>Reinholdus</strong></span> <span class='ocrx_word' id='word_1_425' title='bbox 977 2654 1147 2695; x_wconf 89' lang='lat' dir='ltr'><strong>ascribit</strong></span> <span class='ocrx_word' id='word_1_426' title='bbox 1176 2655 1409 2694; x_wconf 88' lang='lat' dir='ltr'><strong>Alchabitio</strong></span> <span class='ocrx_word' id='word_1_427' title='bbox 1442 2660 1483 2694; x_wconf 89' lang='lat' dir='ltr'><strong>et</strong></span> <span class='ocrx_word' id='word_1_428' title='bbox 1513 2654 1659 2694; x_wconf 86' lang='lat' dir='ltr'><strong>Joanni</strong></span> <span class='ocrx_word' id='word_1_429' title='bbox 1692 2654 1742 2693; x_wconf 86' lang='lat' dir='ltr'><strong>de</strong></span> <span class='ocrx_word' id='word_1_430' title='bbox 1767 2652 1851 2694; x_wconf 90' lang='lat' dir='ltr'><strong>Sa-</strong></span> 
     </span>
     <span class='ocr_line' id='line_1_45' title="bbox 53 2711 1853 2765; baseline 0.001 -15"><span class='ocrx_word' id='word_1_431' title='bbox 53 2711 191 2760; x_wconf 64' lang='lat' dir='ltr'><strong>xonis,</strong></span> <span class='ocrx_word' id='word_1_432' title='bbox 234 2723 313 2750; x_wconf 91' lang='lat' dir='ltr'><strong>non</strong></span> <span class='ocrx_word' id='word_1_433' title='bbox 348 2716 415 2751; x_wconf 90' lang='lat' dir='ltr'><strong>est</strong></span> <span class='ocrx_word' id='word_1_434' title='bbox 444 2717 719 2752; x_wconf 88' lang='lat' dir='ltr'><strong>consentanea</strong></span> <span class='ocrx_word' id='word_1_435' title='bbox 749 2713 1286 2762; x_wconf 29' lang='lat' dir='ltr'><strong>PtolemaicaerdirEctionL</strong></span> <span class='ocrx_word' id='word_1_436' title='bbox 1332 2712 1424 2765; x_wconf 89' lang='lat' dir='ltr'><strong>quia</strong></span> <span class='ocrx_word' id='word_1_437' title='bbox 1456 2711 1666 2753; x_wconf 87' lang='lat' dir='ltr'><strong>Cardanus</strong></span> <span class='ocrx_word' id='word_1_438' title='bbox 1708 2711 1853 2752; x_wconf 88' lang='lat' dir='ltr'><strong>iisdem</strong></span> 
     </span>
     <span class='ocr_line' id='line_1_46' title="bbox 56 2769 1854 2822; baseline 0 -13"><span class='ocrx_word' id='word_1_439' title='bbox 56 2770 344 2822; x_wconf 62' lang='lat' dir='ltr'><strong>temporalibus</strong></span> <span class='ocrx_word' id='word_1_440' title='bbox 374 2769 481 2809; x_wconf 89' lang='lat' dir='ltr'><strong>horis</strong></span> <span class='ocrx_word' id='word_1_441' title='bbox 520 2769 626 2810; x_wconf 87' lang='lat' dir='ltr'><strong>binis</strong></span> <span class='ocrx_word' id='word_1_442' title='bbox 658 2771 868 2821; x_wconf 87' lang='lat' dir='ltr'><strong>distinguit</strong></span> <span class='ocrx_word' id='word_1_443' title='bbox 904 2771 1117 2812; x_wconf 86' lang='lat' dir='ltr'><strong>domicilia.</strong></span> <span class='ocrx_word' id='word_1_444' title='bbox 1179 2772 1241 2811; x_wconf 88' lang='lat' dir='ltr'><strong>At</strong></span> <span class='ocrx_word' id='word_1_445' title='bbox 1268 2771 1491 2811; x_wconf 89' lang='lat' dir='ltr'><strong>Ptolemaei</strong></span> <span class='ocrx_word' id='word_1_446' title='bbox 1523 2770 1702 2810; x_wconf 84' lang='lat' dir='ltr'><strong>directio</strong></span> <span class='ocrx_word' id='word_1_447' title='bbox 1726 2771 1854 2810; x_wconf 74' lang='lat' dir='ltr'><strong>natu-‘</strong></span> 
     </span>
     <span class='ocr_line' id='line_1_47' title="bbox 52 2828 1851 2881; baseline 0.001 -15"><span class='ocrx_word' id='word_1_448' title='bbox 52 2839 139 2867; x_wconf 78' lang='lat' dir='ltr'><strong>ram</strong></span> <span class='ocrx_word' id='word_1_449' title='bbox 169 2834 342 2880; x_wconf 75' lang='lat' dir='ltr'><strong>spectat,</strong></span> <span class='ocrx_word' id='word_1_450' title='bbox 373 2828 469 2868; x_wconf 87' lang='lat' dir='ltr'><strong>aliis</strong></span> <span class='ocrx_word' id='word_1_451' title='bbox 499 2829 597 2868; x_wconf 90' lang='lat' dir='ltr'><strong>locis</strong></span> <span class='ocrx_word' id='word_1_452' title='bbox 628 2829 783 2869; x_wconf 89' lang='lat' dir='ltr'><strong>zodiaci</strong></span> <span class='ocrx_word' id='word_1_453' title='bbox 815 2830 916 2869; x_wconf 87' lang='lat' dir='ltr'><strong>alias</strong></span> <span class='ocrx_word' id='word_1_454' title='bbox 947 2831 1189 2881; x_wconf 87' lang='lat' dir='ltr'><strong>temporales</strong></span> <span class='ocrx_word' id='word_1_455' title='bbox 1221 2830 1356 2877; x_wconf 90' lang='lat' dir='ltr'><strong>horas,</strong></span> <span class='ocrx_word' id='word_1_456' title='bbox 1389 2830 1529 2881; x_wconf 87' lang='lat' dir='ltr'><strong>cuique</strong></span> <span class='ocrx_word' id='word_1_457' title='bbox 1549 2842 1658 2875; x_wconf 87' lang='lat' dir='ltr'><strong>suas,</strong></span> <span class='ocrx_word' id='word_1_458' title='bbox 1690 2841 1851 2869; x_wconf 88' lang='lat' dir='ltr'><strong>accom-</strong></span> 
     </span>
     <span class='ocr_line' id='line_1_48' title="bbox 53 2885 1851 2954; baseline 0.001 -29"><span class='ocrx_word' id='word_1_459' title='bbox 53 2885 240 2934; x_wconf 60' lang='lat' dir='ltr'><strong>modam</strong></span> <span class='ocrx_word' id='word_1_460' title='bbox 271 2887 376 2938; x_wconf 91' lang='lat' dir='ltr'><strong>qnod</strong></span> <span class='ocrx_word' id='word_1_461' title='bbox 395 2886 576 2927; x_wconf 84' lang='lat' dir='ltr'><strong>imitatur</strong></span> <span class='ocrx_word' id='word_1_462' title='bbox 594 2887 751 2939; x_wconf 91' lang='lat' dir='ltr'><strong>quidem</strong></span> <span class='ocrx_word' id='word_1_463' title='bbox 772 2888 911 2927; x_wconf 88' lang='lat' dir='ltr'><strong>tabula</strong></span> <span class='ocrx_word' id='word_1_464' title='bbox 928 2888 1096 2939; x_wconf 83' lang='lat' dir='ltr'><strong>Magini‚</strong></span> <span class='ocrx_word' id='word_1_465' title='bbox 1119 2889 1222 2928; x_wconf 86' lang='lat' dir='ltr'><strong>sed&#39;</strong></span> <span class='ocrx_word' id='word_1_466' title='bbox 1211 2900 1395 2954; x_wconf 72' lang='lat' dir='ltr'><strong>ingressu</strong></span> <span class='ocrx_word' id='word_1_467' title='bbox 1413 2887 1653 2928; x_wconf 86' lang='lat' dir='ltr'><strong>inartificiali</strong></span> <span class='ocrx_word' id='word_1_468' title='bbox 1673 2893 1716 2928; x_wconf 88' lang='lat' dir='ltr'><strong>et</strong></span> <span class='ocrx_word' id='word_1_469' title='bbox 1733 2887 1851 2928; x_wconf 85' lang='lat' dir='ltr'><strong>iden-</strong></span> 
     </span>
     <span class='ocr_line' id='line_1_49' title="bbox 4 2942 1851 2998; baseline 0.002 -16"><span class='ocrx_word' id='word_1_470' title='bbox 4 2973 13 2982; x_wconf 93' lang='lat'><em>.</em></span> <span class='ocrx_word' id='word_1_471' title='bbox 54 2942 177 2984; x_wconf 77' lang='lat' dir='ltr'><strong>tidem</strong></span> <span class='ocrx_word' id='word_1_472' title='bbox 202 2945 448 2996; x_wconf 87' lang='lat' dir='ltr'><strong>corrigendo,</strong></span> <span class='ocrx_word' id='word_1_473' title='bbox 481 2945 558 2985; x_wconf 89' lang='lat' dir='ltr'><strong>etsi</strong></span> <span class='ocrx_word' id='word_1_474' title='bbox 578 2945 700 2985; x_wconf 89' lang='lat' dir='ltr'><strong>horae</strong></span> <span class='ocrx_word' id='word_1_475' title='bbox 719 2946 815 2985; x_wconf 89' lang='lat' dir='ltr'><strong>illae</strong></span> <span class='ocrx_word' id='word_1_476' title='bbox 834 2959 911 2985; x_wconf 87' lang='lat' dir='ltr'><strong>non</strong></span> <span class='ocrx_word' id='word_1_477' title='bbox 931 2952 1025 2986; x_wconf 91' lang='lat' dir='ltr'><strong>sunt</strong></span> <span class='ocrx_word' id='word_1_478' title='bbox 1043 2947 1163 2998; x_wconf 87' lang='lat' dir='ltr'><strong>plane</strong></span> <span class='ocrx_word' id='word_1_479' title='bbox 1183 2946 1322 2998; x_wconf 85' lang='lat' dir='ltr'><strong>cuique</strong></span> <span class='ocrx_word' id='word_1_480' title='bbox 1347 2959 1443 2985; x_wconf 88' lang='lat' dir='ltr'><strong>suae</strong></span> <span class='ocrx_word' id='word_1_481' title='bbox 1475 2946 1514 2985; x_wconf 89' lang='lat' dir='ltr'><strong>in</strong></span> <span class='ocrx_word' id='word_1_482' title='bbox 1546 2958 1618 2986; x_wconf 89' lang='lat' dir='ltr'><strong>suo</strong></span> <span class='ocrx_word' id='word_1_483' title='bbox 1636 2946 1851 2998; x_wconf 84' lang='lat' dir='ltr'><strong>positionis</strong></span> 
     </span>
     <span class='ocr_line' id='line_1_50' title="bbox 55 3001 1851 3053; baseline 0.001 -11"><span class='ocrx_word' id='word_1_484' title='bbox 55 3001 212 3052; x_wconf 68' lang='lat' dir='ltr'><strong>eiroelo,</strong></span> <span class='ocrx_word' id='word_1_485' title='bbox 235 3004 306 3043; x_wconf 85' lang='lat' dir='ltr'><strong>sed</strong></span> <span class='ocrx_word' id='word_1_486' title='bbox 326 3008 480 3043; x_wconf 79' lang='lat' dir='ltr'><strong>tantum</strong></span> <span class='ocrx_word' id='word_1_487' title='bbox 511 3003 549 3043; x_wconf 91' lang='lat' dir='ltr'><strong>in</strong></span> <span class='ocrx_word' id='word_1_488' title='bbox 575 3004 772 3044; x_wconf 89' lang='lat' dir='ltr'><strong>communi</strong></span> <span class='ocrx_word' id='word_1_489' title='bbox 792 3005 1009 3044; x_wconf 78' lang='lat' dir='ltr'><strong>horizonte.</strong></span> <span class='ocrx_word' id='word_1_490' title='bbox 1058 3005 1162 3044; x_wconf 87' lang='lat' dir='ltr'><strong>Hinc</strong></span> <span class='ocrx_word' id='word_1_491' title='bbox 1181 3005 1238 3053; x_wconf 88' lang='lat' dir='ltr'><strong>fit,</strong></span> <span class='ocrx_word' id='word_1_492' title='bbox 1270 3010 1316 3044; x_wconf 93' lang='lat' dir='ltr'><strong>ut</strong></span> <span class='ocrx_word' id='word_1_493' title='bbox 1334 3003 1521 3045; x_wconf 86' lang='lat' dir='ltr'><strong>Cardano</strong></span> <span class='ocrx_word' id='word_1_494' title='bbox 1539 3004 1636 3045; x_wconf 89' lang='lat' dir='ltr'>XII.</span> <span class='ocrx_word' id='word_1_495' title='bbox 1658 3009 1701 3045; x_wconf 88' lang='lat' dir='ltr'><strong>et</strong></span> <span class='ocrx_word' id='word_1_496' title='bbox 1717 3006 1752 3046; x_wconf 90' lang='grc' dir='ltr'><strong>Ι.</strong></span> <span class='ocrx_word' id='word_1_497' title='bbox 1774 3005 1851 3045; x_wconf 88' lang='lat' dir='ltr'><strong>do-</strong></span> 
     </span>
     <span class='ocr_line' id='line_1_51' title="bbox 58 3061 1851 3116; baseline 0.002 -16"><span class='ocrx_word' id='word_1_498' title='bbox 58 3071 149 3100; x_wconf 74' lang='lat' dir='ltr'><strong>mus</strong></span> <span class='ocrx_word' id='word_1_499' title='bbox 188 3061 341 3102; x_wconf 77' lang='lat' dir='ltr'><strong>oriente</strong></span> <span class='ocrx_word' id='word_1_500' title='bbox 385 3062 519 3102; x_wconf 85' lang='lat' dir='ltr'><strong>caneri</strong></span> <span class='ocrx_word' id='word_1_501' title='bbox 562 3062 759 3116; x_wconf 80' lang='lat' dir='ltr'><strong>piincipio</strong></span> <span class='ocrx_word' id='word_1_502' title='bbox 789 3063 889 3103; x_wconf 85' lang='lat' dir='ltr'><strong>fiant</strong></span> <span class='ocrx_word' id='word_1_503' title='bbox 918 3063 1287 3116; x_wconf 88' lang='lat' dir='ltr'><strong>inaequalissimae,</strong></span> <span class='ocrx_word' id='word_1_504' title='bbox 1332 3063 1426 3115; x_wconf 88' lang='lat' dir='ltr'><strong>quia</strong></span> <span class='ocrx_word' id='word_1_505' title='bbox 1455 3075 1578 3115; x_wconf 89' lang='lat' dir='ltr'><strong>supra</strong></span> <span class='ocrx_word' id='word_1_506' title='bbox 1606 3063 1851 3104; x_wconf 77' lang='lat' dir='ltr'><strong>horizontem</strong></span> 
     </span>
    </p>
   </div>
  </div>
 </body>
</html>
