2028 3242
159 90 240 134 182
840 88 993 129 Mysterli
1019 87 1283 130 Cosmographici

154 211 244 238 nem
275 197 360 248 ejus
392 196 661 236 humilitatem
692 194 919 242 descendit,
959 194 1063 234 unde
1095 194 1134 235 in
1167 194 1248 234 illis
1280 206 1352 246 pro
1384 193 1725 247 eccentrepicyclo
1757 196 1967 232 eecentrus

155 256 330 297 ecceutri
368 270 392 295 a
424 254 646 306 Copernico
691 258 896 292 assumtus
941 258 1028 292 est:
1076 252 1113 292 in
1147 252 1344 293 Mercurio
1382 265 1478 291 vero
1515 252 1728 304 peculiaris
1771 251 1966 303 quaedam

155 316 373 362 diameter,
418 327 490 367 per
529 325 645 365 quam
678 312 836 352 accedit
867 317 908 351 et
939 312 1091 352 recedit
1122 326 1146 352 a
1178 311 1298 360 Sole,
1346 311 1530 351 similiter
1566 311 1682 363 longe
1720 310 1912 351 remotius
1944 323 1968 349 a

156 374 250 415 Sole
282 373 483 414 interdum
515 371 806 423 exporrigitur,
849 384 966 422 quam
998 372 1120 411 stella
1149 384 1335 423 unquam.
1398 370 1662 410 Existimavit
1691 370 1836 422 igitur,
1879 381 1968 408 eam

156 433 316 473 orbibus
348 431 647 484 relinquendam
681 443 770 469 esse
804 430 1122 482 spissitudinem,
1158 443 1259 482 quae
1291 429 1464 470 motibus
1498 428 1821 479 demonstrandis
1852 427 1968 467 suffi-

155 493 250 533 ciat.
315 490 391 532 Cui
422 488 637 542 respondi:
681 489 875 541 primum,
917 490 1179 529 deserendum
1221 502 1310 528 esse
1348 494 1477 528 totum
1515 487 1742 540 negotium,
1783 486 1818 527 si
1847 487 1968 538 duplo

156 551 376 592 crassiores
408 551 507 590 fiant
539 548 682 588 orbes:
726 561 816 587 nam
849 548 1011 587 nimium
1041 551 1441 599 προσθαφαιρεσεσιν
1472 548 1675 588 ademtum
1705 546 1778 589 iri:
1825 545 1967 585 deinde

158 610 257 651 nihil
289 609 483 650 decedere
506 607 710 647 nobilitati
730 606 993 646 miraculosae
1014 607 1133 659 hujus
1152 607 1473 655 machinationis,
1507 606 1542 646 si
1573 606 1689 647 modo
1721 605 1811 645 viae
1830 604 1967 658 ipsae,

156 670 410 722 planetarum
444 666 670 717 descriptae
703 666 894 717 globulis,
935 666 1138 706 retineant
1173 666 1276 706 hanc
1307 665 1630 718 proportionem;
1674 665 1970 718 quibuscunque

156 728 215 770 iui
246 727 451 780 agitentur
482 725 668 774 orbibus,
710 725 865 776 magnis
898 738 948 764 an
980 725 1130 776 parvis.
1192 725 1249 765 Et
1281 725 1436 773 addidi,
1471 737 1571 776 quae
1603 737 1692 776 cap.
1730 720 1796 764 16.
1830 723 1970 772 habes,

158 788 206 827 de
237 786 409 826 materia
439 786 671 837 figurarum,
706 797 805 835 quae
839 784 949 824 nulla
981 784 1062 832 sit3
1101 789 1220 837 atque
1253 784 1344 824 inde
1377 796 1455 823 non
1487 783 1704 824 absurdum
1736 795 1844 830 esse,
1878 794 1970 822 cor-

157 859 256 898 pora
287 858 375 885 cum
408 843 570 884 orbibus
610 843 749 881 eodem
789 843 876 882 loco
915 843 1142 891 includere;
1187 844 1266 882 imo
1312 855 1406 883 vero
1450 842 1514 882 vel
1541 841 1838 897 ,Sine...„⁰tbi‚bus
1869 841 1972 881 hanc

157 905 247 948 viae
279 903 611 956 inaequalitatem
645 901 804 942 defendi
834 914 969 953 posse.
1032 903 1077 941 In
1111 915 1190 955 qua
1226 901 1430 956 sententia
1454 896 1584 951 *video
1621 893 1868 955 nobilenset
1895 899 1971 955 *ex-

157 962 486 1004 cellentissimum
525 955 851 1000 mathematicum
883 960 1111 1014 Tychonem
1142 962 1301 1009 Brahe‚
1339 962 1522 1011 Dauum,
1551 954 1748 1013 >{fersasriss'
1797 957 1973 1000 Causam

157 1029 293 1064 tamen
325 1026 367 1061 et
399 1020 557 1061 modum
591 1019 689 1059 haec
723 1021 861 1060 nostra
893 1018 1082 1060 disertius
1116 1021 1304 1062 indicant.
1350 1021 1504 1074 Nempe
1523 1018 1819 1074 ..Slsess'zlssemssjje
1849 1031 1974 1068 causa

159 1080 368 1122 tarditatis
400 1085 442 1119 et
472 1077 700 1118 velocitatis
733 1078 771 1118 in
805 1079 1050 1130 singulorum
1070 1080 1230 1134 orbibus
1251 1082 1300 1135 ⁸),
1335 1092 1435 1135 quae
1469 1091 1703 1137 SUPVQAEQ·
1726 1066 1973 1132 25),th

162 1141 346 1183 universo
378 1138 538 1185 mundo,
573 1137 646 1177 hoc
678 1138 822 1187 modo:
856 1137 922 1177 via
953 1139 1141 1191 planetae
1175 1139 1399 1186 eccentrica
1429 1136 1550 1179 tarda
1571 1136 1973 1194 superinfinizsshbin-

161 1192 281 1240 ferius
319 1199 448 1238 velox.
514 1197 581 1236 Ad
626 1197 699 1236 hoc
745 1197 849 1237 enim
894 1191 1248 1238 demonstrandum
1287 1203 1470 1244 assumta
1502 1197 1724 1252 Copernico
1766 1188 2002 1251 epicycli‡''

160 1259 393 1299 Ptolemaeo
425 1260 659 1308 aequantes.
680 1255 717 1303 b)
779 1257 1043 1297 Describatur
1074 1257 1196 1310 igitur
1227 1257 1502 1299 concentricus
1542 1257 1724 1310 aequalis
1760 1255 1851 1296 viae
1881 1255 1973 1308 pla-

161 1318 339 1358 netariae
372 1314 648 1363 eccentricae3
688 1316 801 1367 cujus
833 1322 964 1356 motus
995 1317 1248 1369 undiquaque
1282 1317 1462 1369 aequalis
1493 1317 1590 1366 erit,
1630 1316 1724 1370 quia
1754 1314 1976 1368 aequaliter

162 1378 210 1416 ab
243 1375 395 1428 origine
426 1379 559 1414 motus
592 1374 733 1414 distat.
785 1375 894 1428 Ergo
926 1376 978 1415 in*
997 1376 1216 1416 medietate
1249 1376 1338 1416 viae
1368 1376 1617 1427 eccentricae
1649 1386 1975 1428 supramconchen-

162 1436 302 1475 tricum
335 1433 523 1474 eminenti
556 1433 710 1473 tardior
741 1433 818 1476 erit
847 1435 1032 1486 planeta,
1073 1435 1166 1487 quia
1202 1435 1360 1486 longius
1394 1450 1419 1475 a
1451 1434 1546 1476 Sole
1578 1435 1732 1485 recedit
1751 1438 1806 1485 et
1835 1447 1861 1479 a
1890 1431 1976 1476 yjr-

161 1501 247 1536 tute
281 1491 464 1533 debiliori
494 1497 700 1532 movetur:
740 1493 780 1532 in
819 1494 972 1546 reliqua
1010 1494 1195 1544 celerior,
1236 1495 1330 1547 quia
1362 1494 1448 1534 Soli
1479 1494 1646 1534 vicinior
1676 1498 1719 1534 et
1748 1493 1787 1543 in
1821 1490 1978 1543 fortiori

163 1553 323 1594 virtute.
368 1551 504 1603 Atque
526 1551 627 1591 hanc
649 1551 915 1593 variationem
936 1558 1068 1594 motus
1100 1566 1176 1593 non
1211 1566 1326 1594 secus
1359 1566 1432 1606 per
1463 1553 1665 1594 circellum
1697 1546 1994 1598 demonstraris

163 1625 210 1652 ac
242 1611 277 1651 si
307 1623 399 1651 vere
431 1609 470 1649 in
502 1623 550 1649 eo
584 1610 745 1650 circello
777 1611 942 1663 planeta
973 1619 1199 1653 moveretur
1231 1612 1387 1664 aequali
1413 1619 1536 1662 motu,
1570 1612 1734 1653 cuilibet
1765 1610 1882 1652 facile
1915 1614 1979 1649 est

163 1671 366 1724 colligere.
428 1668 568 1709 Habes
609 1683 772 1710 causam
810 1671 1019 1712 tarditatis
1064 1671 1204 1724 hujus,
1251 1672 1458 1712 videamus
1502 1685 1604 1712 nunc
1646 1677 1687 1711 et
1722 1681 1975 1711 mensuram:

463 1748 587 1781 Fig.27.
958 1731 998 1771 A
1035 1731 1089 1770 sit
1127 1731 1215 1771 fons
1256 1731 1411 1771 animae
1449 1731 1665 1779 moventis,
1706 1743 1762 1771 sc.
1804 1728 1898 1778 Sol,
1942 1727 1977 1767 B

527 1812 530 1814 >
842 1795 1020 1829 centrum
1058 1790 1148 1830 viae
1179 1790 1248 1830 EF
1253 1790 1356 1839 GH,
1403 1804 1521 1843 quam
1563 1791 1753 1842 planeta,
1798 1788 1870 1829 sed
1912 1787 1977 1828 in-

842 1849 1000 1900 aequali
1036 1863 1181 1902 passu,
1223 1850 1393 1898 incedit,
1432 1850 1507 1889 BD
1539 1850 1595 1890 sit
1623 1854 1668 1889 ut
1697 1847 1793 1897 BA,
1834 1851 1876 1887 et
1908 1845 1978 1888 CB

707 1904 713 1951 ζ
777 1941 779 1943 .
842 1907 929 1959 ejus
961 1908 1180 1948 dimidium.
1234 1907 1335 1948 Cum
1366 1908 1490 1960 igitur
1515 1908 1588 1948 EF
1618 1909 1673 1948 sit
1704 1906 1895 1948 remotior
1927 1905 1978 1945 ab

697 1965 771 2019 Q
843 1968 900 2014 A,
950 1979 1068 2018 quam
1104 1966 1182 2007 No
1229 1967 1456 2019 quantitate
1497 1967 1593 2015 AB,
1633 1966 1897 2007 conveniebat
1936 1968 1982 2005 ut

683 2046 704 2066 κ,
772 2021 782 2080 Q
843 2025 1008 2077 planeta
1040 2026 1078 2065 in
1109 2026 1180 2065 EF
1220 2033 1303 2065 tam
1340 2027 1479 2066 tardus
1519 2031 1654 2074 esset,
1699 2038 1746 2065 ac
1787 2024 1820 2064 si
1859 2023 1979 2076 duplo

779 2133 780 2136 Q
843 2084 999 2136 longius
1032 2084 1082 2124 ab
1113 2084 1152 2124 A
1184 2085 1436 2133 recessisset,
1470 2085 1696 2136 quantitate
1729 2097 1785 2124 sc.
1813 2083 1904 2131 AD,
1939 2087 1982 2122 et

772 2137 784 2168 θ’
803 2146 817 2173 ἰ
845 2156 963 2194 super
995 2149 1131 2183 centro
1163 2143 1200 2183 D
1233 2150 1422 2185 curreret.
1479 2144 1536 2184 Et
1567 2149 1743 2192 econtra,
1777 2156 1867 2182 cum
1897 2140 1980 2181 HG

845 2202 899 2241 sit
928 2202 1089 2254 propior
1118 2202 1195 2254 ipsi
1227 2203 1267 2242 A
1300 2217 1418 2256 quam
1448 2202 1535 2250 PQ,
1567 2202 1710 2243 eadem
1740 2202 1816 2242 AB
1849 2213 1979 2254 quau-

845 2261 979 2311 titate‚
1014 2262 1287 2310 conveniebat,
1322 2269 1365 2302 ut
1387 2263 1552 2315 planeta
1576 2262 1615 2302 in
1638 2261 1718 2302 GH
1748 2266 1831 2301 tam
1862 2260 1980 2299 velox

848 2327 982 2369 esset,
1029 2334 1075 2360 ac
1120 2321 1154 2360 si
1192 2322 1311 2373 duplo
1354 2321 1518 2374 propius
1556 2322 1606 2361 ad
1644 2321 1683 2361 A
1723 2320 1980 2365 accessisset,
2023 2367 2025 2370 .

845 2379 1026 2419 nimirum
1057 2380 1198 2420 itidem
1231 2381 1459 2432 quantitate
1491 2380 1584 2420 AD.
1628 2379 1850 2431 Utrobique
1884 2389 1979 2428 ergo

847 2439 1083 2479 tantundem
1115 2444 1195 2487 est,
1231 2453 1277 2479 ac
1309 2440 1343 2479 si
1376 2452 1494 2491 super
1524 2440 1561 2479 D
1594 2443 1731 2479 centro
1762 2437 1978 2477 incederet.

847 2496 979 2550 Supra
1011 2498 1115 2538 enim
1147 2511 1235 2550 cap.
1270 2497 1339 2539 20.
1375 2512 1423 2538 ea
1453 2503 1631 2538 motuum
1667 2497 1719 2536 ad
1757 2496 1873 2536 orbes
1907 2494 1982 2535 fuit

848 2556 1066 2608 proportio.
1090 2559 1124 2606 ⁰)
1187 2556 1321 2603 Quare
1355 2558 1506 2606 cogita,
1547 2569 1648 2608 quae
1684 2555 1738 2596 ibi
1771 2555 1847 2596 loci
1879 2555 1980 2594 duae

170 2625 317 2653 causae
349 2626 421 2665 per
446 2618 575 2654 totum
596 2614 783 2655 circulum
805 2622 1101 2666 concurrerunt,
1135 2630 1205 2656 eas
1238 2616 1300 2656 hic
1332 2618 1514 2657 inversas
1546 2620 1588 2655 et
1618 2616 1841 2666 permixtas
1873 2625 1978 2654 esse.

171 2671 255 2710 Illic
289 2673 396 2712 orbis
429 2673 606 2724 ejusdem
638 2674 792 2724 integer
824 2674 998 2714 ambitus
1037 2676 1166 2727 major
1204 2682 1246 2716 et
1282 2676 1472 2716 remotior
1508 2675 1716 2726 periodum
1755 2673 1892 2722 auxit,
1938 2677 1982 2711 et

171 2729 296 2770 minor
329 2737 447 2783 atque
479 2731 641 2783 propior
673 2732 880 2773 diminuit:
914 2733 977 2773 hic
1011 2739 1146 2774 autem
1175 2735 1315 2774 circuli
1347 2732 1502 2779 NOPQ
1533 2739 1575 2773 et
1604 2731 1758 2773 EFGH
1790 2731 1980 2784 aequales

171 2794 275 2839 sunt,
309 2795 352 2829 et
382 2790 496 2841 hujus
528 2803 622 2842 pars
656 2792 786 2831 altera
817 2792 1019 2840 remotior,
1055 2793 1185 2833 altera
1209 2793 1370 2845 propior
1390 2798 1453 2833 est
1474 2797 1610 2832 centro
1630 2792 1682 2840 A,
1716 2791 1816 2833 Soli.
1862 2789 1978 2837 Qua-

172 2852 333 2898 propter
365 2848 509 2888 motrix
541 2849 668 2889 virtus
700 2850 738 2890 in
772 2850 811 2890 A
845 2851 931 2902 agit
970 2851 1009 2891 in
1041 2851 1111 2892 EF
1153 2857 1194 2892 et
1231 2852 1271 2891 in
1304 2850 1407 2899 GH,
1453 2857 1644 2902 tanquam
1687 2851 1855 2902 planeta
1898 2847 1979 2889 illic

173 2910 281 2943 esset
313 2905 352 2944 in
384 2907 462 2954 IK,
497 2906 561 2946 hic
594 2908 631 2947 in
666 2909 759 2948 LM.
823 2909 1039 2962 Utriusque
1080 2915 1230 2959 autem,
1274 2910 1481 2950 tarditatis
1524 2909 1631 2949 illius
1673 2913 1715 2948 et
1750 2906 1979 2949 velocitatis

174 2962 288 3013 hujus
334 2966 550 3005 communis
594 2980 780 3007 mensura
823 2968 1022 3008 invenitur
1065 2969 1104 3009 in
1144 2969 1195 3009 D.
1260 2971 1398 3022 ltaque
1439 2969 1604 3020 planeta
1642 2967 1680 3006 in
1718 2966 1871 3007 EFGH
1911 2967 1975 3006 via

172 3022 429 3072 progrediens
468 3025 607 3064 tardus
645 3027 839 3077 veloxque
882 3040 955 3067 nec
997 3040 1074 3067 non
1111 3028 1322 3067 mediocris
1355 3028 1461 3067 circa
1491 3027 1530 3067 R
1561 3032 1602 3066 et
1636 3025 1665 3066 S
1702 3027 1769 3071 fit,
1814 3025 1978 3078 perinde

174 3083 363 3131 tanquam
396 3081 433 3119 in
468 3083 632 3128 IKLM,
676 3097 795 3135 super
827 3085 863 3124 D
902 3091 1080 3126 centrum
1119 3086 1340 3139 aequaliter
1378 3086 1467 3127 iret.
1531 3086 1623 3127 Jarn
1662 3084 1751 3126 vide
1790 3085 1975 3132 artifices,
2022 3114 2024 3116 f
