2028 3242
173 84 259 128 275
904 83 1068 126 Apologia
1091 83 1267 124 Tychonis.

292 190 373 232 Sed
417 195 462 230 tu
506 188 600 242 quid
638 188 699 228 ais
736 188 870 229 Urse?
902 192 945 228 tu
979 187 1072 241 quid
1117 188 1238 228 affers
1282 200 1332 227 ex
1365 186 1610 240 Copemico,
1655 202 1731 242 quo
1775 190 1986 242 probatum

175 251 322 292 reddas
353 250 394 290 id
427 249 531 302 quod
565 247 729 288 aiebas.
762 247 1009 306 hypotheses
1042 252 1220 287 motuum
1251 247 1487 290 coelestium
1519 261 1544 288 a.
1574 247 1762 302 Tychone
1787 249 1985 300 jactatas,

174 322 363 363 expresse
397 307 623 360 descriptas
644 319 734 347 esse
766 307 807 347 in
827 294 980 347 relictis
1011 306 1266 359 monimentis
1286 305 1447 347 Nicolai
1467 304 1705 359 Copernici?
1766 307 1812 349 Si
1831 321 1983 361 cogna-

134 392 137 396 ‹
172 369 323 410 tionem
354 368 460 409 inter
490 372 681 419 utrasque
714 365 976 414 intercedere,
1011 365 1045 406 si
1078 365 1236 406 facilem
1269 365 1485 406 transitum
1517 379 1542 405 a
1569 363 1792 419 Oopernico
1815 368 1874 408 ad
1901 366 1985 421 Ty-

174 428 341 469 chonem
373 426 666 474 contendisses,
699 438 830 466 meum
855 425 1087 478 suffragium
1119 424 1284 477 adjungi
1319 424 1408 476 jam
1440 424 1593 467 vidisti.
1654 423 1859 479 Expresse
1891 438 1986 467 vero

139 494 147 528 ἱ
173 487 245 539 ubi
271 487 314 527 in
346 484 569 539 Copernico
602 484 830 539 descriptize
864 484 989 525 sunt?

953 657 1210 666 m,

272 803 347 836 Huc
372 811 474 845 usque
491 800 654 843 Keplems
679 801 713 832 in
737 798 1033 841 manuscriptorum
1057 799 1188 841 saepius
1213 797 1374 831 dictorum
1397 799 1561 832 volumine
1589 801 1712 842 quinto.
1762 799 1837 833 Reli
1860 809 1906 833 ua
1929 801 1985 833 de-

178 855 275 889 sunt,
305 852 382 895 sine
397 849 521 893 EE'PQ
527 859 594 880 uon
620 847 809 891 deperdita,
847 846 908 879 sed
942 846 1086 879 nondum
1122 855 1144 878 a.
1166 846 1311 888 Kepiero
1337 846 1525 885 elaborata,
1563 856 1638 879 cum
1670 847 1782 881 media
1803 849 1838 880 in
1862 856 1988 891 pagina

176 891 353 935 subsistat,
392 906 467 930 eam
491 890 580 928 forte
581 889 640 927 ob
666 904 821 932 causam,
855 895 934 936 quia
965 895 1099 926 mortuis
1130 893 1213 926 Urso
1247 897 1282 926 et
1309 893 1467 935 Tychone
1492 894 1670 928 consultius
1707 896 1769 937 ipsi
1803 895 1990 932 videbatur

177 955 246 978 rem
271 938 377 978 ιοιιιιι
411 944 565 985 abjicere.
614 941 671 975 Nil
704 942 850 984 sequitur
880 945 1013 983 praeter
1037 950 1095 979 ea,
1131 950 1216 984 quae
1249 950 1348 983 supra.
1373 941 1593 982 exhibuimus,
1630 942 1793 983 Crameri,
1828 942 1990 976 Waltheri

178 993 378 1035 aliorumque
402 991 609 1024 testimonia:
645 989 774 1022 videtur
799 993 909 1021 autem
933 989 1097 1031 Keplerus
1122 998 1223 1031 prope
1248 988 1292 1021 ad
1315 988 1415 1022 finem
1438 999 1508 1021 rem
1532 989 1741 1031 perduxisse,
1774 999 1850 1023 cnm
1873 990 1989 1023 literae

178 1040 314 1082 Kepleri
340 1039 383 1072 ad
406 1039 646 1081 Tegnagelium
671 1037 773 1070 datae
799 1034 880 1077 (vid.
907 1041 1022 1070 annot.
1047 1034 1098 1077 5.)
1115 1037 1272 1087 quatuvis
1296 1037 1487 1090 pauciorum
1511 1036 1681 1071 verborum
1706 1041 1869 1081 apparatu
1892 1037 1990 1071 simili

177 1089 306 1149 ratione
330 1087 580 1154 ιιοιιοῙιιᾱιιιιιιι.
1436 1084 1447 1087 “
1454 1083 1542 1090 ”“”
1532 1083 1582 1090 ’“
1586 1081 2013 1098 ’Ἢ
