2028 3242
911 52 1022 115 Caput
1044 74 1118 108 ΧΠ.
1219 112 1223 115 ,
1842 72 1922 115 147

113 180 312 216 cavendum
330 180 388 215 hic
408 190 432 214 a
450 179 651 214 collusione
671 180 745 214 ista
762 181 1022 222 accidentaria,
1053 182 1146 227 quod
1165 181 1277 216 etiam
1296 181 1441 216 sextilis
1462 181 1511 216 sit
1528 180 1696 226 praecise
1716 180 1923 216 dimidiatus

113 232 241 274 trinus,
269 237 310 268 et
341 232 487 268 sextilis
518 232 653 267 tertiae
673 233 772 268 molli
803 234 1055 279 respondeat.
1094 233 1188 269 Nam
1219 235 1324 269 docui
1343 245 1424 279 cap.
1447 234 1484 268 6.
1516 234 1580 269 lib.
1602 233 1664 268 IV.
1685 233 1922 269 Harmonico-

112 296 201 327 rum,
235 285 363 321 sextili
379 286 602 331 respondere
622 297 694 321 uon
712 285 860 321 tertiam
878 287 1035 328 mollem,
1065 287 1128 321 sed
1154 286 1326 331 diapente
1353 281 1666 332 epidisdiapisou.
1699 286 1818 347 ipsam
1835 298 1923 322 vero

111 337 260 374 tertiam
274 338 424 374 1110110111
442 349 664 373 communem
683 349 765 373 esse
784 338 948 374 sobolem
972 343 1049 374 tam
1074 339 1351 386 quinquanguli,
1383 350 1491 385 quam
1510 339 1722 399 sexangulss
1753 339 1839 385 quia
1865 339 1923 374 his

111 390 269 441 quaeris
289 391 326 434 5,
354 392 377 427 6
406 390 735 436 comprehenditur.
790 391 930 437 Estque
957 402 1071 427 causa
1100 392 1356 433 diversissima,
1389 403 1483 438 quae
1509 391 1642 426 trinum
1667 392 1702 426 in
1729 393 1819 427 duos
1839 403 1923 438 per—

111 442 228 479 iectos
245 443 403 479 sextiles
422 443 550 479 dividit
579 443 629 478 ah
648 443 716 478 illa
735 454 859 484 causa,
890 455 986 490 quae
1005 444 1179 490 diapente
1211 445 1248 479 in
1267 446 1358 480 duas
1380 445 1522 485 tertias,
1555 444 1732 489 majorem
1752 450 1791 479 et
1809 445 1923 480 mino·

108 499 186 532 rom
209 495 349 533 dividit.
390 497 444 533 'Id
463 495 606 543 quidem
623 497 683 531 vel
715 508 763 531 ex
783 497 853 531 hoc
872 502 1041 542 apparet,
1077 498 1171 543 quod
1199 503 1328 543 partes
1361 503 1447 532 sunt
1473 496 1549 532 illic
1568 498 1756 543 aequales
1785 498 1844 532 hic
1869 498 1921 533 in·

109 549 299 597 aequales.
353 549 456 585 Nihil
483 548 600 596 igitur
617 549 825 584 detrahitur
850 549 1035 585 nobilitati
1064 549 1198 585 tertiae
1218 551 1343 592 durae,
1377 550 1470 585 nihil
1489 550 1630 585 accedit
1655 550 1789 585 tertiae
1809 551 1920 592 molli,

108 602 206 648 quod
223 601 370 639 meilis
387 606 448 637 est
465 601 647 637 dimidium
665 603 709 636 de
728 602 836 643 trino,
857 602 1022 648 quintilis
1042 614 1113 638 nou
1133 603 1237 644 item;
1258 608 1295 638 et
1315 607 1443 649 posset
1461 615 1532 638 nou
1552 603 1699 638 minoris
1719 604 1789 638 hoc
1808 604 1919 638 aesti-

107 665 213 696 mm,
239 655 339 702 quod
369 655 533 702 quintilis
563 654 614 689 sit
630 655 813 690 dimidium
843 656 888 689 de
920 655 1103 702 biquintili
1135 655 1198 692 ἀο.
1253 657 1432 702 Equidem
1462 668 1535 691 non
1565 655 1713 691 minima
1743 667 1831 702 pars
1862 662 1963 691 est
2015 697 2028 711 ,

108 707 283 744 solertiae
301 708 351 744 ab
369 708 584 768 hujusmodi·
595 708 829 743 concursibus
849 708 1102 743 accidentariis
1122 720 1266 750 cavere,
1294 709 1367 756 qui,
1399 714 1440 744 ut
1470 710 1653 755 quondam
1669 708 1776 744 Siren
1794 709 1920 744 Sicula

108 760 330 808 navigantes
349 765 473 802 cantu,
503 761 555 795 sic
573 760 644 806 ipsi
662 760 970 806 philosophantes
989 762 1184 807 voluptate
1213 762 1429 808 apparentis
1454 761 1734 808 pulchritudinis
1767 762 1918 808 apt-ique

106 823 304 860 responsus
324 810 375 858 (si
393 813 537 860 quidem
563 813 623 848 hic
642 813 912 848 adhaerescunt
932 814 1174 850 admiratione
1193 815 1304 861 capti,
1335 815 1398 850 ubi
1419 825 1534 850 causa
1564 814 1669 849 nulla
1687 819 1745 850 est
1764 815 1918 850 alterius
1962 831 1970 857 ,-

107 867 145 902 111
162 862 304 911 altero)
321 866 498 907 detinent,
517 874 560 901 ut
578 867 624 902 ad
644 877 794 912 scopum
812 867 1046 912 praefinitum
1065 868 1241 903 scientiae
1260 868 1454 914 pervenire
1473 879 1546 902 11011
1564 866 1718 913 possint.

213 919 352 961 Quinta
370 930 486 954 causa
505 926 564 954 est
594 920 747 954 effectus
767 921 950 954 secundae
982 926 1019 955 et
1039 921 1162 961 efficit,
1195 926 1235 956 ut
1258 921 1422 967 quintilis
1454 919 1701 966 imperfectior
1732 925 1917 966 aspectus.

106 971 221 1008 tertia
237 973 331 1008 dura
357 972 606 1018 imperfectior
624 968 765 1018 (potius
797 973 951 1007 alterius
982 970 1149 1020 generis)
1169 973 1411 1009 consonantia
1442 974 1507 1008 sit:
1537 985 1609 1008 11011
1634 972 1757 1014 efficit,
1795 978 1836 1008 ut
1854 973 1919 1008 ille

105 1029 281 1072 aspectus
309 1026 421 1072 plane
452 1025 588 1060 nullius
618 1025 814 1066 efficaciae,
845 1026 939 1060 haec
958 1027 1200 1062 consonantia
1232 1027 1368 1062 nullius
1389 1027 1438 1062 sit
1456 1025 1667 1062 suavitatis.
1723 1026 1819 1061 Nam
1849 1027 1919 1061 hoc

99 1078 183 1124 Jam
211 1079 345 1114 dudum
373 1079 418 1114 de
448 1078 613 1114 omnibus
646 1078 803 1124 quinque
834 1078 1102 1123 objectionibus
1134 1084 1231 1115 erat-
1247 1080 1456 1120 dicendum:
1485 1081 1580 1126 quod
1612 1078 1642 1114 si
1667 1079 1849 1120 valerent,
1882 1079 1918 1113 in

106 1131 245 1168 nui-
273 1142 393 1178 aeque
422 1131 594 1166 valerent
623 1142 668 1166 ac
699 1132 735 1166 in
767 1132 918 1178 negotio
950 1138 1184 1178 aspectuum:
1217 1144 1284 1167 nec
1315 1133 1411 1168 ratio
1443 1133 1524 1168 ulla
1547 1131 1721 1173 redditur,
1754 1143 1819 1167 cur
1845 1132 1918 1166 hae

105 1192 243 1227 nangae
268 1184 425 1220 valeant
450 1184 536 1225 illic,
565 1195 639 1219 11011
666 1185 818 1219 valeant
835 1185 906 1220 hic.

209 1235 282 1285 gg)
308 1237 368 1273 De
386 1237 590 1283 octaugula
619 1238 732 1272 stella
760 1249 820 1272 res
839 1242 899 1272 est
917 1238 1006 1273 alia.
1062 1238 1135 1273 Cur
1162 1238 1257 1273 enim
1288 1238 1355 1273 illa
1385 1250 1464 1274 cum
1491 1239 1689 1284 sesquadro
1708 1237 1919 1274 eliminetur

105 1302 171 1327 seu
189 1290 309 1338 magis
327 1295 576 1336 postponatur
593 1302 640 1324 ex
662 1291 885 1335 aspectibus,
918 1302 990 1326 non
1021 1291 1107 1326 item
1133 1303 1154 1325 e
1172 1291 1319 1326 -musica
1340 1291 1548 1326 eliminetur
1579 1296 1692 1326 sexta
1723 1291 1839 1326 minor
1868 1303 1918 1326 ex

104 1343 306 1391 cotug-11⁰
325 1347 432 1379 nota:
464 1342 545 1388 ejus
564 1343 617 1378 rei
638 1354 770 1378 causas
788 1354 861 1390 ego
881 1343 1045 1389 explicui
1072 1343 1139 1379 lib.
1162 1344 1223 1379 lv.
1244 1345 1420 1379 Harmon.
1443 1355 1524 1389 cap.
1546 1345 1581 1379 6.
1638 1343 1787 1379 Scilicet
1805 1345 1917 1380 etiam

103 1397 204 1433 circa
218 1397 316 1432 1111110
334 1406 456 1443 aequa
473 1396 565 1431 liunt
599 1402 675 1431 tam
693 1396 731 1431 in
748 1396 887 1430 musica
906 1407 1014 1442 quam
1045 1397 1142 1431 inter
1159 1402 1343 1443 aspectus,
1378 1398 1498 1444 quoad
1528 1396 1783 1442 proportiones
1815 1397 1916 1442 ipsas

105 1449 131 1486 3
147 1454 190 1485 et
207 1449 232 1485 5
256 1449 304 1485 ad
322 1448 365 1490 8,
398 1454 485 1484 sunt
508 1449 603 1484 enim
629 1449 798 1495 utrinque
818 1449 932 1484 viles:
966 1454 1007 1484 at
1034 1454 1187 1495 propter
1204 1461 1417 1485 concursum
1448 1450 1486 1485 111
1509 1461 1585 1484 uua
1615 1449 1776 1484 sectione
1807 1450 1917 1485 trium

103 1502 379 1549 proportionum
397 1501 439 1543 3,
461 1501 485 1537 5
504 1506 544 1536 et
564 1502 605 1543 5,
626 1501 651 1538 8
670 1508 710 1536 et
730 1501 770 1543 3,
792 1501 834 1543 8,
867 1501 971 1548 cujus
988 1500 1086 1537 ratio
1114 1502 1212 1537 inter
1237 1508 1410 1549 aspectus
1435 1503 1597 1538 habetur
1614 1503 1728 1544 nulla,
1761 1503 1918 1538 nobilior

104 1558 166 1591 est
190 1555 285 1591 haec
311 1554 531 1602 octogonica
557 1559 661 1590 secta
686 1555 723 1589 in
757 1554 906 1589 musica.

209 1603 280 1653 hh)
306 1607 383 1643 Imo
413 1619 501 1642 vero
519 1612 559 1642 et
584 1607 644 1642 hic
675 1613 863 1653 operatur,
896 1612 994 1642 teste
1012 1608 1246 1653 experientia
1276 1612 1315 1643 et
1343 1608 1566 1643 contrariam
1594 1607 1830 1654 octangulari
1849 1619 1915 1643 ex·

103 1660 245 1708 peritur
261 1661 445 1696 fortunam
470 1660 507 1695 in
532 1661 688 1701 musica;
722 1661 860 1695 nullam
879 1661 973 1695 0111111
993 1661 1190 1695 sectionem
1215 1661 1441 1706 peculiarem
1459 1661 1668 1696 constituit:
1700 1661 1782 1695 vide
1802 1671 1915 1706 saepe

23 1712 25 1714 ’
85 1713 310 1761 -allegatmn
329 1723 411 1759 ηρ.
431 1714 467 1749 6.
488 1714 552 1749 lib.
572 1714 634 1748 lv.
654 1714 829 1748 Harmou.
886 1714 996 1748 Vides
1027 1713 1143 1759 igitur
1162 1724 1311 1750 causam
1342 1715 1444 1749 illam
1477 1714 1641 1760 quintam
1673 1725 1756 1748 esse
1783 1715 1828 1748 de
1860 1714 1913 1748 ni·

87 1761 198 1807 1111ος
226 1766 334 1813 quasi
351 1766 412 1813 qui
431 1778 504 1801 11011
523 1766 678 1812 implent
694 1767 897 1812 planitiem,
931 1766 955 1800 ii
975 1778 1047 1802 non
1065 1767 1209 1812 possint
1239 1767 1317 1801 fieri
1342 1772 1529 1812 aspectus.
1584 1767 1678 1802 Nam
1697 1767 1768 1801 etsi
1788 1767 1914 1813 singu-

103 1820 222 1856 lanum
248 1818 451 1865 specierum
478 1830 550 1854 non
578 1819 741 1864 implent,
771 1825 811 1854 at
839 1820 993 1865 implent
1016 1819 1241 1864 junctarum.

208 1870 250 1916 11)
277 1871 472 1927 Separatio
503 1872 631 1918 aliqua
655 1873 865 1907 necessaria
890 1872 971 1913 fuit,
1005 1873 1068 1907 sed
1098 1873 1167 1907 illa
1185 1874 1232 1907 ob
1252 1883 1384 1907 causas
1417 1872 1529 1918 longe
1549 1872 1655 1913 alias,
1689 1883 1799 1918 quam
1818 1883 1913 1919 quae

102 1925 174 1961 1110
187 1925 269 1960 1000
297 1924 424 1971 quinto
452 1930 762 1960 commemoratur.

206 1973 283 2022 kk)
311 1977 474 2023 Optime.
502 1978 605 2013 valet
635 1978 729 2013 enim
754 1979 823 2013 hoc
848 1978 966 2023 ipsum
990 1978 1102 2014 etiam
1128 1978 1165 2013 in
1183 1989 1274 2012 vera
1292 1988 1417 2012 causa.
1458 1978 1550 2012 Vide
1570 1978 1743 2012 Harmon.
1764 1977 1827 2012 lib.
1850 1978 1909 2013 IV.

206 2028 253 2074 11)
279 2031 361 2066 Hoc
377 2030 525 2065 nimium
544 2036 604 2066 est
621 2036 661 2066 et
678 2031 901 2066 contrarium
918 2032 1132 2077 praemisso.
1189 2031 1226 2066 Si
1256 2038 1411 2076 propter
1435 2031 1624 2077 angulum,
1654 2030 1781 2076 utique
1801 2030 1911 2066 etiam

104 2088 256 2129 propter
282 2084 460 2130 figuram
491 2094 576 2118 nam
605 2089 646 2118 et
673 2084 795 2130 figura
825 2095 892 2129 per
923 2085 1080 2130 angulos
1101 2083 1337 2119 constituitur
1358 2088 1398 2118 et
1416 2084 1636 2129 angulum
1654 2083 1819 2119 delectus
1845 2095 1913 2129 per

102 2137 243 2182 figuras
271 2137 327 2171 fit.
381 2136 453 2171 Sed
480 2137 562 2171 vide
594 2138 803 2182 scrupulum
834 2138 879 2171 de
908 2138 1032 2182 figura
1050 2137 1205 2172 centrali
1236 2142 1275 2171 et
1305 2138 1349 2171 de
1369 2136 1687 2171 circumferentiali
1718 2147 1913 2172 excussum

104 2188 168 2224 m,-
196 2189 672 2287 Ῑιῖιιιξῖἱιτῖρεξςτξέὼιιε
693 2242 947 2286 complectitur
965 2247 1081 2277 totam
1106 2243 1183 2277 fere
1203 2241 1477 2286 dispositionem
1494 2242 1794 2277 Harmonicorum
1813 2254 1910 2277 meo·
1946 2256 1949 2290 ζ
1965 2256 2028 2301 JV„

104 2305 197 2330 run.
251 2293 345 2329 Nam
378 2305 564 2328 commune
597 2294 687 2328 illud
718 2295 989 2339 geometricum,
1022 2301 1197 2341 tanquam
1238 2304 1387 2328 causam
1418 2294 1703 2340 archetypicam,
1738 2296 1908 2340 praemisi

14 2342 41 2387 ,ἒ
105 2347 169 2383 1111.
190 2347 217 2382 1.
237 2351 277 2381 et
294 2347 361 2387 11„
394 2346 477 2392 quid
496 2358 584 2381 vero
614 2347 705 2380 illud
724 2352 896 2381 causetur
926 2347 962 2381 111
993 2348 1143 2389 musica,
1173 2346 1358 2392 explicavi
1376 2346 1439 2382 lib.
1460 2347 1544 2388 111„
1573 2347 1658 2390 quid
1689 2347 1726 2381 in
1750 2348 1908 2392 aspecti-

31 2434 38 2439 s
104 2401 173 2436 hus
197 2400 264 2436 lib.
293 2400 356 2434 IV.

209 2450 273 2495 nn)
301 2453 455 2487 Frustra
483 2451 551 2495 has
572 2462 702 2486 causas
722 2464 771 2486 ex
789 2452 993 2487 Ptolemaei
1011 2451 1155 2486 musicis
1187 2455 1407 2496 expectatas
1435 2461 1459 2484 a
1476 2462 1533 2485 me
1553 2463 1645 2493 esse,
1684 2453 1801 2486 lector
1831 2451 1909 2497 ipse

14 2486 43 2558 ζ’
103 2505 211 2547 dicet,
243 2505 274 2540 si
298 2506 444 2551 quando
473 2509 643 2539 auctores
673 2504 712 2538 hi
743 2516 822 2539 cum
843 2504 932 2539 meis
952 2504 1047 2539 notis
1067 2505 1234 2544 edantur,
1266 2504 1348 2538 Deo
1367 2503 1480 2538 vitam
1499 2510 1739 2550 prorogante.
1778 2507 1908 2550 (Comp.

105 2567 218 2595 annot.
243 2560 318 2602 38.)
371 2558 515 2593 Haeret
548 2557 642 2591 enim
670 2557 903 2592 Ptolemaeus
940 2558 975 2591 in
1012 2556 1191 2597 numeris,
1230 2561 1274 2590 ut
1301 2566 1429 2596 causa,
1460 2556 1539 2590 sine
1571 2562 1744 2602 respectu
1770 2557 1908 2602 figura-

51 2615 53 2618 ’
103 2621 202 2652 rum,
242 2615 286 2646 ut
323 2610 463 2646 numeri
496 2610 698 2649 numerati;
741 2610 867 2655 itaque
901 2614 941 2644 et
975 2609 1183 2644 harmonias
1218 2609 1411 2643 nonnullas
1449 2619 1530 2643 cum
1557 2610 1744 2645 veteribus
1772 2608 1909 2654 injuste

19 2678 23 2686 =
103 2663 308 2709 proscribit,
336 2667 377 2698 et
403 2663 603 2698 intervalla
630 2664 808 2708 quaedam
837 2664 933 2697 inter
960 2662 1136 2697 concinna
1162 2661 1295 2706 recipit
1323 2662 1424 2705 nullo
1453 2661 1599 2696 illorum
1625 2663 1767 2697 merito.
1817 2662 1909 2698 Vide

20 2711 22 2713 “
54 2758 58 2760 ἡ
105 2716 231 2751 Harm.
258 2727 362 2751 meae
388 2715 454 2751 lib.
482 2716 546 2750 111.
568 2710 616 2757 ⁴³)

211 2765 276 2814 00)
300 2769 360 2804 De
395 2769 452 2803 his
490 2773 642 2814 praeter
678 2767 947 2812 propositiones
982 2777 1006 2801 a
1030 2766 1246 2812 Dasypodio
1274 2765 1480 2810 exscriptas
1519 2766 1611 2800 nihil
1643 2766 1727 2802 vidi.
1782 2768 1908 2814 Neque

21 2835 23 2839 ¹
61 2859 64 2860 ⁷
90 2825 232 2861 ,umen
257 2832 342 2867 spes
370 2826 439 2863 est,
468 2821 507 2856 111
531 2821 685 2856 Euclide
711 2824 897 2865 repertum
926 2819 980 2860 iri,
1010 2830 1104 2864 quae
1122 2819 1368 2860 Ptolemaeus,
1399 2829 1494 2863 quae
1512 2819 1751 2866 Porphyrius,
1782 2826 1911 2856 aetate

62 2885 65 2888 ·
104 2874 341 2919 posteriores,
368 2886 442 2910 non
467 2874 620 2909 habent.
643 2868 691 2915 ⁴⁴)

882 2978 1135 2985 -——.——-—-

1547 3061 1629 3094 10*

1940 2295 2028 2322 5³>-

1933 2315 2002 2376 Af(

1958 2361 1993 2392 Α,
