1982 3268
819 87 1036 122 Prooemium.
1777 81 1835 128 89

26 196 191 251 W,
225 195 268 230 do
289 195 407 240 quibu
431 199 544 230 nmen
567 195 615 229 ini
637 196 717 238 ipsi,
741 195 805 229 nisi
827 195 891 230 boe
913 194 1011 228 modo
1035 193 1194 228 admoniti
1223 194 1382 232 fuissent,
1413 202 1581 237 nunquam
1606 194 1753 238 cogitare
1777 202 1834 235 po·

120 314 312 357 Aneoqu-
333 319 511 357 acceperat
534 315 700 357 Knplem
723 314 820 348 modo
843 313 1042 358 praemissa,
1068 313 1285 356 superioribus
1310 313 1377 345 suis
1401 312 1486 345 haec
1512 311 1661 345 addidit:

145 372 380 415 clarissime
410 374 462 415 D.
494 375 751 427 Praeceptor.
814 373 918 414 Dum
949 373 1055 414 ultro
1095 372 1273 425 citroque.
1305 377 1503 412 commeat
1533 371 1722 420 nuncius,
1769 370 1835 412 in-

27 432 119 474 veni
136 431 265 474 locum
285 433 457 486 aliquem
476 433 517 474 in
537 431 747 480 caniano,
781 432 847 485 qui
877 444 961 473 rem
991 437 1173 472 nostram
1204 430 1513 472 automatariam
1545 430 1717 470 mirifice
1739 429 1834 471 illu-

28 497 147 533 strat.
208 490 278 533 Sic
310 491 435 545 igitur
475 492 545 533 ille
590 492 660 533 lib.
697 490 749 533 17
782 491 831 531 de
860 490 1110 532 Subtilitate.
1175 489 1339 542 „Nuper
1370 490 1492 530 etiam
1525 489 1685 542 quidam
1728 489 1837 530 illam

27 548 280 602 „machinam
310 550 443 592 mundi
474 551 763 599 universalem,
796 550 890 591 olim
923 563 949 590 a
970 548 1186 590 Guilielmo
1207 548 1428 590 Zelandino
1456 548 1695 589 fabricatam
1715 552 1835 601 atque

26 610 314 661 ‚,dissolutam‚
345 610 384 651 in
400 610 656 664 tenebrisque
670 622 742 663 per
756 609 951 651 incuriam
972 614 1303 657 marcescentem,
1336 620 1425 649 cum
1446 620 1521 660 ego
1542 607 1714 661 quodam
1733 606 1835 647 bono

27 670 142 719 „fsto
177 669 229 710 ad
260 668 565 711 instaurandum
600 669 728 710 bonas
769 673 879 709 artes
930 668 1054 709 etiam
1097 667 1228 709 obiter
1266 679 1344 708 non
1375 667 1504 708 minus
1536 679 1656 720 quam
1689 678 1739 706 ex
1770 666 1834 706 iu-

27 728 211 778 ,.dustria
248 734 370 770 natus
412 728 451 768 in
497 728 622 769 lucem
661 740 939 777 revocassem,
983 727 1022 767 in
1054 727 1255 780 integrum
1286 726 1480 767 restituit.
1543 724 1669 778 Cujus
1697 738 1835 766 exem-

26 787 123 841 „plo
153 787 274 829 aliam
314 786 460 829 Carolo
493 785 644 834 Quinto
677 786 844 828 Caesari
882 787 941 828 ita
978 787 1226 835 construxit,
1271 791 1315 826 ut
1358 785 1398 826 in
1439 798 1488 826 ea
1531 790 1574 825 et
1615 789 1836 837 temporum

27 851 258 896 „momenta
298 852 342 888 et
376 851 517 899 partes
555 847 757 899 signorum
789 846 970 898 singulas
1002 846 1142 886 videas
1185 851 1227 886 et
1263 844 1396 885 octavi
1428 844 1536 885 orbis
1568 848 1717 884 motum
1749 849 1836 884 tar-

28 905 264 955 „dissimum
293 905 502 948 intuearis.
566 905 797 946 Divisiones
829 917 983 958 quoque
1015 905 1124 946 orbis
1156 904 1357 957 signorum
1376 903 1538 952 varias,
1572 915 1672 956 quas
1698 903 1837 943 domos

27 970 229 1014 „vocaut,
261 964 458 1018 horasque
487 965 677 1017 aequales
710 970 752 1004 et
781 964 1034 1017 inaequales,
1067 970 1109 1005 et
1139 964 1244 1017 quod
1269 964 1398 1016 majus
1418 968 1501 1008 est,
1533 961 1707 1003 universi
1727 961 1836 1002 orbis

28 1024 239 1076 „partibus
275 1023 563 1072 inservientes,
597 1030 642 1064 ut
672 1024 772 1064 haec
805 1036 896 1064 vere
928 1022 1115 1064 machina
1146 1023 1284 1064 orbem
1314 1022 1541 1063 universum
1575 1021 1754 1070 referat,
1796 1020 1836 1061 in

29 1096 108 1134 „ea
138 1083 334 1136 inspicere
366 1083 474 1124 licet.
538 1081 692 1124 Omitto
730 1095 968 1136 progressus
1012 1094 1298 1135 regressusque
1336 1081 1581 1134 singulorum
1621 1080 1837 1120 errantium

28 1142 250 1193 ‚,siderum,
291 1142 526 1183 latitudines
558 1142 894 1195 altitudinesque,
937 1142 1094 1194 aliaque
1127 1142 1354 1191 innumera,
1394 1146 1438 1182 ut
1468 1153 1631 1193 prorsus
1663 1152 1728 1180 res
1760 1153 1836 1180 non

29 1201 186 1251 „minus
226 1201 336 1242 fama
378 1214 495 1254 quam
539 1201 614 1242 fide
652 1202 781 1254 major
811 1201 878 1242 sit.
940 1201 1139 1242 Referunt
1168 1200 1300 1242 Sabor
1343 1212 1476 1253 regem
1509 1200 1722 1240 Persarum
1760 1199 1837 1239 hu·

29 1261 276 1313 ‚juscemodi
318 1260 541 1301 machinam
587 1266 671 1301 tam
713 1260 906 1313 grandem
950 1273 971 1301 e
1004 1260 1107 1302 vitro
1150 1260 1327 1301 construi
1371 1260 1534 1307 fecisse,
1579 1263 1624 1298 ut
1667 1258 1705 1298 in
1750 1258 1837 1309 ejus

28 1324 195 1369 „centro
214 1319 391 1368 sederet,
423 1324 615 1373 tanquam
642 1319 680 1360 in
701 1319 849 1360 Terrae
877 1320 1109 1371 sphaerula,
1142 1324 1395 1371 spectantem
1420 1318 1494 1359 sub
1520 1317 1688 1370 pedibus
1715 1317 1838 1358 etiam

30 1383 194 1429 ‚,astra‚
227 1378 525 1433 exorientiaque
558 1391 604 1419 ac
625 1379 855 1421 occidentia
872 1379 1027 1427 sidera,
1061 1384 1106 1419 ut
1126 1379 1205 1427 sic,
1237 1378 1419 1419 mortalis
1440 1390 1527 1418 cnm
1554 1382 1683 1422 esset,
1716 1388 1839 1428 supra

28 1443 194 1487 „tamen
225 1450 379 1479 omnem
410 1438 670 1480 mortalitatis
703 1438 852 1479 fastum
883 1443 925 1478 et
956 1438 1275 1491 expectationem
1302 1450 1391 1478 esse
1418 1435 1664 1477 videretur.“
1724 1435 1838 1476 Haec

1896 1335 1908 1356 Ι
1918 1322 1921 1323 ⁷

29 1497 288 1550 transscripsi
326 1502 490 1550 propter
529 1498 605 1537 duo
643 1496 817 1537 illustria
848 1497 1033 1550 exempla
1063 1497 1323 1549 sphaerarum
1361 1495 1403 1536 et
1439 1495 1605 1536 alterius
1643 1499 1837 1535 autorem.

0 1555 223 1603 Quamvis
265 1556 495 1601 incredibile
537 1557 586 1597 de
619 1555 788 1608 Sapore
852 1555 973 1597 Certe
1017 1556 1257 1597 universalis
1294 1555 1467 1608 sphaera
1510 1567 1587 1595 non
1628 1553 1722 1600 fuit,
1769 1558 1839 1594 aut

0 1615 140 1659 {mota
169 1628 247 1656 non
279 1615 371 1663 fuit,
403 1615 641 1668 praesertim
673 1615 816 1655 vitrea
880 1616 1019 1669 Neque
1038 1615 1135 1655 mihi
1167 1615 1304 1655 divina
1322 1615 1405 1655 ista
1436 1615 1484 1654 de
1516 1613 1691 1653 barbara
1716 1618 1837 1665 gente

0 1665 265 1731 {persuadem
329 1674 462 1727 Atque
495 1687 542 1715 en
574 1674 647 1715 tibi
679 1674 900 1714 sessionem
932 1674 1039 1727 regis
1070 1674 1109 1714 in
1142 1674 1337 1726 sphaera,
1378 1686 1479 1726 quae
1511 1672 1674 1712 barbari
1705 1672 1838 1711 fastus

31 1747 84 1774 an
112 1732 245 1775 civilis
273 1733 552 1774 delectationis
591 1740 868 1800 argumentum
908 1733 983 1781 sit,
1025 1733 1064 1774 in
1097 1739 1254 1786 promtu
1287 1738 1350 1774 est
1384 1732 1582 1784 judicare.
1646 1730 1729 1771 Sed
1762 1744 1834 1770 nec

7 1791 207 1836 .monstro
238 1798 351 1834 caret
381 1793 508 1833 moles
539 1792 609 1833 illa
641 1793 795 1844 ingens.
857 1792 1052 1845 Equidem
1072 1792 1278 1842 existimo,
1310 1798 1473 1846 praeter
1492 1803 1655 1831 vanam
1659 1795 1721 1830 ot
1734 1790 1837 1831 har-

3 1851 168 1893 baram
198 1851 509 1892 ostentationem
540 1856 584 1891 et
614 1851 930 1905 magnitudinem
959 1851 1070 1905 globi
1096 1851 1216 1892 vitrei
1248 1850 1488 1891 insolentem
1521 1849 1618 1890 nihil
1650 1854 1838 1906 spectatu

4 1899 288 1973 Ἰςὀιιῖ”’“”ι,-ἰ,”’””““ιιιιἰδέιι
288 1909 495 1975 dignum
529 1908 597 1951 ln
636 1910 767 1950 altera
796 1910 887 1950 vide
929 1910 1023 1951 mihi
1060 1906 1272 1950 inutilem
1285 1902 1557 1950 lalio'rb'ffi'i'n
1570 1900 1837 1960 exprimendo

7 1974 139 2010 motu
149 1962 303 2009 octavi
334 1968 470 2017 orbis,
498 1970 575 2022 ⁷q⁷ui
614 1976 696 2009 tum
734 1969 906 2009 nondum
938 1975 1027 2010 erat
1064 1969 1140 2010 rite
1179 1969 1378 2022 cognitus.
1439 1969 1486 2009 In
1525 1968 1642 2008 laude
1686 1973 1838 2020 ponunt

6 2059 12 2078 3,
32 2027 256 2080 hujusmodi
275 2028 468 2077 artifices,
501 2028 649 2069 imitari
670 2028 863 2068 calculum
891 2028 1144 2069 multitudine
1164 2035 1362 2077 motuum,
1394 2040 1470 2080 ego
1495 2032 1705 2080 praestare
1724 2031 1833 2078 puto,

10 2094 74 2127 nt
103 2092 288 2128 naturam
319 2087 451 2127 imiter
481 2087 520 2127 in
553 2087 650 2135 situ,
684 2087 762 2127 etsi
796 2087 1049 2128 tardissimos
1080 2087 1171 2127 illos
1191 2092 1323 2128 motus
1349 2100 1398 2127 ex
1416 2092 1532 2139 parte
1553 2086 1642 2138 quis
1661 2086 1834 2125 omittat.

8 2160 14 2198 j
146 2145 288 2198 Pergit
324 2144 555 2190 Uardanus,
610 2151 652 2186 et
698 2145 881 2187 recitatis
923 2145 1138 2187 Claudiani
1165 2146 1382 2194 .versibus‚
1437 2145 1578 2199 quibus
1619 2144 1836 2196 descriptio

30 2204 319 2244 Archimedeae
352 2205 547 2256 sphaerae
578 2205 822 2255 continetur,
856 2206 955 2245 haec
987 2205 1172 2256 subjicit:
1212 2203 1392 2253 „Causa,
1424 2218 1492 2245 cur
1523 2218 1574 2245 ex
1606 2204 1711 2244 vitro
1743 2204 1836 2243 olim

20 2263 173 2311 ‘-,·,iieret
204 2263 388 2303 machina
418 2264 606 2303 coelestis
638 2264 768 2311 orbis,
802 2269 915 2313 erat,
950 2264 1136 2317 quoniam
1168 2276 1257 2303 cum
1278 2269 1388 2303 esset
1419 2264 1577 2304 aemula
1609 2275 1699 2302 vere
1721 2262 1835 2310 coeli,

19 2321 366 2370 “„includebantur
396 2321 566 2361 minores
599 2322 835 2373 majoribus:
870 2335 987 2374 quam
1020 2322 1070 2362 ob
1102 2334 1184 2362 rem
1223 2322 1287 2374 qui
1325 2322 1432 2362 intus
1470 2327 1587 2362 erant
1632 2326 1674 2361 et
1705 2321 1838 2361 sidera

30 2382 33 2386 “
61 2380 236 2432 spectari
267 2392 344 2420 non
375 2381 620 2432 potuissent,
648 2380 724 2420 nisi
757 2393 892 2419 omnes
924 2393 974 2420 ex
1005 2381 1175 2421 materia
1213 2381 1425 2432 perspicua
1456 2380 1617 2421 conflati
1651 2380 1836 2420 fuissent.

0 2475 2 2481 .
46 2439 201 2493 ‚Itaque
233 2439 300 2492 qui
340 2452 441 2479 nunc
473 2439 546 2479 has
583 2439 708 2478 moles
749 2439 919 2487 faciunt,
962 2439 1055 2480 vitri
1097 2439 1362 2490 fragilitatem
1391 2445 1599 2487 verentes,
1645 2443 1840 2490 coguntur

0 2517 1 2520 ¹
26 2495 33 2540 ᾗ
61 2510 139 2538 ιιοιι
169 2498 392 2539 naturalem
422 2498 557 2538 mundi
587 2496 812 2537 machinam
838 2498 1047 2547 aemulari,
1080 2499 1216 2538 orbem
1241 2498 1327 2538 orbi
1353 2498 1703 2550 circumponendo,
1737 2509 1838 2549 quo-

23 2549 172 2606 ¹'-,niam
213 2569 300 2598 cum
330 2569 381 2596 ex
405 2557 569 2597 metallo
602 2555 683 2596 sint
719 2556 843 2595 videri
875 2569 952 2596 non
988 2562 1177 2608 possent:
1222 2557 1294 2596 sed
1326 2562 1423 2609 quot
1460 2562 1555 2597 sunt
1592 2556 1730 2605 orbes,
1775 2560 1838 2596 tot

64 2615 239 2656 efficiunt
269 2615 450 2663 tabulas,
482 2622 552 2655 aut
583 2616 727 2655 saltem
759 2627 895 2663 senas,
930 2614 1038 2655 Solis
1070 2615 1206 2655 orbem
1233 2615 1404 2655 Veneris
1436 2615 1521 2655 orbi
1553 2615 1837 2664 immiscentes,

19 2687 43 2726 'g
62 2673 102 2714 in
134 2674 416 2726 circuitumque
448 2675 749 2726 compaginant,
796 2678 841 2713 ut
872 2673 975 2725 quod
1007 2678 1070 2714 est
1107 2678 1303 2722 rotarum,
1346 2674 1584 2725 ponderum,
1630 2674 1837 2721 molarum,

35 2783 38 2787 .
65 2744 267 2780 curruum,
313 2732 617 2782 denticulorum,
658 2731 857 2780 nolarum,
896 2731 1115 2784 virgarum,
1156 2732 1305 2772 funium
1337 2737 1458 2785 atque
1490 2731 1655 2772 aliorum
1685 2732 1837 2772 instru-

19 2802 24 2830 1
46 2797 304 2839 mentorum,
338 2791 469 2832 lateat
497 2791 648 2831 intus.“
709 2790 838 2831 Audis
860 2789 1109 2838 Cafflanum,
1143 2796 1303 2830 veteres
1335 2790 1526 2830 aemulari
1551 2796 1736 2831 naturam
1768 2803 1837 2831 so-

25 2855 149 2898 tos,
179 2849 425 2890 recentiores
456 2856 686 2891 construere
708 2849 1003 2898 domunculam,
1036 2849 1138 2889 forte
1161 2850 1421 2900 sexangulam
1448 2854 1518 2889 aut
1537 2854 1628 2890 octo
1653 2849 1836 2898 laterum,

60 2926 62 2928 ·
122 2907 218 2948 foris
260 2907 299 2947 ἰιι
344 2908 536 2949 lateribus
574 2908 867 2960 circumponere
912 2908 975 2948 hic
1004 2908 1228 2959 <sphaeram
1268 2907 1457 2953 Saturni,
1497 2907 1580 2948 illic
1610 2907 1726 2948 Jovis
1759 2914 1836 2949 etc.

20 2981 26 2990 -’
75 2971 95 3006 t
131 2966 204 3006 hoc
243 2966 341 3006 dicit
379 2965 587 3007 Cardanus
638 2967 833 3018 sphaerae
873 2966 1185 3006 Zelandinianae
1229 2967 1528 3007 commendator
1570 2971 1615 3007 ut
1666 2967 1838 3008 omnium

22 3034 25 3035 ’
95 3047 98 3058 2
123 3025 434 3074 ¹santissimae,
467 3030 513 3065 ut
542 3037 620 3065 non
650 3025 849 3077 possimus
882 3024 1087 3073 dubitare,
1132 3024 1224 3076 quin
1256 3024 1328 3065 illa
1359 3037 1512 3078 quoque
1543 3025 1584 3064 in
1615 3025 1718 3068 hunc
1749 3039 1837 3066 mo-

104 3083 1283 3151 ¹·2QQ325{299213923Q
1297 3081 1507 3132 Quomodo
1551 3084 1643 3138 quid
1689 3097 1837 3139 quaeso
