2028 3242
24 2947 27 2952 ·
90 2929 185 2972 tem,
219 2925 503 2966 delineavimus
523 2925 633 2973 (vide
656 2925 721 2964 in-

888 74 1103 107 moenum.
1810 72 1896 117 293

99 190 146 221 so
173 179 368 230 narn-isch,
401 179 498 220 dass
529 179 764 220 deroselben
795 192 844 220 zu
873 180 980 221 ihrer
997 179 1127 220 selbst
1145 180 1359 220 Frommen
1391 179 1502 220 diese
1524 180 1606 220 alte
1631 180 1893 232 verstandige

96 239 266 287 Mutter,
312 238 377 280 die
408 238 673 279 Astronomia
710 239 833 279 durch
865 239 936 279 der
966 239 1142 278 Tochter
1170 238 1498 291 Narrenteyung,
1544 239 1632 279 weil
1672 238 1729 278 sie
1760 240 1893 280 znmal

94 297 197 338 anch
237 297 351 338 einen
382 297 544 353 Spiegel
582 298 670 346 hat,
715 310 789 337 nur
823 297 1137 348 eingeschwatzt
1171 297 1251 336 vnd
1290 296 1523 348 eingelogen
1562 298 1722 337 werden
1765 310 1889 339 musa.

96 355 189 397 Vnd
219 356 345 410 seynd
375 362 539 396 sonsten
571 356 642 396 der
672 356 1051 395 Mathematicorum
1089 355 1238 395 salaria
1269 367 1316 394 so
1347 355 1516 395 seltzam
1548 356 1627 395 vnd
1660 368 1704 396 so
1735 356 1889 408 gering,

74 414 190 456 ‘dass
220 414 284 455 die
315 415 469 456 Mutter
498 414 722 467 gewisslich
755 414 918 466 Hunger
949 414 1090 466 leyden
1120 418 1294 462 musste,
1333 425 1419 452 wan
1452 413 1516 453 die
1550 413 1725 454 Tochter
1757 415 1891 455 nichts

94 474 271 514 ervfirbe
302 473 374 514 bc.
408 472 569 526 (Comp.
602 473 743 513 librum
766 473 824 511 ‘de
856 471 988 512 Stella
1018 484 1123 512 nova
1155 471 1255 524 Cap.
1289 471 1382 512 XII.
1418 471 1491 511 sub
1522 471 1639 512 finem
1676 478 1719 512 et
1750 478 1888 514 annot.

94 537 272 574 nostram
301 532 406 573 infra
437 536 667 585 sequentem
696 531 794 571 Nro.
832 529 920 578 10.)
980 530 1097 575 Etsi,
1136 537 1182 570 ut
1211 531 1311 570 haec
1344 535 1548 570 testantur
1573 530 1719 579 verba,
1752 532 1892 584 priva-

95 590 170 632 tim
200 595 243 632 et
270 590 428 644 publice
458 603 535 630 non
562 590 728 630 multum
751 590 954 638 tribuebat
972 589 1171 641 Keplerns
1197 589 1459 641 astrologiae,
1493 589 1544 628 ob
1571 601 1642 629 eas
1662 602 1763 642 quas
1782 590 1890 631 dixi-

93 661 181 690 mus
216 662 363 691 causas
405 661 507 702 quae
538 648 682 689 rationi
727 648 854 688 minus
885 648 1088 688 contraria
1129 647 1359 688 viderentur
1395 659 1444 686 ex
1489 647 1558 687 illa
1589 647 1804 696 desumsit,
1850 653 1892 688 et

93 706 170 761 sibi
199 707 277 761 ipsi
313 707 480 760 aliisque
521 707 747 759 acceptiora
784 707 950 747 reddere
986 706 1138 758 passim
1169 711 1338 746 conatus
1368 713 1433 746 est
1470 718 1558 746 cum
1590 705 1717 746 literis
1748 707 1889 759 priva-

92 766 160 815 tis,
191 771 277 808 tum
306 766 418 807 libris
449 766 488 806 in
518 766 660 816 vulgus
692 765 823 811 editis,
857 765 1069 817 praecipue
1099 765 1198 812 illis,
1239 777 1338 817 quos
1370 777 1491 817 supra
1521 765 1706 811 diximus,
1737 766 1889 806 Astro-

93 824 225 878 logiae
254 825 542 873 fundamentis,
581 824 682 864 libro
715 825 763 864 de
795 824 916 864 stella
947 823 1038 863 anni
1074 820 1186 865 1604
1217 829 1259 863 et
1289 823 1426 863 Tertio
1468 823 1781 864 Interveniente.
1844 825 1891 864 Iu

93 883 222 925 literis
250 883 439 938 privatis,
471 883 684 936 praecipue
715 882 783 932 iis,
805 895 905 936 quas
937 883 987 922 ad
1019 882 1260 922 Davidem
1292 881 1566 922 Fabricium
1597 882 1720 931 dedit,
1762 883 1891 923 multa

90 938 438 996 deprehendimus,
467 955 567 995 quae
597 941 674 982 huc
703 942 921 994 pertinent,
956 954 1074 994 qnam
1106 941 1156 980 ob
1187 953 1271 981 rem
1303 941 1377 980 has
1403 939 1659 981 Calendariis
1690 941 1887 992 praemit·

89 1001 213 1041 tenda
243 998 463 1042 censemus.
526 999 627 1042 Cum
658 1005 791 1040 autem
822 999 861 1039 in
893 999 974 1040 illis
1006 999 1110 1040 sicut
1141 999 1265 1039 etiam
1296 999 1336 1038 in
1369 998 1621 1039 calendariis
1659 1000 1786 1039 multa
1821 1000 1887 1040 iu-

90 1059 186 1108 sint,
217 1071 319 1112 quae
349 1071 452 1100 nunc
483 1060 568 1100 sine
583 1059 853 1110 explicatione
875 1070 995 1110 aegre
1013 1058 1308 1110 intelligantur,
1341 1058 1403 1097 his
1422 1057 1494 1097 illa
1518 1057 1757 1098 illustranda
1781 1062 1887 1099 sunt.
1947 1081 1951 1084 ·

207 1117 415 1170 Astrologi
448 1118 608 1171 quidam
639 1117 856 1157 horizontis
889 1117 1077 1158 circulum
1108 1117 1148 1156 in
1185 1115 1238 1157 12
1259 1116 1448 1169 aequales
1481 1121 1619 1168 partes
1651 1116 1886 1164 diviserunt,

89 1175 204 1217 initio
234 1177 344 1217 facto
374 1190 399 1216 a
428 1182 576 1230 puncto
607 1175 773 1216 orientis
805 1175 914 1216 Solis
945 1175 1185 1228 aequinoctii
1224 1181 1418 1226 tempore.
1483 1173 1632 1215 Circuli
1672 1175 1888 1216 verticales

88 1244 162 1288 per
190 1234 426 1276 divisionum
461 1240 611 1288 puncta
646 1235 820 1274 traducti
860 1238 990 1287 totum
1021 1234 1121 1274 coeli
1159 1233 1495 1286 hemisphaerium
1532 1234 1571 1272 in
1614 1231 1668 1274 12
1707 1238 1887 1274 sectores

90 1293 286 1343 dividunt,
318 1306 420 1346 quas
450 1294 616 1334 domos
648 1293 847 1333 coelestes
877 1298 1036 1333 vocant.
1101 1292 1182 1332 Alii
1214 1292 1464 1332 constituunt
1500 1292 1574 1332 has
1606 1292 1747 1332 domus
1779 1292 1886 1332 divi-

90 1352 220 1393 dendo
249 1352 457 1394 zodiacum
495 1365 568 1406 per
604 1352 783 1391 circulos
812 1351 1084 1395 latitudinum,
1130 1351 1199 1391 alii
1238 1350 1453 1391 dividendo
1495 1357 1774 1403 aequatorem,
1818 1350 1887 1391 alii

90 1410 259 1464 denique
297 1411 486 1452 circulum
516 1410 750 1450 verticalem
788 1422 860 1462 per
891 1415 1020 1449 ortum
1051 1414 1094 1449 et
1124 1421 1311 1450 occasum
1344 1409 1678 1461 aequinoctialem
1710 1409 1886 1450 ductum.

89 1469 447 1510 Denominationes
479 1475 521 1510 et
551 1468 864 1520 significationes
894 1468 1034 1509 harum
1055 1467 1299 1516 „domuu1n“
1330 1468 1405 1507 hae
1426 1473 1518 1508 sunt
1538 1468 1756 1508 secundum
1776 1466 1888 1508 Ori—

89 1540 302 1581 ganum:
340 1529 371 1570 Ι.
404 1527 640 1568 Ascendens
682 1540 752 1566 seu
783 1527 1061 1578 Horoscopus:
1100 1527 1239 1567 domus
1271 1526 1392 1566 vitae.
1458 1527 1509 1567 11..
1543 1526 1784 1567 Divitiarum
1816 1539 1887 1566 seu

87 1592 228 1639 portae
257 1586 449 1627 infernae.
510 1587 583 1627 111.
614 1587 800 1626 Fratrum
831 1599 903 1626 seu
933 1597 1125 1633 sororum,
1148 1598 1218 1625 seu
1245 1584 1391 1625 divina.
1454 1585 1530 1625 IV.
1562 1585 1792 1632 Parentum,
1816 1596 1888 1625 seu

88 1645 211 1686 imum
230 1645 344 1686 coeli.
407 1645 460 1685 V.
494 1645 740 1692 Liberorum,
764 1657 834 1684 seu
853 1644 959 1684 bona
978 1644 1152 1684 fortuna.
1204 1644 1279 1683 VI.
1313 1644 1582 1691 Valetudinis,
1604 1643 1887 1692 ministrorum,

80 1703 318 1756 animalium
349 1704 666 1751 domesticorum,
702 1715 772 1742 seu
802 1703 911 1751 mala
930 1703 1102 1742 fortuna.
1166 1702 1261 1742 VII.
1295 1701 1493 1753 Conjugii‚
1528 1715 1598 1741 seu
1623 1702 1744 1742 cardo
1776 1700 1886 1742 occi-

90 1761 278 1803 dentalis.
339 1762 451 1803 V111.
483 1762 641 1810 Mortis,
675 1774 744 1801 seu
771 1773 943 1812 superna
962 1766 1093 1813 porta.
1155 1760 1229 1802 IX.
1257 1760 1495 1811 Religionis,
1530 1761 1782 1809 somniorum,
1815 1759 1887 1800 iti-

89 1832 237 1869 nerum,
270 1833 341 1861 sen
360 1820 484 1861 Deus.
535 1820 588 1861 X.
621 1821 746 1860 Vitae
771 1832 896 1871 genus
916 1825 1115 1868 natorum,
1149 1832 1220 1859 seu
1240 1819 1412 1859 medium
1431 1819 1546 1859 coeli.
1608 1819 1683 1859 XI.
1715 1818 1886 1859 Amico-

88 1890 188 1924 rum,
220 1891 291 1920 seu
308 1879 436 1920 bonus
454 1878 608 1930 genius.
662 1879 755 1919 XII.
788 1878 1051 1926 Inimicorum,
1084 1891 1154 1918 seu
1174 1878 1303 1918 malus
1323 1878 1476 1929 genius.
1541 1877 1703 1918 Gradus
1722 1876 1886 1929 eclipti-

89 1948 160 1978 cae
206 1936 467 1979 meridianum
523 1949 721 1989 occupans
1274 1948 1281 1954 ·

90 1993 197 2037 Gor
243 1994 410 2039 Coeli
459 2000 720 2050 nuncupatur.

90 2051 253 2095 Gradus
321 2054 529 2106 eclipticae
558 2075 570 2078 -
590 2054 722 2094 oriens

90 2111 386 2164 (Horoscopus)
426 2117 604 2163 tempore
648 2113 723 2152 ob-

91 2169 343 2218 servationis,
374 2170 415 2209 in
434 2170 468 2210 1.
489 2171 604 2209 domo
636 2170 723 2209 col-

89 2227 247 2268 locatur
262 2227 511 2276 ,‚thematis“
537 2240 607 2267 seu
624 2240 723 2275 „ra-

90 2286 240 2334 dicis“;
273 2298 371 2334 ‚,cor
389 2285 520 2325 coeli“
550 2285 589 2325 in
607 2286 662 2332 X,
683 2291 725 2325 et
751 2285 810 2320 Π
886 2284 904 2301 ⁰

88 2343 204 2384 initia
233 2344 472 2396 reliquarum
505 2344 722 2390 domorum,
778 2356 783 2364 ·

89 2403 128 2443 h.
173 2414 211 2442 e.
261 2402 618 2454 correspondentes
661 2402 723 2440 his

88 2460 237 2510 gradus
285 2460 515 2512 eclipticae,
576 2459 723 2499 inscri-

89 2518 234 2559 buntur
282 2519 448 2571 singulis
498 2517 722 2569 triangulis,
787 2526 810 2563 1

90 2588 192 2629 quae
215 2577 396 2629 singulas
416 2580 724 2628 repraesentant

89 2634 244 2675 domus.

208 2692 418 2742 ,‚Thema“
450 2697 582 2732 autem
619 2692 722 2731 hanc

90 2749 214 2791 habet
241 2751 427 2803 figuram,
472 2762 608 2803 quam,
654 2763 721 2790 se-
770 2779 810 2817 Π

91 2813 258 2861 quentes
278 2809 495 2861 Keplerum
525 2808 721 2848 nativita-

89 2871 171 2906 tem
188 2867 544 2908 Wallenstenii
574 2872 721 2906 notan-

23 3027 28 3031 >
89 2982 184 3031 fra).
239 2982 518 3035 Inscripsimus
536 2995 722 3023 numeros

30 3038 42 3091 j
92 3040 294 3085 domorum
324 3041 491 3093 singulis
509 3041 721 3095 triangulis
