2028 3242
660 742 1331 811 Pnooluuuu

909 921 1086 928 ᾖ

215 1030 260 1070 111
290 1029 542 1082 praefatione
572 1028 625 1069 ad
643 1028 903 1069 Prodromum
929 1028 1042 1082 (pag.
1064 1025 1143 1076 36)
1174 1028 1349 1082 epistola
1379 1033 1516 1069 exstat
1535 1027 1595 1076 (d.
1617 1027 1731 1080 Sept.
1757 1023 1904 1076 1597),

99 1090 140 1130 in
171 1101 251 1142 qua
279 1088 481 1142 Keplerus
510 1088 575 1129 bis
604 1087 739 1128 verbis
763 1087 984 1128 Maestlino
1015 1088 1198 1137 nunciat,
1243 1088 1404 1129 misisse
1435 1101 1480 1128 se
1506 1087 1749 1141 Raymaro
1780 1087 1904 1128 Urso

96 1147 333 1189 Dithmarso
373 1146 606 1200 opusculum
637 1160 763 1187 suum.
826 1147 983 1195 „Ursus
1013 1147 1149 1200 Praga
1186 1148 1236 1188 ad
1272 1160 1334 1188 me
1367 1147 1548 1200 scripsit,
1590 1152 1733 1198 petens
1765 1158 1905 1186 exem-

98 1206 256 1262 plaria3
288 1207 350 1247 cui
381 1206 564 1260 quamvis
594 1206 754 1246 minime
773 1206 886 1258 gravi
919 1207 1077 1247 authori
1107 1207 1254 1247 indulsi
1286 1213 1437 1258 tamen,
1470 1206 1564 1259 qnia
1583 1205 1811 1247 Caesareus
1842 1210 1907 1244 est

100 1266 435 1314 mathematicus,
478 1265 651 1318 mihique
692 1277 770 1318 qua
811 1265 1003 1318 prodesse
1044 1279 1122 1319 qua
1162 1266 1305 1306 obesse
1343 1270 1494 1319 potest.
1555 1265 1681 1305 Patet
1717 1264 1825 1305 enim
1866 1263 1904 1303 in

101 1324 279 1380 styriam
308 1337 434 1378 usque
465 1325 552 1376 ejus
584 1323 883 1365 familiaritas.“
943 1324 1041 1365 Inde
1073 1325 1250 1377 Keplero
1282 1331 1373 1366 orta
1391 1330 1485 1365 sunt
1508 1323 1772 1371 incommoda,
1804 1335 1906 1375 quae

101 1389 317 1437 sequentes
348 1384 539 1425 exhibent
567 1383 740 1436 paginae
772 1389 814 1423 et
846 1396 1011 1436 qnorum
1044 1384 1380 1424 sublevandornm
1411 1396 1536 1423 causa
1560 1383 1759 1435 Keplerus
1786 1381 1904 1422 libel-

100 1444 183 1484 lum
225 1443 483 1496 conscripsit,
527 1442 593 1496 qui
631 1442 812 1495 quamvis
849 1455 926 1491 11011
966 1443 1174 1484 absolutus
1206 1456 1228 1483 e
1271 1442 1554 1495 manuscriptis
1593 1440 1907 1494 Petropolitanis

100 1501 271 1555 primum
301 1502 366 1543 hic
396 1502 505 1556 typis
536 1501 755 1554 impressus
786 1507 863 1542 est.
977 1499 982 1501 “

218 1561 328 1603 Joh.
358 1562 597 1602 Mollerus
628 1560 963 1613 Flensburgensis
1005 1559 1046 1599 in
1077 1564 1186 1600 tomo
1212 1561 1243 1601 Ι.
1276 1560 1408 1612 operis
1439 1559 1641 1611 inscripti:
1687 1557 1907 1601 Cimbria

102 1620 340 1661 Literata
368 1616 720 1667 (Hafniae1744)
761 1620 861 1660 haec
893 1620 943 1659 de
974 1619 1080 1659 Urso
1110 1621 1256 1660 refert:
1300 1619 1431 1660 Nicol.
1460 1619 1735 1660 Raimarus
1765 1618 1906 1662 Ursus,

97 1679 315 1720 ssansted-
343 1679 603 1720 Dithmarsus
635 1681 704 1727 (an
737 1678 852 1720 Ursi
891 1690 1087 1730 agnomen
1119 1678 1362 1731 gentilitium
1399 1678 1603 1728 habuerit,
1641 1678 1707 1718 vel
1736 1678 1909 1730 ipsemet

87 1738 339 1789 adsciverit,
371 1738 553 1792 ignoro),
586 1737 790 1779 subulcus·
805 1737 1083 1789 ἀταλφαβητος
1101 1738 1178 1778 fuit
1197 1738 1248 1778 ad
1269 1751 1413 1778 annum
1438 1750 1562 1790 usque
1582 1737 1731 1777 aetatis
1749 1736 1908 1777 XVIII.
1947 1777 1951 1779 ,

102 1797 145 1838 A
174 1809 289 1838 suum
326 1810 423 1838 cura
452 1797 505 1837 ad
529 1797 734 1837 literarum
765 1797 900 1837 studia
932 1796 1038 1836 felici
1070 1810 1259 1837 successu
1289 1797 1451 1837 transiit
1482 1802 1523 1836 et
1552 1797 1766 1848 plerasque
1792 1794 1907 1835 dmo-

104 1858 284 1903 διδακτός
310 1869 503 1910 perquam
533 1856 611 1896 sibi
641 1856 818 1896 reddidit
848 1855 1080 1896 familiares.
1144 1855 1336 1905 Scholas‚
1382 1856 1487 1896 sicut
1516 1856 1688 1907 ipsemet
1716 1854 1906 1895 rusticum

105 1927 153 1955 se
180 1926 332 1959 vocans
362 1915 636 1956 Dithmarsum
679 1920 875 1964 testatur,
910 1914 996 1963 „uti
1028 1927 1097 1954 sus
1128 1915 1288 1955 hortum
1318 1914 1515 1967 percurrit
1545 1921 1587 1954 et
1619 1915 1685 1954 vix
1718 1927 1743 1954 a
1774 1913 1906 1954 limine

104 1973 316 2023 salutavit,
359 1974 432 2014 sed
464 1988 489 2014 a
519 1974 627 2014 stiva
655 1973 764 2014 illico
795 1974 835 2014 in
866 1987 991 2026 remp.
1024 1974 1244 2015 literariam
1282 1974 1474 2026 singulari
1512 1974 1682 2027 quodam
1721 1974 1806 2013 fato
1838 1977 1909 2012 aut

103 2032 221 2086 genio
250 2033 442 2086 irrupit.“
500 2033 547 2073 In
578 2033 751 2074 mathesi
782 2038 822 2072 et
842 2033 1088 2073 astronomia
1118 2038 1252 2073 tamen
1273 2034 1476 2073 doctorem
1495 2046 1607 2074 sunm
1634 2032 1759 2073 fuisse
1778 2043 1907 2084 agno-

105 2091 191 2132 scit
212 2091 241 2132 J
250 2097 417 2133 ustum
446 2092 691 2146 Byrgium.
752 2092 918 2132 Patroni
949 2091 1169 2132 studiorum
1194 2093 1331 2145 juveni
1363 2092 1591 2144 obtigerunt
1620 2092 1760 2132 Henr.
1780 2091 1900 2131 Ran-

105 2150 306 2198 zovius,
337 2163 483 2203 prorex
514 2150 737 2191 Cimbricus
776 2156 818 2190 et
850 2150 1148 2191 Guilielmus
1185 2151 1408 2192 Hassorum
1442 2151 1641 2204 princeps.
1701 2150 1738 2191 E
1775 2149 1910 2203 patria

105 2208 332 2260 digressus,
364 2209 492 2249 vitam
515 2209 708 2260 -juvenum
737 2209 1018 2250 informatione
1048 2210 1239 2250 toleravit
1270 2210 1479 2259 nobilium,
1521 2215 1564 2250 et
1595 2225 1630 2251 a.
1670 2207 1782 2251 1584
1811 2208 1906 2249 Eri-

106 2279 195 2308 eum
225 2267 425 2320 Langium
454 2267 683 2319 Tychonem
712 2268 752 2307 in
785 2280 875 2307 arce
906 2269 1099 2308 Hnennae
1131 2268 1286 2308 insulae
1317 2269 1556 2314 invisentem
1586 2275 1651 2309 est
1676 2268 1905 2308 comitatus.

106 2324 316 2375 cassellis,
350 2326 416 2366 ubi
449 2326 689 2378 aliquamdiu
721 2333 808 2366 erat
839 2331 1109 2375 sustentatus,
1143 2327 1182 2366 in
1215 2327 1461 2367 academiam
1492 2328 1679 2380 migravit
1709 2325 1906 2379 Argenti—

104 2397 269 2425 nensem
298 2385 431 2438 ibique
463 2399 501 2424 a.
515 2381 694 2432 .,1588
695 2385 1026 2433 ‚Fundamentum
1045 2386 1399 2426 Astronomicum“
1430 2386 1569 2426 edidit.
1631 2387 1805 2437 Pragam
1829 2397 1906 2424 non

104 2444 229 2483 multo
269 2449 363 2496 post
404 2458 428 2483 a
463 2443 676 2494 Rudolpho
715 2443 767 2483 Π.
812 2443 1050 2496 imperatore
1095 2450 1285 2484 evocatus
1335 2457 1411 2484 non
1458 2444 1733 2484 mathematici
1780 2443 1907 2484 solum

106 2501 224 2542 aulici
255 2503 510 2555 dignitatem,
550 2502 623 2542 sed
654 2502 883 2542 matheseos
914 2502 1037 2542 etiam
1069 2503 1108 2542 in
1140 2492 1348 2543 academia
1389 2503 1680 2555 professionem
1720 2502 1904 2543 obtinuit.

104 2560 379 2608 Ttactatum,
384 2562 459 2611 ,De
490 2560 778 2614 hypothesibus
809 2561 1133 2601 Astronomieis“
1164 2575 1200 2602 a.
1239 2560 1350 2603 1597
1382 2562 1540 2614 Pragae
1573 2562 1738 2610 editum,
1772 2566 1835 2601 tot
1866 2561 1907 2599 in

105 2619 370 2670 adversarios,
403 2621 638 2673 praesertim
664 2620 891 2687 Tychonem
909 2620 1120 2670 Braheum‚
1154 2621 1362 2660 calumniis
1394 2621 1466 2660 &c.
1500 2621 1695 2673 opplevit,
1727 2620 1817 2660 utJ
1830 2619 1904 2660 oh.

103 2677 132 2718 J
141 2690 375 2719 essemus
407 2679 467 2728 (in
498 2692 555 2720 or.
589 2680 637 2719 de
668 2679 755 2719 vita
786 2684 829 2718 et
858 2682 984 2718 morte
1017 2679 1142 2732 Tych.
1168 2680 1336 2728 Brahei)
1369 2693 1538 2732 sequens
1570 2680 1618 2719 de
1655 2680 1725 2720 illo
1764 2678 1907 2719 merito

103 2729 254 2777 tulisse
283 2738 468 2779 videatur
502 2738 717 2790 judicium:
760 2744 854 2777 ante
896 2749 1020 2777 annos
1057 2739 1248 2788 pauculos
1287 2738 1446 2790 quidam
1485 2739 1716 2790 ingeniosus
1757 2743 1800 2779 et
1830 2738 1907 2778 do-

104 2799 208 2840 ctus,
239 2797 311 2835 sed
342 2797 491 2849 absque
523 2797 715 2847 religione
747 2803 788 2835 et
818 2795 966 2835 virtute
991 2796 1108 2836 homo
1139 2797 1326 2836 tetricum
1361 2803 1403 2836 et
1433 2797 1628 2837 famosum
1661 2803 1803 2838 contra
1822 2797 1906 2850 Ty-

105 2852 270 2894 chonem
302 2854 526 2908 divulgavit
556 2856 759 2907 scriptum.
820 2854 910 2894 Non
950 2859 1016 2894 sat
1047 2855 1180 2895 fuerat
1216 2855 1447 2895 infamatori
1482 2856 1542 2905 illi
1584 2857 1763 2909 plagium
1793 2867 1905 2896 com-

38 2963 40 2965 >
105 2911 264 2953 mittere
307 2913 526 2954 literarium
570 2919 612 2954 et
654 2914 854 2966 Tychonis
902 2913 1142 2965 hypothesin
1199 2913 1361 2953 falsarie
1410 2926 1481 2966 pro
1529 2915 1689 2967 proprio
1744 2916 1905 2955 invento

43 2991 53 2997 s
104 2971 328 3020 venditare,
360 2972 439 3012 nisi
469 2973 593 3013 etiam
623 2973 751 3013 virum
782 2971 879 3011 aviti
911 2972 1094 3023 generis,
1127 2985 1305 3012 summae
1338 2973 1591 3022 eruditionis,
1626 2974 1903 3026 inculpatissi-

38 3043 64 3087 ³.
106 3041 196 3070 mae
226 3030 352 3078 vitae,
387 3032 591 3071 sexcentis
622 3030 871 3071 contumeliis
903 3030 1008 3082 apud
1041 3031 1165 3078 alios,
1200 3031 1331 3071 sinon
1363 3032 1640 3081 deformatum,
1674 3039 1905 3085 suspectum

106 3088 252 3129 saltem
282 3089 540 3131 reddidisset.
600 3090 656 3130 Et
686 3090 865 3142 profecto
892 3089 982 3141 jure
1008 3094 1139 3130 actum
1171 3103 1259 3131 cum
1287 3090 1362 3131 hoc
1390 3090 1551 3142 fuisset,
1585 3092 1650 3132 vel
1681 3092 1806 3132 etiam
1819 3091 1906 3143 jam
