2028 3242
95 48 182 90 200
704 47 743 78 In
769 45 962 86 Mysterium
988 45 1298 87 Cosmographicum

189 154 242 186 Ad
265 153 349 197 haec
376 152 532 184 cancellis
556 151 686 184 inclusa
712 154 853 184 annotat
877 150 1040 192 Keplerus
1067 151 1100 182 in
1125 150 1294 192 margine:

200 214 303 247 Haec
355 213 494 246 frustra
540 212 657 257 leges,
723 211 816 246 Nam
867 212 950 246 dum
996 215 1160 246 moratur
1205 210 1357 245 nuncius
1405 209 1457 244 sic
1503 210 1635 246 inveni.
1705 209 1910 246 Intervalla

97 277 243 306 vocum,
283 276 350 309 per
379 275 472 310 quae
501 264 575 298 itur
603 265 788 305 canendo,
825 276 896 298 non
934 269 1021 299 sunt
1057 276 1106 299 ex
1133 263 1261 310 figuris
1301 264 1620 308 quomodocunque
1646 263 1907 309 regularibus:

95 320 157 354 sed
185 318 371 352 resultant
398 329 449 352 ex
485 322 566 352 octo
596 317 719 351 solidis
756 319 890 364 λογοις.
946 318 1040 352 Nam
1077 317 1193 362 primo
1232 317 1340 351 datur
1377 317 1425 351 ad
1457 315 1726 362 longitudinem
1757 315 1839 351 fidis
1875 315 1909 350 G

93 371 280 417 proportio
308 370 549 417 longitudinis
569 370 692 405 fidium
721 372 756 412 b,
786 371 822 411 h,
853 382 882 411 c,
909 372 942 411 d,
973 370 1039 412 dis,
1070 382 1101 411 e,
1130 381 1158 416 g
1186 381 1235 404 ex
1261 369 1423 405 fontibus
1441 367 1820 415 geometriciasupra
1845 369 1907 403 de-

98 424 323 460 monstratis.
379 425 463 458 Jam
492 423 578 468 quia
606 433 712 457 aures
742 423 944 467 dijudicant
971 423 1067 458 inter
1095 423 1259 457 diversas
1293 422 1523 463 harmonias,
1562 421 1765 467 dijudicant
1795 421 1910 457 etiam

96 478 191 512 inter
227 477 390 511 diversos
429 487 536 511 sonos
573 476 680 510 unius
717 476 796 511 fidis
834 476 1014 511 variatae.
1071 476 1166 510 Hinc
1200 475 1332 510 existit
1369 474 1596 520 comparatio
1624 476 1648 510 d
1673 473 1754 511 fidis
1781 485 1864 510 oum
1890 485 1911 508 c

93 531 184 570 fide,
223 540 377 575 quarum
411 529 603 575 longitudo
632 534 690 564 est
717 533 760 564 ut
789 529 811 565 8
842 531 887 563 ad
917 529 951 564 9.
1007 530 1148 574 Estque
1177 529 1247 562 hoc
1283 527 1522 563 intervallum
1560 531 1705 562 tonus
1743 525 1835 571 maj
1847 537 1909 562 or.

97 584 206 618 Plato
234 582 272 616 in
300 582 448 617 Timaeo
478 593 601 617 omnes
632 587 737 616 tonos
767 582 891 617 ordine
911 582 982 616 hac
1001 592 1174 617 mensura
1192 581 1320 622 finivit,
1350 582 1413 615 sed
1432 581 1576 616 vitiose.
1616 580 1713 615 Nam
1739 591 1790 616 ex
1817 590 1912 615 oom-

96 636 291 682 paratione
312 647 331 669 c
351 647 430 670 cum
450 637 472 670 b
493 640 559 670 aut
578 636 599 669 d
621 646 700 669 cum
720 648 740 669 e
763 635 893 670 existit
911 639 1044 670 tonus
1070 634 1229 674 minor,
1256 634 1493 694 proportione
1511 633 1634 668 fidium
1657 634 1724 670 10:
1746 633 1784 668 9.
1822 633 1910 668 Inde

96 689 262 734 sequitur
284 689 510 734 comparatio
530 689 555 722 h
576 689 623 722 ad
641 700 661 722 c
686 692 752 723 aut
772 688 825 722 dis
846 689 892 722 ad
912 689 945 728 d,
967 699 1063 734 quae
1082 687 1214 722 dicitur
1234 687 1275 721 d
1267 698 1338 720 les
1352 687 1392 721 is
1413 682 1463 731 (si
1489 698 1569 722 cum
1587 687 1746 721 Platone
1765 682 1912 731 loquor)

99 741 287 787 proportio
307 747 350 776 ut
372 741 438 776 15:
466 742 524 776 16.
555 741 723 786 Denique
743 753 792 775 ex
812 741 1087 786 comparatione
1106 741 1131 774 h
1152 751 1232 774 cum
1251 741 1274 774 b
1296 739 1411 774 oritur
1429 739 1619 785 proportio
1639 738 1691 774 24
1710 739 1759 774 ad
1777 738 1841 779 25.
1861 737 1914 774 sic

95 795 208 830 etiam
227 806 276 834 ex
296 794 568 839 comparatione
589 806 609 827 e
630 806 709 829 cum
729 793 794 828 dis.
828 793 878 828 Et
896 794 1027 829 dicitur
1049 793 1347 828 semitonium.
1379 793 1474 828 Nam
1492 793 1606 835 diesis
1622 797 1662 827 et
1680 791 1912 827 semitonium

96 848 324 883 constituunt
348 852 474 882 tonum
492 847 676 882 minorem.
717 847 819 886 Quod
848 847 879 881 si
908 847 1023 881 diesin
1053 857 1076 881 a
1105 850 1191 880 tono
1220 844 1360 889 majore
1391 845 1568 888 auferam,
1598 844 1820 891 relinquitur
1845 844 1911 880 im-

98 900 302 946 perfectum
331 901 575 938 intervallum,
606 900 724 943 majus
754 900 958 940 semitonio,
989 899 1105 935 minus
1125 898 1227 939 diesi,
1257 910 1308 932 sc.
1333 892 1459 938 ¹²⁸lns.
1503 898 1555 935 Et
1579 898 1650 933 hoc
1677 897 1912 933 intervallum

97 959 155 989 est
174 954 271 988 inter
292 955 334 994 G,
358 953 433 994 Gis,
467 954 503 994 C,
535 953 606 993 Cis,
637 953 676 994 F,
706 954 779 988 Pis.
822 953 952 999 Sicque
982 957 1100 987 totum
1129 951 1412 987 clavichordium
1431 950 1728 993 artificiosissime
1757 954 1798 985 et
1823 961 1914 996 geo·

97 1007 245 1042 metrice
275 1011 333 1041 est
361 1012 524 1041 tensum:
555 1010 594 1040 et
622 1011 703 1041 tota
731 1007 894 1041 essentia
920 1005 1060 1041 musica
1086 1005 1341 1050 philosophice
1368 1009 1406 1040 et
1436 1004 1637 1040 certissime
1657 1004 1849 1049 disputata
1874 1007 1916 1039 et

97 1060 271 1095 discussa.
328 1060 423 1094 Nam
450 1060 535 1094 hinc
562 1059 675 1094 etiam
704 1064 805 1094 octo
834 1064 1039 1094 tonorum
1070 1054 1177 1104 (quos
1201 1056 1353 1101 vocant)
1382 1058 1591 1093 differentia
1617 1057 1748 1093 haberi
1775 1060 1912 1102 potest.

202 1132 344 1166 Deinde
372 1136 471 1176 peto,
502 1136 544 1166 ut
573 1131 602 1165 si
633 1131 717 1175 quid
745 1130 951 1174 hujusmodi
981 1133 1118 1164 tractet
1147 1129 1367 1168 Glareanus,
1398 1128 1434 1163 id
1461 1128 1549 1163 mihi
1576 1127 1773 1174 significes.
1823 1127 1916 1162 Nam

99 1188 264 1220 autorem
284 1196 356 1218 non
376 1185 508 1218 habeo.
551 1184 620 1219 Sed
650 1183 899 1229 digrediamur
927 1184 1075 1217 tandem
1102 1194 1122 1216 e
1151 1182 1290 1216 musica
1317 1185 1356 1215 et
1384 1181 1494 1222 sonis,
1524 1186 1565 1216 et
1591 1190 1811 1226 quaeramus
1839 1179 1917 1215 alia.

100 1239 226 1272 horum
255 1240 380 1283 λογων
407 1236 588 1281 subject-a.
643 1236 681 1271 Si
711 1236 789 1270 soni
818 1236 970 1281 capiunt
997 1236 1063 1270 hos
1092 1238 1218 1282 λογες,
1246 1233 1419 1269 credibile
1448 1238 1487 1269 et
1514 1235 1558 1268 de
1586 1233 1782 1268 coloribus:
1821 1233 1916 1268 Nam

99 1291 192 1325 sicut
231 1291 266 1325 in
305 1290 402 1324 sonis
433 1302 456 1324 a
485 1291 517 1325 G
546 1290 582 1324 in
610 1301 638 1336 g
674 1289 837 1324 infinitae
872 1294 959 1323 sunt
991 1299 1122 1330 voces,
1165 1293 1206 1323 at
1242 1298 1364 1333 pauca
1402 1287 1549 1322 illarum
1584 1286 1793 1322 discrimina
1828 1285 1918 1320 fecit

100 1349 233 1379 natura
263 1344 458 1377 secundum
488 1343 743 1388 proportiones
771 1341 1029 1388 geometricas,
1065 1342 1116 1376 sic
1144 1346 1183 1376 et
1211 1342 1306 1376 inter
1334 1341 1453 1375 lucem
1480 1340 1720 1375 et-tenebras
1750 1338 1914 1374 infinitae

99 1402 183 1431 sunt
211 1397 431 1437 varietates,
463 1398 526 1430 sed
555 1396 678 1430 docuit
705 1400 841 1430 natura
869 1395 993 1429 oculos
1022 1406 1162 1440 paucas
1193 1394 1486 1439 appellationes,
1525 1404 1621 1439 quae
1649 1393 1777 1438 procul
1805 1391 1916 1427 dubio

96 1450 300 1484 consistent
329 1450 363 1484 in
393 1450 556 1485 terminis
586 1449 763 1483 dictorum
792 1452 927 1495 λογων.
985 1449 1035 1483 Et
1057 1448 1137 1492 jam
1165 1448 1202 1482 in
1230 1447 1445 1492 crepusculo
1481 1446 1614 1487 semel,
1655 1449 1734 1480 tum
1762 1445 1798 1480 iu
1825 1444 1916 1479 iride

97 1504 150 1538 bis
180 1507 315 1537 natura
343 1503 447 1537 nobis
477 1515 520 1537 eo
551 1502 707 1548 digitum
734 1502 901 1537 intendit.
955 1503 996 1536 In
1025 1502 1240 1546 crepusculo
1271 1512 1320 1534 ex
1347 1500 1432 1535 albo
1462 1499 1497 1534 in
1525 1500 1675 1534 rubrum
1703 1503 1743 1533 et
1769 1497 1915 1544 nigrum

96 1557 137 1591 fit
165 1555 354 1590 transitus.
403 1557 445 1590 In
473 1556 601 1600 eclipsi
630 1555 725 1590 Solis
755 1567 803 1589 ex
833 1556 919 1589 albo
947 1566 1015 1600 per
1042 1555 1177 1589 flavum
1209 1558 1249 1588 et
1275 1554 1426 1588 rubrum
1454 1553 1492 1587 in
1518 1551 1676 1599 nigrum.
1732 1550 1915 1586 Sincerius

99 1610 223 1644 forsan
251 1609 287 1643 in
317 1609 418 1643 iride.
474 1609 544 1644 Sed
575 1609 675 1642 soleo
706 1607 934 1653 distinguere
971 1619 1050 1642 cum
1078 1612 1225 1649 natura.
1282 1607 1417 1640 Flavus
1446 1605 1542 1640 enim
1570 1610 1628 1640 est
1655 1605 1930 1651 quodammodo·
1971 1597 1975 1599 ’

97 1662 262 1703 medium,
294 1663 340 1696 ab
371 1674 413 1696 eo
443 1667 650 1696 extrorsum
679 1672 823 1695 versum
850 1661 892 1695 fit
912 1661 1091 1695 transitus
1112 1672 1178 1706 per
1197 1660 1347 1694 rubrum
1367 1659 1403 1693 in
1421 1659 1632 1694 umbrosum
1659 1657 1736 1692 sive
1759 1657 1916 1704 nigrum,

102 1720 252 1760 propt-er
280 1715 552 1749 diminutionem
581 1714 741 1758 corporis
770 1714 909 1748 Solaris
939 1718 979 1748 et
1014 1713 1276 1748 admixtionem
1303 1713 1455 1746 umbrae
1484 1712 1521 1746 in
1548 1711 1655 1746 nubis
1685 1721 1812 1745 crassa
1838 1719 1915 1745 ma·

102 1768 206 1803 teria.
263 1770 297 1802 A
326 1768 418 1802 flavo
447 1768 644 1802 introrsum
662 1778 740 1812 -per
767 1767 918 1801 viridem
947 1761 1167 1807 caeruleum,
1198 1776 1432 1812 purpureum,
1463 1764 1678 1804 violaceum,
1706 1763 1743 1798 in
1771 1763 1919 1810 nigrum

101 1825 158 1855 est
186 1821 364 1855 transitus
393 1825 546 1865 propter
575 1820 685 1854 aliam
712 1830 873 1855 causam.
914 1820 1008 1854 Nam
1038 1819 1130 1853 haec
1159 1819 1302 1854 omnino
1332 1822 1389 1852 est
1416 1815 1603 1852 refractio.
1647 1817 1778 1862 Itaque
1805 1826 1920 1860 saepe

102 1873 275 1919 cogitavi,
307 1884 354 1907 an
373 1873 562 1917 proportio
583 1873 712 1918 anguli
730 1872 963 1907 refractionis
984 1873 1187 1907 constituat
1207 1872 1392 1912 termin08‚
1424 1870 1458 1905 in
1489 1871 1619 1916 quibus
1649 1870 1794 1904 dicatur
1820 1869 1921 1903 color

102 1926 237 1966 viridis,
268 1927 460 1960 caeruleus
482 1924 544 1960 dcc.
587 1926 636 1960 Ut
665 1926 696 1960 si
723 1925 896 1960 refractio
926 1925 1076 1966 directa,
1109 1924 1269 1970 angulus
1298 1924 1420 1958 nullus
1448 1923 1651 1958 constituat
1667 1924 1812 1963 flavum,
1843 1922 1921 1956 sive

102 1979 225 2024 potius
255 1978 289 2012 id
319 1980 413 2023 quod
441 1983 500 2012 est
528 1978 859 2023 splendidissimum
886 1978 923 2012 in
949 1979 1057 2018 flavo,
1088 1978 1155 2012 lux
1183 1978 1276 2022 ipsa.
1325 1979 1377 2011 At
1405 1978 1547 2022 quando
1575 1975 1750 2011 refractio
1779 1975 1829 2010 sit
1855 1985 1920 2009 an-

105 2032 217 2077 gulus
245 2036 389 2071 rectus,
421 2031 469 2065 ibi
499 2037 620 2066 cesset
648 2032 761 2066 omnis
791 2032 877 2072 lux,
914 2031 1004 2076 quia
1033 2042 1163 2075 nempe
1191 2034 1296 2065 recta
1325 2029 1497 2073 objicitur
1525 2039 1678 2074 corpus,
1716 2027 1754 2063 in
1782 2039 1852 2074 quo
1880 2028 1924 2062 fit

104 2084 289 2118 refractio—
339 2084 398 2119 Sic
426 2095 491 2129 pro
511 2084 655 2118 ratione
676 2083 860 2118 divisionis
888 2083 980 2118 recti
1009 2083 1138 2129 anguli
1167 2083 1439 2118 constituuntur
1468 2082 1620 2116 colores.
1673 2084 1727 2126 (In
1752 2086 1921 2128 margine:

103 2136 252 2171 Rectius
274 2137 343 2171 sic:
374 2139 637 2182 Agnoscendus
668 2141 726 2171 est
754 2137 861 2172 albus
891 2137 926 2171 in
951 2137 1068 2172 medio
1087 2137 1173 2171 flavi
1196 2141 1236 2170 et
1262 2135 1396 2177 viridis,
1428 2136 1489 2181 qui
1518 2135 1624 2170 albus
1654 2139 1714 2170 est
1742 2135 1826 2180 ipsa
1852 2134 1920 2169 lux

103 2190 209 2224 Solis.
249 2190 331 2224 Jam
359 2191 475 2224 flavus
495 2191 694 2234 respondet
712 2190 827 2230 viridi,
859 2191 1012 2225 adustus
1033 2209 1085 2214 —
1104 2189 1253 2224 schiller
1274 2208 1320 2213 -—
1343 2189 1526 2230 caeruleo,
1556 2189 1692 2223 rubens
1723 2197 1920 2233 purpureo,

105 2247 306 2288 sequuntur
333 2243 502 2288 utrinque
533 2244 721 2278 tenebrae.
778 2243 923 2278 Priores
953 2248 1040 2278 sunt
1069 2243 1190 2284 terrei,
1221 2242 1444 2287 posteriores
1474 2241 1671 2287 aquatiles.
1726 2239 1922 2285 Proportio

105 2295 280 2330 mistionis
310 2296 487 2331 materiae
516 2293 678 2339 eadem.)
733 2297 804 2331 Sed
842 2298 1018 2342 quomodo
1053 2297 1235 2331 dividatur
1275 2295 1435 2341 angulus
1473 2294 1705 2330 refractionis
1739 2292 1922 2334 maximus

104 2360 170 2393 pro
200 2349 363 2383 terminis
393 2350 562 2390 colorum,
594 2349 740 2383 difficile
770 2354 828 2384 est
847 2350 956 2384 dictu.
1005 2350 1121 2384 Credo
1151 2352 1274 2384 tamen
1303 2349 1445 2383 omnino
1475 2347 1505 2382 si
1531 2347 1746 2394 designetur
1779 2341 1833 2385 ‘ls-
1866 2342 1919 2386 ¹ls

112 2397 161 2441 Ἃ,
196 2398 248 2442 ¹l2‚
286 2398 323 2440 ¹l2
355 2402 456 2442 recti,
488 2402 523 2436 in
544 2415 586 2436 eo
605 2403 838 2437 refractionis
860 2403 999 2449 angulo
1021 2403 1194 2437 constitui
1215 2403 1358 2440 flavum,
1387 2402 1549 2442 viridem,
1581 2400 1804 2440 caeruleum,
1834 2409 1921 2445 pur-

106 2466 273 2499 pureum,
311 2455 495 2490 cinerium.
550 2457 647 2490 Ecce
676 2456 833 2491 altitudo
863 2456 962 2490 iridis
992 2468 1071 2490 cum
1100 2455 1347 2490 semicirculus
1377 2459 1454 2495 est,
1491 2453 1662 2499 numquid
1691 2463 1836 2497 semper
1863 2455 1922 2486 est

106 2508 249 2541 circiter
278 2508 326 2542 45
345 2505 372 2549 ⁰,
403 2508 464 2553 qui
493 2510 672 2554 angulum
701 2510 932 2544 semirectum
961 2509 1122 2544 metitur.
1179 2509 1250 2543 Sed
1279 2509 1353 2543 sint
1381 2507 1452 2542 hae
1481 2507 1719 2552 suspiciones.
1774 2505 1923 2540 Pariter

106 2566 145 2594 et
184 2562 227 2594 de
269 2562 460 2605 saporibus
498 2562 541 2595 de
578 2562 820 2608 odoribusque
855 2563 1043 2597 dicendum
1080 2562 1162 2596 erit.
1219 2563 1275 2596 De
1313 2560 1467 2605 objectis
1504 2564 1636 2605 tactus!
1662 2571 1734 2594 non
1763 2558 1918 2598 videtur,

106 2618 191 2647 sunt
219 2614 314 2648 enim
341 2614 554 2648 materiales
585 2615 809 2660 qualitates,
853 2620 891 2650 et
928 2616 1028 2649 calor
1065 2626 1162 2650 mere
1202 2615 1325 2649 activa
1362 2613 1547 2659 qualitas,
1589 2612 1666 2647 sine
1705 2610 1920 2651 discrimine,

108 2666 214 2710 quale
246 2666 281 2700 in
310 2667 441 2701 ceteris
472 2667 568 2702 inest
595 2668 804 2702 sensilibus.
861 2669 919 2702 De
948 2667 1195 2702 communibus
1231 2666 1425 2702 sensilibus
1465 2666 1547 2711 quid
1584 2676 1675 2709 opus
1703 2669 1763 2699 est
1789 2663 1920 2703 dicere,

108 2729 187 2751 cum
210 2718 289 2762 jam
317 2720 536 2754 dixerimus?
583 2721 701 2755 Sonus
731 2721 824 2755 enim
853 2726 912 2755 est
939 2726 1057 2755 motus
1087 2720 1183 2755 aeris
1219 2724 1258 2755 et
1293 2723 1444 2764 propter
1470 2723 1607 2753 motum
1635 2717 1767 2762 recipit
1795 2719 1920 2762 λογθς,

108 2771 194 2804 fides
225 2772 317 2806 enim
353 2773 463 2816 duplo
502 2774 647 2819 longior
684 2774 795 2818 duplo
834 2779 999 2808 movetur
1028 2774 1180 2808 tardius.
1237 2773 1349 2807 Porro
1379 2772 1556 2817 quomodo
1586 2771 1622 2804 in
1650 2769 1790 2804 musica
1818 2773 1858 2803 et
1884 2768 1921 2803 in

110 2823 367 2858 saltationibus
397 2830 514 2860 motus
545 2830 583 2860 et
612 2830 731 2860 status
762 2827 1097 2871 proportionentur,
1129 2825 1342 2861 audivimus.
1398 2824 1490 2864 Quid
1519 2825 1562 2857 de
1599 2821 1756 2857 numeris
1792 2821 1919 2862 dicam,

110 2875 168 2919 qui
198 2881 398 2920 sequuntur
427 2878 682 2922 quantitates?
724 2879 885 2914 Videant
904 2879 1110 2920 anatomici,
1142 2890 1189 2913 an
1218 2878 1256 2913 hi
1284 2882 1396 2925 λογοι
1421 2877 1495 2911 sint
1521 2876 1618 2910 inter
1646 2875 1809 2910 membra
1836 2884 1920 2919 per-

113 2928 196 2961 fecti
225 2929 371 2963 humani
401 2932 572 2974 corporis.
621 2933 810 2966 Vitruvius
840 2933 1011 2977 praeivit.
1060 2933 1116 2966 De
1145 2931 1272 2977 figuris
1295 2942 1381 2964 vero
1402 2929 1583 2974 praecipit
1602 2927 1801 2967 Vitruvius,
1833 2938 1919 2972 quo-

112 2981 212 3013 modo
242 2981 290 3014 sit
319 2981 541 3017 instituenda
570 2984 830 3019 architectura.
885 2985 1043 3030 Figurae
1074 2989 1159 3019 sunt
1188 2995 1322 3018 causae
1351 2986 1486 3028 λογων.
1536 2982 1700 3025 Corpora
1727 2978 1920 3025 regularia

112 3032 232 3069 omnia
260 3038 412 3070 utuntur
448 3035 504 3069 his
542 3038 681 3081 λογοις.
740 3038 921 3085 Compara
950 3038 1089 3078 latera,
1132 3037 1268 3084 plana,
1313 3035 1481 3086 angulos.
1539 3034 1720 3082 Compara
1747 3041 1920 3071 summa-m
