2028 3242
116 102 130 152 i
141 108 197 152 66
798 108 946 150 Mysterii
974 105 1241 151 cosmographia

111 218 162 257 ab
193 216 241 256 iis
275 216 439 256 discedi.
500 214 778 255 Rheinholdus
811 214 968 267 quidem
999 214 1038 255 in
1071 214 1296 255 Prutenicis
1329 214 1462 255 omnia
1493 214 1801 268 diligentissime
1834 215 1926 256 dis-

108 275 254 329 posuit.
308 274 391 315 Sed
423 274 544 314 nolim
576 274 719 326 aliquis
752 274 827 314 hac
860 274 994 326 specie
1028 274 1353 326 scrupulositatis
1392 274 1596 315 inescatus
1637 274 1927 316 crassiusculos

110 347 293 375 numeros
332 333 370 373 in
411 334 658 374 astronomia
702 333 913 373 fastidiat:
960 346 1045 373 rem
1089 333 1271 374 exactius
1316 339 1496 374 censeat.
1559 334 1638 375 Illa
1675 333 1816 375 summi
1853 333 1928 375 viri

110 393 263 437 minuta
295 398 336 433 et
368 393 602 445 scrupulosa
633 405 728 432 cura
760 396 831 432 aut
862 398 926 433 est
957 396 1123 445 propter
1149 393 1432 433 certitudinem
1454 392 1609 442 calculi,
1642 397 1714 434 aut
1742 405 1820 433 non
1851 406 1926 433 ne-

111 452 288 493 cessaria
318 452 356 492 in
389 452 572 505 partibus
605 465 878 500 numerorum,
911 452 1021 504 ipsos
1055 465 1149 492 vero
1181 458 1292 492 totos
1325 465 1527 501 numeros,
1563 465 1663 505 quos
1695 457 1780 492 tam
1811 465 1926 493 scru-

111 512 248 564 pulose
281 511 453 561 diduxit,
488 525 508 551 e
543 510 763 563 Copernico
798 511 999 564 excerpsit
1031 511 1148 551 sicuti
1180 511 1270 552 illos
1302 511 1469 564 reperit.

227 571 290 612 Ac
323 571 408 623 ipse
443 571 599 623 quidem
633 569 879 622 Copernicus
912 583 1030 622 quam
1061 570 1257 611 humanus
1289 570 1345 611 sit
1374 571 1412 611 in
1445 570 1685 623 recipiendis
1719 569 1926 624 qualibus-

110 643 260 683 cunque
292 630 484 679 numeris,
526 630 591 682 qui
623 631 914 682 quadamtenus
948 642 997 669 ex
1043 635 1136 669 voto
1181 630 1398 670 obveniunt
1438 635 1480 670 et
1517 631 1568 670 ad
1599 629 1839 671 institutum·
1861 629 1925 669 fa-

110 689 242 738 ciunt,
289 690 329 729 id
361 690 588 741 experietur
621 689 790 740 diligens
824 688 1037 741 Copernici
1069 690 1207 729 lector.
1271 689 1497 739 Numeros,
1543 689 1611 742 qui
1640 702 1713 742 per
1744 688 1926 730 diversas

110 749 362 800 operationes
393 749 435 788 vi
477 747 830 788 demonstrationis
869 748 1028 801 penitus
1074 748 1284 788 convenire
1330 749 1557 793 debebant,
1603 761 1682 788 non
1726 747 1925 799 repudiat,

110 808 292 860 quamvis
336 809 564 859 discrepent
610 807 764 860 aliquot
813 808 1023 859 scrupulis.
1101 806 1419 848 Observationes
1463 806 1502 847 in
1547 807 1761 856 Waltero,
1784 803 1844 854 ⁸⁶)
1887 806 1927 848 in

108 868 340 907 Ptolemaeo
374 872 415 907 et
448 867 542 907 alibi
575 867 631 907 sic
664 866 774 918 legit,
809 871 852 907 ut
882 866 931 907 iis
956 879 1002 906 eo
1024 867 1355 907 commodioribus
1388 872 1525 907 utatur
1556 867 1607 907 ad
1640 866 1927 907 exstruendum

110 927 316 974 calculum,
351 927 452 966 unde
485 926 524 965 in
557 929 736 978 tempore
769 926 904 974 horas,
936 926 975 965 in
1009 926 1179 966 arcubus
1201 927 1443 979 quadrantes
1463 926 1656 978 graduum
1678 931 1719 966 et
1748 925 1924 978 amplius

108 986 309 1025 interdum
350 986 554 1037 negligere
596 985 660 1025 vel
699 990 854 1024 mutare
899 986 1009 1025 nulla
1052 985 1110 1038 illi
1154 985 1307 1038 religi0.
1370 985 1556 1034 Alicubi,
1601 990 1647 1025 ut
1688 984 1728 1025 in
1771 989 1928 1025 mutata

109 1045 409 1085 eccentricitate
431 1044 578 1084 Martis
601 1049 643 1084 et
664 1044 852 1092 Veneris,
886 1045 995 1084 sinus
1017 1044 1137 1084 etiam
1159 1045 1435 1097 discrepantes
1461 1057 1486 1084 a
1517 1044 1691 1084 veritate
1724 1049 1924 1096 acceptat,

108 1108 266 1144 tantum
296 1104 399 1152 ideo,
437 1104 529 1156 quia
560 1116 773 1156 parumper
807 1104 858 1144 ad
891 1116 974 1153 eos,
1009 1116 1107 1156 quos
1141 1109 1271 1157 optat,
1305 1104 1476 1156 digitum
1505 1103 1732 1144 intendunt.
1795 1103 1930 1144 Multa

109 1177 208 1216 quae
242 1176 290 1203 ex
323 1163 448 1215 ipsius
483 1163 733 1203 confessione
768 1163 1017 1203 emendanda
1049 1163 1233 1212 fuissent,
1268 1163 1428 1215 integra
1460 1167 1502 1203 et
1532 1163 1691 1203 sincera
1715 1175 1766 1203 ex
1784 1162 1926 1204 Ptole-

108 1236 220 1263 maeo
244 1223 455 1274 depromit,
489 1223 655 1263 mutatis
677 1223 822 1262 ceteris
845 1223 1063 1263 similibus:
1099 1228 1218 1275 atque
1250 1222 1299 1263 iis
1331 1227 1476 1275 postea
1508 1222 1770 1263 fundamenta
1801 1234 1928 1262 novae

109 1281 375 1322 astronomiae
409 1282 593 1322 exstruit.
642 1281 820 1328 Quorum
852 1282 1028 1322 omnium
1059 1282 1154 1322 mihi
1185 1282 1358 1335 plurima
1377 1283 1616 1323 documenta
1635 1281 1748 1322 dedit
1766 1279 1928 1322 Maest-

109 1342 224 1389 linus,
260 1354 360 1393 quae
393 1341 603 1381 brevitatis
637 1354 761 1381 causa
791 1342 908 1382 mitto
936 1342 1152 1385 ascribere.
1204 1341 1340 1394 Atque
1374 1342 1476 1382 adeo
1506 1341 1549 1382 in
1579 1340 1929 1394 reprehensionem

110 1401 307 1440 incurrere
334 1400 425 1452 jure
457 1400 685 1441 videretur:
727 1401 803 1441 nisi
836 1401 1017 1441 consulto
1050 1401 1235 1450 fecisset,
1275 1414 1322 1441 eo
1356 1400 1460 1454 quod
1492 1405 1740 1453 praestaret,
1774 1399 1927 1452 imper-

111 1462 257 1499 fectam
290 1460 580 1512 quodammodo
613 1460 760 1500 habere
793 1460 1093 1505 astronomiam,
1127 1473 1247 1513 quam
1271 1461 1431 1513 penitus
1456 1459 1622 1500 nullam.
1673 1459 1780 1501 Nam
1811 1459 1922 1512 ejus-

109 1519 213 1558 modi
246 1518 403 1570 quidem
435 1518 695 1559 difficultates
729 1524 958 1568 occurrent,
993 1520 1086 1559 dum
1117 1520 1252 1560 sidera
1283 1524 1468 1560 current:
1503 1531 1603 1572 quas
1635 1530 1850 1571 superare,
1884 1523 1926 1559 et

110 1591 185 1617 non
217 1578 450 1629 impeditum
482 1578 533 1617 ad
566 1579 894 1618 constitutionem
927 1579 1120 1619 scientiae
1153 1592 1242 1619 cum
1274 1579 1433 1619 minimo
1473 1578 1619 1618 damno
1659 1578 1842 1630 aspirare
1880 1582 1926 1617 ut

109 1651 228 1677 ausus
263 1643 326 1677 est
359 1636 621 1689 Copernicus,
655 1639 696 1678 id
729 1638 802 1678 viri
835 1638 951 1678 fortis
985 1643 1073 1687 est3
1116 1638 1251 1691 ignavi
1283 1639 1579 1690 subterfugere,
1612 1636 1744 1677 timidi
1775 1637 1923 1690 despe-
1953 1663 1955 1666 <

108 1709 197 1736 rare
236 1701 278 1736 et
315 1709 471 1736 omnem
515 1697 616 1736 hanc
661 1710 796 1737 curam
840 1697 1028 1748 abjicere.
1092 1696 1438 1743 Quemadmodum
1477 1702 1519 1737 et
1555 1696 1643 1748 ipse
1677 1695 1924 1748 Copernicus

108 1756 207 1795 haec
240 1755 355 1795 modo
389 1755 589 1796 recensita
621 1758 838 1806 σφαλματα
869 1757 918 1796 de
951 1770 994 1796 se
1026 1769 1153 1809 neque
1187 1757 1441 1806 dissimulat,
1486 1769 1613 1808 neque
1655 1767 1743 1796 cum
1773 1755 1923 1807 pudore

111 1816 270 1855 fatetur.
333 1814 530 1866 Exemplo
562 1814 785 1855 Ptolemaei
824 1821 865 1856 et
902 1820 1082 1856 veterum
1119 1829 1163 1856 se
1207 1816 1358 1864 munit,
1405 1815 1641 1856 difficultate
1686 1813 1924 1854 observandi

112 1878 287 1921 excusat,
325 1882 443 1926 atque
477 1874 620 1926 ubique
654 1875 745 1914 aliis
779 1875 959 1926 exemplo
990 1874 1132 1926 praeit,
1167 1874 1205 1914 in
1231 1875 1528 1926 praeclarorum
1553 1874 1804 1914 inventorum
1824 1886 1923 1913 con-

110 1932 331 1972 firmatione
364 1933 580 1973 minutulos
613 1934 734 1973 hosce
769 1934 951 1974 defectus
993 1934 1298 1974 contemnendi:
1346 1934 1450 1986 quod
1495 1933 1572 1973 nisi
1615 1933 1766 1972 factum
1803 1937 1926 1973 antea.

111 1991 273 2039 fuisset,
311 2004 509 2043 nunquam
540 1993 800 2032 Ptolemaeus
832 1993 942 2032 illam
973 1994 1137 2044 μεγαλην
1169 1990 1366 2040 συνταξιν,
1400 1992 1656 2045 Copernicus·
1676 2006 1754 2032 των
1783 1991 1924 2032 ἀνελιτ-

110 2064 239 2090 τεσων
270 2051 412 2098 libros,
446 2051 719 2091 Rheinholdus
752 2052 987 2092 Prutenieas
1020 2052 1134 2091 nobis
1169 2052 1377 2092 edidisset.

226 2110 366 2163 Neque
400 2111 548 2150 nullam
584 2111 884 2151 excusationem
915 2111 1011 2151 mihi
1045 2117 1186 2164 quarto
1225 2112 1312 2151 loco
1352 2110 1586 2163 suppeditat
1616 2109 1686 2150 illa
1715 2108 1923 2149 Maestlini

112 2169 249 2208 tabula
286 2169 325 2208 in
358 2182 446 2221 cap.
486 2168 551 2210 15.
594 2170 756 2210 inserta.
820 2169 1067 2223 Copernico‚
1113 2184 1202 2210 cum
1240 2170 1559 2211 eccentricitates
1602 2169 1855 2222 planetarum
1900 2183 1925 2208 a

111 2227 343 2267 Ptolemaeo
377 2234 638 2273 mutuaretur,
672 2229 768 2269 nihil
801 2230 929 2269 minus
963 2243 1078 2283 quam
1113 2230 1160 2269 de
1187 2230 1262 2270 hac
1292 2229 1427 2269 divina
1452 2229 1651 2269 coelorum
1668 2228 1923 2281 proportione

110 2285 309 2327 suboluit:
345 2294 387 2327 ut
409 2301 494 2327 sion
529 2288 672 2339 injuria
703 2289 963 2330 vehementer
996 2290 1083 2341 quis
1110 2289 1286 2336 miretur,
1319 2289 1448 2341 ipsum
1479 2293 1564 2329 tam
1594 2300 1719 2346 prope
1751 2287 1803 2327 ad
1834 2299 1923 2327 eam

110 2346 359 2386 accessisse:
406 2359 532 2399 neque
567 2348 650 2386 fore
684 2348 872 2399 put-avit,
914 2354 958 2388 ut
990 2349 1215 2388 necessitas
1248 2349 1463 2399 aliquando
1502 2352 1689 2399 cogeret,
1716 2345 1920 2398 inquirere

110 2405 326 2445 distantias
361 2420 384 2445 a
416 2405 511 2446 Sole
546 2411 586 2445 et
617 2406 792 2457 ἀφηλιων
823 2408 925 2447 loca.
988 2406 1094 2453 Quid
1126 2408 1266 2447 mirum
1289 2407 1428 2459 igitur,
1462 2408 1496 2448 si
1527 2407 1566 2447 in
1599 2407 1674 2446 hac
1705 2405 1757 2445 ad
1789 2405 1922 2445 vivum

108 2464 328 2503 resectione
362 2469 403 2505 et
433 2464 619 2505 ἀναλυσει
657 2466 789 2505 mundi
828 2467 955 2507 multa
993 2467 1343 2519 deprehendantur
1381 2467 1520 2514 rudia,
1565 2475 1652 2506 cum
1691 2464 1838 2505 artifex
1870 2465 1921 2504 ad

107 2522 269 2562 minima
302 2537 376 2563 non
410 2525 664 2576 respexerit?
722 2524 847 2571 Quasi
880 2525 918 2565 in
951 2538 1079 2577 parva
1110 2526 1281 2578 pictura,
1316 2538 1416 2578 quae
1449 2526 1517 2564 vix
1546 2525 1748 2575 integram
1778 2523 1920 2577 faciem

109 2582 159 2620 ad
192 2595 350 2622 sensum
384 2584 583 2634 exprimit,
619 2584 651 2623 si
685 2585 772 2636 quis
805 2585 907 2625 oculi
941 2590 1009 2625 aut
1040 2585 1215 2638 pupillae
1242 2597 1379 2625 veram
1410 2584 1705 2637 proportionem
1739 2587 1918 2636 quaerat,

110 2653 197 2680 eum
231 2642 317 2681 falli
351 2655 515 2682 necesse
548 2649 623 2683 est.
688 2644 880 2695 Neglexit
911 2644 1015 2684 enim
1046 2645 1150 2684 hanc
1182 2645 1312 2696 pictor
1342 2644 1393 2683 ob
1425 2643 1660 2690 exilitatem,
1693 2647 1918 2690 contentus,

109 2699 153 2746 si,
190 2713 289 2750 quae
324 2706 416 2740 sunt
442 2702 702 2751 evidentiora,
738 2704 1028 2755 quodammodo
1054 2707 1393 2756 repraesentaret.
1439 2702 1508 2743 Sic
1529 2703 1580 2742 ad
1600 2701 1701 2741 hanc
1733 2701 1918 2741 ἀναλνσιν

110 2758 290 2807 quamvis
324 2760 476 2811 optima
507 2762 661 2801 ratione
695 2762 951 2809 accesserim,
993 2769 1161 2815 cogente
1194 2776 1255 2803 me
1287 2763 1326 2802 vi
1359 2760 1714 2801 demonstrationis
1746 2765 1788 2800 et
1817 2772 1916 2800 con-

110 2816 256 2855 ditione
291 2818 345 2857 rei
378 2820 636 2870 propositae:
683 2821 803 2861 nolim
835 2827 969 2861 tamen
1005 2828 1047 2862 ut
1081 2822 1168 2875 quis
1201 2822 1276 2862 sibi
1307 2821 1567 2873 persuadeat,
1609 2819 1792 2860 absolute
1825 2831 1916 2858 cer-

110 2874 287 2914 tissimos
321 2890 503 2917 numeros
537 2892 578 2918 se
613 2879 701 2918 inde
734 2881 932 2919 retulisse.
997 2881 1101 2920 Fieri
1135 2893 1304 2933 namque
1335 2883 1489 2932 pot'est,
1523 2885 1569 2919 nt
1599 2879 1698 2918 haec
1729 2878 1820 2930 ipsa.
1849 2889 1917 2918 re-

110 2932 234 2971 sectio
270 2935 411 2973 erroris
444 2937 644 2976 ulterioris
678 2952 802 2978 causa
835 2939 965 2979 fuerit.
1024 2939 1130 2980 Ecce
1164 2952 1238 2979 non
1273 2939 1379 2979 levia
1408 2938 1570 2979 indicia.
1627 2936 1815 2984 causam,
1848 2947 1918 2975 cur

109 2997 307 3030 mutentur
340 2995 659 3035 eccentricitates
692 2998 836 3037 Martis
871 3003 911 3037 et
944 2998 1134 3047 Veneris,
1173 2998 1416 3049 Copernicus
1451 2997 1488 3037 in
1521 2995 1781 3037 mutationem
1813 2995 1916 3035 Ter-

110 3062 228 3088 renae
259 3051 422 3090 confert.
470 3053 559 3092 Non
593 3054 713 3105 igitur
745 3062 922 3096 mutatur
953 3069 1049 3096 vera
1081 3070 1214 3096 eorum
1248 3071 1271 3096 a
1292 3056 1386 3097 Sole
1413 3055 1715 3103 eccentricitas3
1749 3055 1915 3095 demon-

110 3107 348 3148 strationem
382 3110 430 3147 ad
465 3112 617 3151 oculum
651 3113 775 3153 habes
807 3117 844 3154 in
879 3115 1030 3154 tabula.
1096 3114 1212 3163 Quod
1246 3116 1279 3155 si
1311 3116 1370 3155 ita
1409 3120 1488 3163 est,
1529 3113 1740 3171 oportebat
1771 3126 1915 3156 eccen-

1963 1334 1999 1455 fx]
