1982 3268
785 110 996 147 Proomim
1732 105 1783 153 17

1 221 58 262 de
81 220 335 274 latitudinum
361 221 562 261 varietate
589 220 819 273 cogitandi·
858 220 963 261 sicut.
990 220 1168 261 videmus
1198 219 1412 260 octaedron
1443 218 1640 260 Mercurio
1671 218 1785 259 unius

0 280 311 327 coventricitatis
339 280 495 320 modum
525 279 845 333 praescripsisse.

117 339 240 387 Porro
270 339 320 381 de
349 339 484 380 Luna
512 339 666 392 pridem
694 344 850 391 tempus
881 343 955 387 est,
987 343 1048 378 ut
1063 335 1212 389 aliquid
1243 335 1387 376 dicam.
1441 336 1546 377 Nam
1577 312 1786 378 concordia

0 398 172 439 Veneris
201 410 290 439 cum
320 399 381 439 sui
411 398 586 451 corporis
617 397 859 438 dimensione
891 396 1039 449 arguit,
1082 396 1184 436 hanc
1221 395 1503 435 dimensionem
1534 395 1586 435 ad
1617 396 1784 445 Lunam,

0 470 100 511 quae
130 457 293 498 Terra‘m
324 457 459 507 ambit,
492 458 547 497 nil
575 457 795 509 pertinere:
828 457 904 497 nisi
934 456 1100 496 velimus
1126 467 1202 494 non
1223 454 1395 495 Martem
1413 454 1573 504 Terrae,
1606 455 1678 495 sed
1698 468 1785 495 me·
1850 463 1852 465 ·

0 517 107 558 diam
136 516 283 558 Terrae
313 517 544 557 distantiam
574 516 698 557 Marti
739 516 902 569 propius
943 515 1154 555 admovere
1168 545 1179 562 ,
1226 519 1270 554 ut
1311 513 1450 554 Lunae
1487 513 1594 554 circa
1623 514 1787 555 Terram
1858 526 1864 532 ·

0 575 188 629 utrinque>
211 575 392 629 aequalis
422 581 581 628 pateret
611 576 716 616 inter
744 575 1019 629 proportiones
1048 573 1254 614 transitus.
1302 573 1454 614 Verum
1478 585 1528 612 ex
1547 573 1621 612 hoc
1641 586 1785 626 seque-

0 639 110 676 retur
133 634 282 675 Martis
314 640 356 675 et
382 635 497 675 Jovis
527 635 649 702 longe
675 635 800 687 major
828 633 1070 687 parallaxis,
1112 645 1211 686 quae
1242 632 1327 684 jam
1359 638 1479 672 autea
1508 631 1787 684 grandiuscula

2 698 77 734 est.
136 692 334 735 Mercurio
364 706 472 743 vero,
503 694 569 747 qui
598 694 725 734 minus
757 694 861 746 justo
893 699 937 734 et
954 692 1104 733 Veneri
1135 703 1235 745 quae
1266 691 1368 732 satis
1398 690 1587 736 habebat,
1619 691 1785 744 amplius

3 752 95 806 qnid
126 753 200 793 hoc
229 753 347 794 modo
377 753 612 794 demeretur.

120 811 201 853 Sed
232 812 328 864 quid
355 811 502 852 attinet
531 812 669 852 Lunae
699 792 894 852 rationem
925 811 1083 859 habere,
1116 821 1204 850 cum
1234 809 1307 849 illa
1335 821 1411 849 non
1443 809 1496 849 ad
1527 809 1662 850 orbem
1683 809 1785 851 Ter-

3 884 92 920 rae,
124 876 170 911 ut
198 876 417 912 ceterorum
446 872 695 923 planetarum
725 870 929 923 epicyclia,
961 869 1119 922 proprie
1147 868 1358 920 pertineat.

120 916 283 971 Terram
314 930 415 970 enim
446 931 724 982 φιλαιθρωπος
755 936 912 970 creator
941 929 1035 969 orbe
1055 928 1202 968 Lunari
1227 927 1365 967 ultimo
1384 927 1596 967 vestivisse
1616 927 1784 976 videtur,
1827 935 1852 958 *-

5 989 96 1043 quia
134 1002 222 1030 eam
257 989 419 1030 volebat
449 990 577 1030 instar
607 988 713 1030 Solis
743 1001 851 1038 esse,
893 994 937 1029 ut
966 994 1009 1028 et
1036 987 1128 1040 ipsa
1156 986 1385 1027 ambiretur.
1446 987 1694 1038 Argumento
1710 993 1791 1026 .est
1861 984 1866 1017 ἒ

3 1049 205 1102 proportio
235 1048 389 1089 mediae
420 1048 640 1089 distantiae
659 1049 797 1089 Lunae
828 1061 852 1088 a
881 1053 1017 1088 centro
1037 1046 1185 1087 Terrae
1209 1046 1261 1086 ad
1286 1046 1622 1086 semidiametrum
1642 1046 1788 1086 Terrae
1883 1080 1887 1081 γ
1917 1078 1926 1100 5

5 1108 145 1155 eadem
175 1108 282 1156 fere,
315 1120 414 1160 quae
444 1107 598 1148 mediae
630 1107 845 1148 distantiae
875 1105 1060 1147 Mercurii
1092 1119 1117 1146 a
1146 1111 1282 1146 centro
1313 1103 1420 1145 Solis
1452 1106 1501 1145 ad
1534 1104 1789 1146 semidiame-
1829 1114 1841 1160 '-
1859 1156 1872 1161 ,.
1913 1108 1982 1142 ¹.

5 1172 110 1208 trum
139 1165 260 1207 Solis.
321 1167 424 1208 Nam
456 1167 491 1207 si
519 1167 739 1207 Mercurius
771 1166 823 1206 ad
853 1165 988 1206 Solem
1031 1172 1141 1205 esset
1183 1170 1227 1204 ut
1264 1165 1380 1204 Luna
1418 1170 1484 1204 est
1519 1164 1571 1204 ad
1610 1164 1787 1212 Terram,
1843 1164 1869 1189 Ἰ*
1913 1159 1928 1211 ἶ
1966 1167 1969 1195 ἱ

6 1225 178 1266 distaret
217 1222 304 1267 435
347 1225 650 1267 semidiametris
688 1226 847 1265 Terrae.
910 1224 1152 1278 Copernicus
1195 1224 1313 1276 paulo
1356 1224 1446 1276 plus
1482 1229 1687 1273 numerat,
1731 1236 1788 1264 sc.
1841 1198 1864 1285 χ)

10 1281 92 1325 45¹
109 1280 177 1339 ¹l„'
203 1285 290 1337 quis
320 1285 408 1333 scit,
442 1297 558 1337 quam
589 1284 712 1325 vere?
742 1284 911 1324 Inferius
942 1290 1119 1324 correcto
1149 1283 1266 1323 modo
1298 1288 1412 1322 erunt
1439 1280 1538 1324 441.
1841 1288 1858 1297 '¹

123 1343 264 1397 Neque
294 1356 388 1384 vero
419 1344 670 1384 metuendum
699 1345 774 1391 est,
808 1356 855 1383 ne
887 1343 1068 1383 Lunares
1099 1342 1215 1382 orbes
1246 1355 1271 1381 a
1294 1341 1435 1382 vicinis
1466 1353 1671 1394 corporum
1695 1353 1792 1394 pro-

4 1402 256 1456 portionibus
285 1402 501 1455 compressi
531 1403 742 1444 elidantur.
803 1403 910 1443 Nam
941 1402 1153 1442 absurdum
1174 1406 1214 1441 et
1233 1406 1498 1441 monstrosum
1518 1406 1595 1448 est,
1626 1413 1794 1453 corpora

7 1461 107 1511 haec
137 1461 310 1502 materia
338 1462 509 1515 quadam
538 1462 713 1507 vestita,
758 1474 859 1514 quae
889 1461 1018 1502 alieno
1048 1460 1201 1512 corpori
1231 1461 1446 1501 transitum
1476 1473 1553 1500 non
1582 1459 1789 1512 praebeat,

0 1519 48 1568 Qin
78 1521 231 1562 coelum
260 1521 470 1562 collocare.
522 1520 607 1562 Sed
635 1533 762 1574 neque
793 1521 841 1560 de
868 1520 1052 1561 crassitie
1071 1519 1179 1559 orbis
1198 1519 1361 1560 Terreni
1378 1519 1645 1571 cogitandum,
1678 1519 1792 1572 quasi

7 1584 125 1627 tanta
154 1592 243 1620 esse
274 1580 431 1629 debeat,
462 1586 507 1620 ut
536 1580 733 1632 integram
758 1580 895 1620 Lunae
926 1579 1138 1632 sphaeram
1168 1578 1357 1628 includat,
1390 1591 1438 1619 ac
1467 1578 1632 1631 proinde
1651 1578 1790 1618 Lunae

9 1650 163 1691 quoque
193 1652 220 1679 a
249 1639 376 1680 Terra
411 1639 604 1680 distantia
633 1640 672 1679 in
703 1639 996 1691 proportionem
1013 1634 1017 1637 ⁴
1037 1634 1140 1678 banc
1178 1638 1320 1678 cadere
1358 1637 1516 1678 debeat.
1575 1637 1684 1678 Nam
1714 1637 1791 1677 etsi

12 1697 209 1739 orbiculus
238 1697 377 1739 Lunae
407 1711 528 1750 supra
558 1699 727 1739 Telluris
757 1699 891 1739 orbem
921 1698 1113 1746 emineat,
1148 1697 1242 1750 quid
1270 1697 1380 1737 illum
1408 1697 1652 1749 prohibebit,
1690 1708 1790 1750 quo-

8 1756 136 1797 minus
167 1757 405 1798 moveatur?
448 1757 549 1808 Quis
568 1770 674 1809 yero
706 1757 857 1808 didicit,
889 1771 940 1797 an
971 1757 1128 1810 omnino
1159 1756 1214 1796 ibi
1244 1756 1326 1796 sint
1356 1756 1503 1803 orbes?
1533 1755 1590 1796 Et
1618 1756 1659 1796 in
1678 1756 1789 1796 Mer·
1910 1768 1914 1771 “
1951 1763 1965 1769 ·’

3 1815 118 1861 mtto
141 1816 226 1868 jam
256 1821 376 1856 antea
405 1817 595 1865 vidimus,
634 1811 709 1869 quo
726 1810 864 1868 ¹pacto
895 1817 981 1868 ejus
1012 1816 1119 1857 orbis
1150 1815 1303 1868 quidem
1336 1821 1469 1856 servet
1497 1815 1791 1868 proportionem
1855 1853 1863 1857 ,

0 1875 202 1921 octaedri,
233 1875 319 1928 ipse
348 1888 443 1915 vero
474 1888 597 1928 usque
628 1876 679 1916 ad
710 1876 892 1928 quadrati
913 1876 1164 1916 altitudinem
1190 1887 1310 1927 supra
1333 1887 1451 1915 suum
1482 1875 1616 1915 orbem
1647 1886 1791 1915 ascen-

0 1933 93 1983 gdat.
153 1933 276 1987 (Gap.
305 1931 444 1983 XVI.)

129 1991 214 2033 Sed
238 1998 288 2034 nt
317 1993 484 2046 denique
515 2006 707 2034 summam
738 1994 828 2034 huic
858 1993 1018 2045 negotio
1049 2005 1205 2033 manum
1235 1992 1456 2045 imponam,
1502 1997 1620 2044 utque
1657 2004 1794 2032 omnes

0 2051 187 2105 ἶνίιίεξιιιιι,
219 2051 316 2093 nihil
346 2059 416 2093 aut
444 2065 582 2105 parum
612 2053 651 2093 in
683 2052 954 2105 parallaxibus
985 2053 1143 2100 mutari,
1174 2057 1326 2092 strnam
1357 2047 1499 2092 novum
1524 2050 1725 2098 mundum,
1754 2055 1796 2091 et

0 2110 205 2165 3incipiens
235 2125 261 2152 a
290 2123 443 2152 summa
473 2112 665 2152 distantia
689 2125 856 2160 sursum,
890 2111 941 2151 ab
965 2111 1045 2150 ima
1070 2112 1252 2151 deorsum
1276 2111 1520 2163 progrediar.
1579 2111 1797 2151 Assumam

0 2168 149 2210 'autem
178 2170 281 2210 hanc
310 2170 560 2223 hypothesin,
595 2171 707 2223 quasi
738 2170 941 2223 proportio
973 2170 1313 2211 eccentricitatum
1344 2170 1395 2210 ad
1426 2170 1543 2211 orbes
1574 2175 1685 2210 certa
1716 2169 1795 2209 sit:

16 2231 60 2268 et
86 2228 123 2268 si
147 2229 243 2282 qnid
271 2229 311 2268 in
335 2242 487 2269 summa
510 2230 572 2269 vel
603 2230 682 2269 ima
712 2230 906 2270 distantia
936 2229 1104 2281 alicujus
1134 2229 1241 2269 orbis
1272 2229 1348 2269 erit
1376 2229 1637 2278 immutatum,
1670 2228 1797 2269 corri-

14 2298 109 2339 gam
138 2287 261 2327 etiam
291 2288 630 2329 eccentricitatem
659 2288 1027 2341 proportionaliter:
1061 2289 1164 2341 quod
1196 2301 1246 2328 an
1276 2294 1385 2328 recte
1417 2288 1578 2337 faciam,
1610 2287 1797 2328 conside-

18 2351 110 2397 flent
139 2346 326 2386 artifices.
386 2346 473 2386 Hoc
503 2347 619 2386 modo
651 2348 891 2388 constitutas
922 2347 1137 2388 distantias
1168 2347 1221 2387 ad
1250 2348 1419 2387 mediam
1438 2347 1608 2387 Telluris
1640 2347 1798 2387 distan-
1841 2345 1846 2350 ”

15 2399 115 2453 fiam
143 2418 170 2444 a
199 2410 334 2445 centro
365 2405 547 2452 referam,
578 2405 694 2458 idque
733 2407 843 2455 ideo,
888 2405 979 2458 quia
1019 2405 1261 2459 Copernicus
1305 2419 1441 2447 omnes
1483 2407 1711 2459 parallaxes
1748 2404 1800 2444 ad

14 2460 143 2519 boum
173 2463 282 2505 Solis
312 2464 482 2504 medium
511 2465 837 2505 accommodavit.
900 2463 1023 2518 (Cap.
1049 2466 1167 2514 XV.)

15 2519 86 2665 ᾇ.
132 2522 200 2564 Sic
230 2523 353 2575 igitur
383 2536 426 2562 se
458 2523 609 2563 habent
639 2522 852 2563 distantiae
884 2529 927 2563 et
954 2524 1278 2565 eccentricitates
1299 2522 1527 2577 Corpernici
1558 2524 1610 2562 ad
1640 2535 1799 2563 correc-

116 2582 223 2622 dicto
253 2582 383 2622 modo.

112 2649 315 2694 (Sequuntur
336 2653 473 2690 numeri,
497 2661 577 2694 quos
602 2650 731 2684 exhibet
753 2651 886 2683 tabulae
911 2652 970 2684 sub
993 2648 1091 2685 fine‘m
1108 2652 1188 2694 Cap.
1206 2651 1269 2685 XV
1292 2652 1369 2684 ordo
1384 2646 1515 2694 primus..
1542 2651 1662 2684 additis
1684 2659 1801 2684 occen-

80 2699 88 2706 '
198 2697 471 2789 dgepfflls
497 2697 667 2734 2214011,
696 2689 748 2729 17’
774 2695 861 2738 30”,
887 2697 938 2736 5‘,
965 2697 1152 2739 11‘22⁴¹),
1184 2702 1306 2741 pariter
1335 2701 1461 2732 numeri
1489 2699 1609 2732 ordinis
1632 2698 1801 2731 tertiiali-

24 2815 53 2886 2}
112 2837 200 2872 Dein
222 2842 330 2883 pergit
350 2840 535 2882 Keplerus·

27 2906 65 2934 ’ἑ
135 2909 221 2950 Hae
253 2909 466 2951 distantiae
497 2911 749 2951 convenienti
781 2910 895 2950 modo
927 2909 966 2950 in
998 2910 1105 2950 sinus
1147 2923 1362 2950 conversae
1400 2910 1576 2951 efficiunt
1610 2908 1811 2951 maximas*

56 2982 77 3026 >⁵
103 2967 248 3023 llaxes
290 2969 333 3008 in
375 2970 639 3022 superioribus
683 2982 907 3022 apogaeas‚
955 2968 994 3008 in
1039 2969 1286 3009 inferioribus
1330 2970 1602 3020 elongationes
1634 2970 1803 3010 omnium

60 3034 66 3086 ’Δ
106 3039 215 3067 uuas
261 3041 401 3080 pamm
440 3028 650 3069 admodum
693 3029 970 3080 discrepantes
991 3061 1002 3078 ,
1059 3041 1129 3068 nec
1167 3027 1243 3068 nisi
1286 3028 1324 3068 in
1368 3029 1499 3069 Marte
1548 3029 1804 3077 notabiliter;

46 3137 74 3142 ..
100 3084 110 3092 ”
135 3090 200 3125 et:
1030 3133 1035 3138 ,

28 3151 210 3185 xes-m
229 3154 320 3186 open
337 3156 359 3183 1.
1506 3157 1528 3190 2
