2028 3242
765 36 807 69 «10
829 35 927 68 mm
951 35 1167 78 analogica
1792 30 1878 75 315

77 154 169 184 ran
205 147 249 184 et
281 142 335 183 ad
366 143 547 183 occultas
587 142 780 191 virtutes,
828 148 893 183 est
934 141 1139 182 dimidium
1182 141 1273 193 plns
1315 145 1475 181 centum
1511 140 1630 189 totis,
1675 145 1881 194 oporteret

77 201 236 244 onim
263 201 539 255 panc'usimos,
573 206 645 242 aut
674 202 776 242 sorte
808 200 966 241 omuino
987 200 1118 241 nullos
1142 199 1410 252 supervivere,
1442 199 1586 252 quibus
1612 198 1685 240 Sol
1714 199 1757 240 in
1779 198 1875 240 XII.

77 261 145 301 vul
170 259 248 301 VI.
278 261 353 301 &c-
411 260 498 302 Nec
528 266 570 301 te
602 262 717 312 juvat
753 259 1026 312 compensatio
1048 263 1111 298 ·et
1147 258 1309 299 diversa
1344 258 1597 310 adjumenta;
1641 258 1726 299 dixi
1758 258 1875 307 enim,

77 323 207 360 totum
236 319 438 360 coelorum
470 319 687 360 exercitum
717 331 805 359 cum
836 330 913 358 uno
944 317 1040 358 Sole
1077 330 1201 358 causa
1237 316 1536 369 philosophicae
1574 317 1683 358 illius
1716 316 1878 358 virtutis

77 377 298 430 comparari
328 390 408 418 non
436 390 573 430 posse.
635 377 832 424 Quamvis
861 388 957 417 vero
988 377 1095 417 idem
1131 375 1253 416 etiam
1285 375 1496 416 situationi
1531 375 1761 428 objiciatur.
1819 375 1880 416 'ru

77 436 206 485 vides,
233 436 323 488 jam
353 437 450 478 mihi
480 442 654 485 cautum,
686 436 821 476 vivere
851 435 1034 476 homines
1065 439 1208 484 antea,
1240 435 1318 475 etsi
1348 434 1502 475 coelum
1532 434 1652 487 plane
1684 446 1762 475 non
1794 434 1879 475 sal·

78 500 256 536 varetur.
315 495 425 536 Jamr-
442 495 719 536 diversissima
749 499 844 535 sunt
874 494 1102 534 informatio
1134 499 1176 533 et
1194 493 1443 546 imaginatio.
1505 493 1627 534 Aliud
1660 494 1761 546 agis,
1794 505 1883 534 cnm

80 553 545 608 uxorem‘impraegnas,
578 554 686 594 aliud
714 554 790 593 illa
820 554 918 605 agit,
951 565 1040 593 cum
1070 557 1181 593 tuam
1200 552 1412 604 imaginem
1444 551 1617 604 concipit
1649 557 1690 592 et
1722 553 1760 592 in
1794 552 1881 592 foe-

79 619 164 654 tum
194 613 483 666 transplanta.
542 613 651 653 Nam
682 612 717 652 si
752 610 836 654 100
876 613 990 652 anuis
1022 611 1099 652 sibi
1138 611 1210 652 illa
1244 611 1381 652 nescio
1422 623 1521 663 quas
1553 612 1703 652 formas
1735 616 1779 651 et
1807 623 1883 650 vo-

80 673 261 724 lupum
287 671 593 724 imaginaretur,
640 683 777 711 omnes
809 671 946 711 irritae
978 671 1187 716 caderent,
1233 671 1269 711 si
1309 670 1460 723 absque
1501 676 1543 710 te
1575 675 1703 718 esset,
1751 684 1776 710 a
1807 683 1884 722 quo

81 730 146 771 ubi
178 730 372 784 concepit,
399 731 487 783 jam
519 730 610 770 aliis
649 729 729 771 100
751 730 864 770 anuis
897 730 1007 770 nulla
1037 729 1322 781 imaginatione
1355 741 1404 768 ex
1436 728 1609 775 humano
1636 730 1744 769 foetu
1769 729 1884 781 equi—

30 822 37 837 „
82 798 178 829 num
208 789 371 838 fecerit3
403 794 444 829 et
462 795 597 829 tamen
617 801 694 829 non
722 789 831 837 nihil,
866 789 938 828 sed
958 789 1128 828 immane
1161 793 1352 840 quantum
1385 787 1422 827 in
1444 801 1516 828 sno
1536 801 1681 840 genere
1700 792 1885 840 praestat

80 847 328 900 imaginatio.
395 847 534 888 Habes
578 861 668 888 mea
710 847 893 901 opinione
939 847 1162 899 exemplum
1206 847 1245 887 iu
1299 853 1507 900 utramque
1551 852 1707 899 partem
1753 846 1883 899 aptis-

79 919 232 947 simum.
1619 939 1622 943 .

172 964 422 998 Fabricius:
462 964 610 998 Planetis
634 969 669 996 et
694 965 791 997 astris
816 974 878 1008 ego
902 964 1010 996 nullas
1035 963 1374 999 inclinationes.
1400 963 1504 996 bonas
1528 964 1579 995 vel
1595 963 1714 1001 malas,
1740 964 1885 996 tribuen-

81 1012 142 1045 das
163 1015 255 1054 puto,
279 1021 344 1045 nec
365 1011 419 1045 vel
441 1012 527 1044 ullas
550 1011 746 1054 qualitates.
778 1017 911 1054 praeter
934 1011 1039 1044 solam
1062 1011 1189 1047 lucem,
1226 1011 1289 1042 nisi
1313 1010 1400 1052 quod
1424 1010 1512 1043 solus
1541 1010 1596 1043 Sol
1621 1014 1756 1052 praeter
1778 1010 1885 1042 lucem

81 1059 224 1092 cdorun
246 1069 376 1102 quoqne
398 1059 534 1096 habeat,
559 1064 719 1101 tanquam
741 1059 815 1091 fons
838 1059 923 1092 lucis
947 1064 982 1091 et
1007 1059 1142 1096 caloris.
1168 1063 1203 1090 et
1227 1067 1249 1090 a
1274 1057 1347 1090 Deo
1371 1059 1550 1099 praecipue
1574 1057 1620 1091 ad
1642 1058 1676 1091 id
1701 1058 1883 1094 ordinatus,

81 1110 120 1138 nt
143 1106 323 1139 calefaciat
343 1116 470 1150 quoque
493 1110 625 1148 praetor
650 1106 767 1139 lucem.
819 1105 940 1138 Cetera
970 1111 1062 1138 astra
1095 1116 1161 1138 non
1191 1109 1271 1147 puto
1296 1099 1439 1138 calorem
1464 1105 1606 1142 habere;
1648 1105 1751 1138 multo
1777 1106 1884 1137 minus

81 1153 217 1209 frigidae
239 1153 314 1186 illas
338 1163 411 1186 esse
433 1154 654 1195 censendum,
690 1153 793 1185 multo
825 1154 932 1186 minus
956 1153 1017 1185 has
1044 1153 1189 1190 calidas,
1226 1152 1302 1184 illas
1335 1152 1471 1194 frigidas
1503 1162 1575 1185 esse
1599 1152 1800 1225 putandum,
1841 1153 1887 1184 sic

82 1201 171 1233 euim
193 1209 263 1233 m
286 1200 421 1234 alterius
446 1210 526 1243 opus
550 1200 731 1242 impediret.
783 1200 833 1232 Tu
858 1205 975 1233 contra
998 1200 1075 1242 quid
1101 1201 1235 1237 sentias,
1262 1201 1345 1231 scire
1371 1200 1475 1241 cupio.

201 1247 468 1301 Keplerns:
518 1248 581 1288 De
619 1248 880 1300 qualitatibus
919 1248 1170 1300 planetarum
1211 1253 1307 1299 puto
1348 1259 1410 1286 me
1454 1259 1590 1286 omnes
1630 1222 1723 1286 tuas
1761 1259 1887 1300 quae-

83 1306 235 1347 stiones
284 1309 327 1347 et
374 1306 620 1359 objectiones
668 1307 707 1348 in
758 1306 1053 1359 Meteorologia
1102 1306 1315 1353 (Fundam.
1367 1305 1546 1354 Astrol.)
1602 1305 1887 1346 antevertisse.

84 1364 246 1417 Legas!

175 1423 421 1463 Fabricius:
461 1423 731 1456 Frischlinus
766 1420 837 1463 (De
862 1423 1104 1456 astronomicae
1129 1423 1208 1455 artis
1243 1432 1319 1455 cum
1344 1422 1494 1455 doctrina
1526 1422 1663 1455 coelesti
1687 1426 1722 1455 et
1745 1422 1889 1455 naturali

82 1469 290 1513 plu'luophia
313 1471 539 1513 coagmentis,
565 1470 636 1503 libri
653 1470 695 1501 V.
722 1469 875 1502 Frankof.
896 1468 999 1503 16⁰1.
1047 1470 1087 1502 In
1111 1471 1192 1503 libro
1217 1469 1278 1502 IV.
1303 1480 1336 1511 p.
1358 1467 1426 1501 237
1452 1469 1595 1502 affirmat
1627 1469 1777 1507 „ridiculi
1802 1474 1889 1508 sunt,

84 1518 140 1560 qui
162 1515 232 1551 soli
255 1517 395 1550 crodunt
416 1518 526 1554 inesse
550 1517 693 1550 calorem
718 1521 753 1550 et
775 1518 840 1549 vim
864 1517 1144 1550 calefactoriam“.
1195 1517 1343 1550 Deinde:
1380 1517 1498 1556 „stella
1521 1526 1544 1550 a
1564 1517 1663 1549 stella
1685 1516 1796 1549 differt
1820 1516 1890 1549 cla·

82 1565 196 1602 nitate,
218 1574 286 1598 nm
306 1564 520 1607 qualitatibus
543 1565 714 1597 sensilibus
739 1568 774 1596 et
797 1564 977 1601 tactilibns,
1002 1570 1082 1606 puto
1106 1564 1214 1598 calido
1241 1569 1276 1597 et
1300 1565 1430 1607 frigido,
1455 1564 1588 1596 humido
1613 1568 1649 1596 et
1674 1565 1762 1597 sicco
1787 1561 1889 1602 ‹tc-⁴⁶)

85 1615 124 1646 ut
145 1611 250 1647 “effu
273 1615 310 1644 ot
331 1611 494 1653 planetis.
518 1612 568 1644 ita
591 1617 626 1644 et
651 1611 719 1644 Soli
742 1611 867 1644 nullam
892 1612 1087 1654 qualitatem
1111 1612 1284 1649 concedit,
1312 1616 1443 1654 praeter
1471 1611 1576 1644 solam
1600 1611 1719 1643 lucem.
1769 1610 1889 1643 Calidi-

83 1662 190 1692 tatem
207 1658 286 1693 'm
309 1657 378 1692 Soli
401 1658 461 1691 sed
483 1660 552 1691 aeri
575 1660 683 1692 inesse
708 1658 806 1705 dicit,
839 1664 873 1691 et
896 1659 1150 1692 rarefactionem
1175 1661 1279 1697 aeris,
1314 1669 1335 1692 a
1359 1659 1433 1691 lnce
1459 1658 1543 1691 Solis
1573 1659 1711 1696 factam,
1737 1658 1889 1691 calidita-

82 1710 155 1744 tem
178 1705 393 1785 &simulatura
415 1706 599 1749 ingenitam
624 1707 778 1739 excitare.
828 1707 879 1738 An
904 1706 989 1739 haec
1014 1707 1122 1748 opinio
1147 1707 1278 1739 veritati
1304 1711 1338 1739 et
1366 1707 1486 1739 rationi
1512 1709 1738 1739 consentanea
1760 1706 1815 1742 sit,
1840 1706 1889 1737 fa·

85 1753 150 1787 uuo
172 1755 211 1785 tu
256 1753 265 1761 ⁹
342 1753 399 1785 'es-

180 1797 238 1840 (In
260 1799 361 1833 litoris
386 1799 528 1832 Fabricii
552 1799 584 1832 d.
612 1797 668 1831 28.
687 1801 767 1841 Apr.
792 1811 822 1832 v.
848 1805 889 1832 st.
918 1798 1008 1832 1602
1032 1800 1118 1833 haec
1142 1801 1183 1834 de
1200 1801 1380 1838 Frischlino
1405 1801 1562 1842 legimus:
1596 1800 1741 1833 Genesin
1767 1804 1892 1832 certam

86 1846 258 1880 Prischlini
280 1847 340 1878 tibi
363 1847 468 1878 mitto.
516 1846 626 1879 Natus
651 1845 708 1878 22.
726 1846 816 1889 Sept.
847 1846 936 1879 1547
962 1847 995 1879 h.
1014 1845 1054 1885 4;
1091 1858 1177 1880 anno
1202 1847 1249 1880 90
1274 1849 1366 1880 initio
1392 1848 1516 1889 Aprilis
1542 1851 1659 1889 captus
1682 1846 1888 1890 Mognntiae.

87 1894 184 1926 Anno
208 1891 253 1926 ⁶5
283 1894 442 1937 magister
470 1894 579 1926 factus
613 1903 653 1926 ex
677 1894 856 1927 directione
881 1895 982 1927 Medii
1008 1894 1099 1927 Coeli
1123 1895 1167 1928 ad
1192 1892 1295 1935 Δό.
1345 1896 1442 1927 Anno
1467 1893 1525 1927 78.
1552 1892 1583 1926 3.
1606 1893 1680 1926 Oct.
1708 1895 1891 1926 orationem

86 1941 123 1972 in
145 1939 273 1973 nobiles
296 1939 430 1977 habuit,
454 1941 542 1973 unde
566 1942 712 1973 maxima
735 1946 819 1974 nata
842 1943 903 1984 ipsi
930 1944 1118 1974 consecutio
1143 1943 1309 1974 nobilium.
1359 1942 1507 1975 Direetio
1531 1941 1579 1974 M.
1599 1941 1636 1973 C.
1664 1941 1707 1974 ad
1731 1937 1779 1984 U
1796 1941 1890 1975 Solis.

90 1987 186 2020 Auno
203 1985 249 2019 77
273 1987 471 2029 stipendium
496 1997 642 2020 annuum
667 1997 689 2020 a
711 1990 856 2030 principe
882 1994 1089 2027 consecutus,
1117 2000 1156 2022 ex
1182 1990 1240 2022 dir.
1270 1987 1312 2029 Θ
1334 1990 1377 2022 ad
1393 1986 1492 2029 Δᾙ.
1531 1990 1629 2021 Anno
1648 1987 1704 2021 90.
1732 1987 1788 2020 29.
1806 1988 1889 2022 Νον,

88 2040 188 2068 noete
210 2038 369 2077 nequem
393 2044 434 2066 ex
457 2035 552 2077 lapsu
575 2036 677 2067 vitam
701 2037 818 2068 misere
842 2036 967 2072 finivitz
992 2036 1013 2076 5
1038 2037 1146 2070 locum
1169 2037 1380 2079 profectionis
1405 2046 1537 2069 annuae
1562 2037 1703 2068 transiit.
1751 2036 1893 2068 Irridens

89 2081 272 2124 amabunt
294 2081 415 2114 alicubi
439 2082 571 2114 scribit:
611 2081 767 2114 Omnium
792 2084 1003 2125 nugacissimi
1028 2089 1105 2116 sunt
1128 2084 1300 2121 homines,
1326 2085 1380 2126 qui
1405 2084 1574 2127 genituras
1598 2084 1765 2116 hominum
1790 2083 1893 2116 stellis

90 2127 231 2171 alligant
253 2127 332 2166 &ca
356 2128 417 2160 sod
438 2138 546 2170 nugas
570 2130 791 2171 comprobavit
814 2130 975 2162 violentus
1001 2130 1137 2171 exitus.)

203 2169 479 2227 Keplerus:
535 2176 647 2224 Acri,
681 2182 723 2216 et
753 2182 797 2216 tu
829 2183 871 2217 et
901 2177 1173 2227 Frischliuus‚
1216 2183 1256 2218 et
1294 2178 1510 2218 calorem
1555 2184 1597 2218 et
1626 2177 1762 2218 nescio
1794 2189 1893 2229 quas

92 2232 267 2273 tribuitis
299 2233 544 2286 qualitates;
584 2246 659 2285 ego
693 2235 868 2286 frigus,
900 2236 938 2275 h.
973 2248 1008 2276 e.
1043 2237 1261 2277 carentiam
1294 2236 1441 2276 caloris
1474 2242 1517 2276 et
1547 2236 1891 2284 alterabilitatem‚

92 2304 194 2345 quae
237 2291 423 2332 consistit
463 2292 503 2331 in
546 2292 714 2332 raritate
758 2298 800 2333 et
836 2294 958 2347 fluore
1002 2307 1072 2334 seu
1102 2295 1350 2334 humiditate.
1413 2294 1550 2335 Solem
1582 2295 1755 2334 calidum
1789 2307 1893 2338 esse,

91 2350 227 2391 nescio
260 2363 338 2404 qua
369 2350 418 2390 de
445 2363 572 2406 'causa
603 2355 673 2390 aut
704 2364 778 2403 quo
809 2357 919 2391 metu
950 2353 1189 2404 negaverint
1218 2353 1470 2405 philosophi3
1516 2353 1692 2401 scilicet,
1736 2365 1785 2392 ne
1818 2365 1892 2392 ex·-

91 2409 217 2450 siccet
246 2409 508 2449 elementaria
539 2414 580 2449 et
608 2409 806 2460 perimat?
866 2410 925 2450 At
954 2411 1021 2450 ille
1060 2411 1169 2451 calor
1199 2417 1264 2451 est
1295 2411 1500 2462 limpidus,
1555 2423 1691 2463 purae,
1726 2423 1891 2452 conser—

92 2473 221 2517 vator,
253 2470 332 2508 non
362 2472 572 2515 vastator3
617 2467 784 2520 denique
828 2468 926 2508 nihil
969 2469 1045 2508 uisi
1088 2470 1156 2510 lux
1199 2470 1300 2521 ipsa.
1364 2469 1500 2510 Solem
1530 2469 1704 2509 lucidum
1735 2470 1893 2522 quidem

93 2526 313 2575 concedes,
360 2526 394 2567 si
439 2540 463 2566 a
507 2527 592 2567 luce
635 2539 767 2566 rerum
809 2532 928 2566 noctu
974 2528 1292 2579 splendentium,
1338 2542 1362 2567 a
1393 2529 1526 2579 specie
1569 2528 1669 2568 lucis
1707 2527 1747 2568 iu
1779 2529 1893 2569 oculo

93 2590 186 2636 post
199 2583 308 2625 Solis
326 2585 525 2633 intuitum,
549 2585 599 2624 ab
619 2585 951 2625 illustrationibus
975 2587 1173 2637 parietum
1201 2588 1350 2636 editam
1377 2587 1503 2626 lucem
1524 2586 1585 2626 vis
1607 2587 1893 2638 argumentari.

186 2643 439 2676 Fabricius:
482 2643 809 2676 Inclinationes
847 2653 913 2675 non
948 2644 989 2676 ab
1014 2646 1128 2679 astris.
1167 2645 1226 2678 sed
1259 2646 1301 2677 ab
1324 2646 1403 2686 ipsis
1427 2645 1599 2678 humorum
1624 2645 1677 2677 vel
1701 2640 1894 2687 qualitatum

93 2689 297 2722 internarum
319 2691 588 2732 temperamentis
612 2694 709 2727 sunt,
735 2699 821 2732 quae
845 2690 939 2722 Deus
962 2691 1024 2722 illis
1048 2692 1166 2724 indidit
1190 2693 1223 2724 in
1249 2693 1354 2733 prima
1379 2693 1566 2731 creatione,
1593 2692 1678 2736 sicut
1703 2692 1775 2724 aliis
1799 2693 1894 2725 rebus

94 2738 215 2769 acatis
238 2746 317 2770 snas
339 2737 423 2770 vires
448 2742 482 2770 et
504 2737 735 2770 inclinationes
759 2737 930 2769 naturales
953 2738 1078 2770 tribuit.

210 2784 481 2836 Keplerns:
533 2785 816 2825 Inclinationes
848 2791 945 2835 puto
977 2786 1199 2825 confirmari
1231 2785 1270 2825 in
1302 2785 1390 2836 ipso
1423 2785 1579 2834 animo,
1624 2797 1676 2825 ex
1707 2786 1893 2838 analogia

96 2846 139 2882 et
167 2854 393 2883 commensu
425 2844 596 2894 quodam
628 2842 800 2882 natalitii
834 2842 998 2891 sideris,
1045 2857 1095 2883 ex
1126 2856 1201 2896 quo
1243 2844 1281 2882 iu
1313 2844 1446 2883 anima
1481 2843 1667 2884 humores
1711 2850 1754 2884 et
1785 2850 1893 2885 tem-

95 2905 329 2951 peramenta
357 2901 594 2941 formantur.
657 2900 772 2941 Alias
805 2905 912 2940 certe.
945 2902 1088 2941 mutari
1122 2902 1331 2942 contrariis
1363 2907 1542 2954 possent.
1606 2902 1768 2947 Malitia
1798 2915 1893 2944 vero

98 2958 270 3003 aliunde,
302 2959 491 2999 debilitas
524 2965 566 2999 et
597 2960 788 2999 fortitudo
821 2971 870 2998 ex
902 2960 1027 2999 coelo.
1089 2960 1195 3000 Nam
1225 2960 1264 3000 in
1297 2961 1408 3000 coelo
1441 2973 1517 3001 non
1549 2966 1644 3001 sunt
1675 2961 1821 3002 bonum
1852 2968 1893 3002 et

99 3017 245 3056 unium
266 3017 453 3067 ethicum,
485 3019 558 3058 sed
577 3018 858 3078 harmonicum,
881 3014 1069 3069 ἁρμοςον,
1102 3018 1317 3072 εὐρυθμοφ,
1349 3020 1464 3068 forte,
1497 3019 1640 3068 debile,
1673 3020 1891 3072 pulchrum,
