1982 3268
53 2613 62 2620 .
114 2593 215 2634 berg,
255 2592 331 2624 dass
366 2593 575 2635 dergleichen
610 2604 671 2624 von
696 2594 768 2625 Ihm
800 2594 965 2626 niemalen
991 2603 1228 2636 ausgegangen
1263 2605 1343 2636 seyn
1379 2594 1491 2626 sollen.
1541 2594 1663 2626 Wollte
1694 2604 1775 2636 geru
1799 2602 1917 2626 mssa

103 43 161 86 70
908 46 1125 78 Prooemium.

222 150 339 197 Quod
372 156 583 202 superest,
635 151 669 191 si
715 151 918 204 quippiam
951 151 1240 192 humanissima
1277 153 1562 204 provocatione
1605 152 1701 193 mihi
1733 151 1920 200 elicuisti,

104 210 207 262 quod
238 210 367 250 minus
399 223 530 250 meam
563 222 774 261 personam
808 210 971 258 deceat,
1019 211 1104 262 ejus
1146 223 1220 262 ego
1260 211 1418 253 veniam
1457 212 1600 252 obnixe
1631 216 1752 263 peto:
1786 211 1921 251 forsan

104 275 146 310 et
176 281 343 308 mereor.
393 269 484 309 Non
517 274 654 320 potest
685 270 790 309 enim
821 270 995 321 jucunda
1028 282 1117 309 esse
1151 270 1327 322 scriptio,
1365 283 1466 322 quae
1498 283 1577 310 non
1609 269 1665 310 sit
1683 268 1822 318 libera,
1845 283 1922 309 non
1973 267 1974 270 ’

104 342 154 368 ex
203 327 334 368 animo
378 327 416 368 in
469 328 666 368 calamum
707 328 862 368 influat.
926 330 1067 381 Itaque
1106 328 1153 378 si,
1188 329 1292 381 quod
1324 330 1465 378 credo,
1499 334 1642 382 gratae
1681 334 1774 369 sun‘t
1811 341 1925 368 meae
1966 370 1970 374 ,

106 386 303 439 epistolae
335 387 472 439 Magn.
506 388 641 436 Tuae,
680 388 770 439 jure
815 388 916 427 hanc
961 388 1053 428 mihi
1091 388 1322 428 libertatem
1361 393 1402 428 et
1433 389 1694 428 securitatem
1723 387 1924 428 scribendi
1963 422 1971 434 ,

107 446 318 487 concedes
1962 485 1973 494 ,,

224 505 331 546 Vale
362 505 466 546 Nob.
502 510 544 544 et
569 505 708 557 Magn.
731 504 819 554 Vir,
854 518 994 558 meque
1014 506 1086 546 tibi
1107 506 1425 546 commendatum
1444 505 1562 546 habe.
1595 502 1662 545 16.
1677 505 1775 544 Dec.
1797 501 1924 546 1598.
1965 499 1973 549 Ῐ,

1171 565 1277 605 Nob.
1313 571 1356 606 et
1386 565 1497 616 Mag.
1533 564 1641 604 Tuae

226 623 277 663 D.
310 623 362 664 D.
395 622 434 663 J.
465 623 514 662 B.
548 621 744 669 Ficklero‚
1386 622 1783 664 observantissimus

173 682 402 722 venerando
435 686 477 721 et
509 681 657 733 optimo
691 681 789 728 seni,
1391 683 1454 723 M.
1487 682 1586 723 Joh.
1619 680 1780 736 Kepler

136 746 285 793 agnato
318 754 420 788 meo,
453 741 627 780 salutem
659 740 815 779 officio·
1324 740 1486 795 Styriae
1518 741 1732 782 Procerum
1764 740 1894 780 Math.
1924 793 1929 795 ξ

253 800 459 840 sissimam
489 798 687 839 adscribo.

199 917 221 950 J
228 928 247 950 o
257 926 384 949 annes
411 916 658 951 Wernerus,
695 916 786 955 cujus
813 916 1057 947 observationes
1083 916 1247 957 Keplerus
1272 917 1434 958 inspicere
1461 918 1563 959 eupit,
1588 921 1689 950 natus
1715 920 1768 950 est
1792 916 1923 950 Nurim-

105 966 226 1008 bergae
252 962 458 1000 ann01468‚
484 964 526 995 ab
552 973 638 994 anno
658 960 748 993 1498
774 963 914 1007 pastoris
939 973 1073 994 munere
1092 963 1326 1006 Norimbergae
1352 965 1483 997 functus
1509 969 1561 997 est
1584 975 1687 1006 usque
1713 965 1758 997 ad
1781 961 1943 998 morter·

106 1011 154 1052 (a.
184 1009 302 1052 1528).
352 1011 629 1044 Mathematicam
655 1010 858 1051 disciplinam
880 1011 976 1050 juxta
1002 1010 1162 1043 ecclesiae
1194 1012 1376 1044 ministeria
1401 1012 1519 1050 coluit,
1544 1013 1578 1044 in
1604 1022 1708 1054 eoque
1734 1012 1930 1045 eruditionis

105 1069 227 1103 genere
253 1060 416 1092 excelluit.
444 1056 572 1100 (Comp.
599 1058 896 1098 Doppelmayerum
920 1058 954 1088 in
979 1057 1055 1089 hist.
1082 1059 1389 1091 mathematicorum
1414 1058 1764 1102 Norimbergensium).
1813 1050 1926 1093 Multi
1973 1096 1975 1099 ,

106 1108 287 1140 elaboravit
312 1117 387 1139 cum
411 1106 650 1148 geographica,
679 1110 747 1136 tum
773 1105 1006 1142 astronomica,
1031 1114 1141 1146 pauca
1165 1116 1240 1138 vero
1266 1108 1365 1148 typis
1376 1110 1454 1139 sunt
1478 1107 1651 1144 mandata,
1676 1110 1715 1139 ut
1738 1117 1813 1140 vere
1830 1103 1948 1140 refert
1969 1102 1977 1143 1

105 1156 140 1187 in
164 1155 374 1196 sequentibus
398 1154 601 1186 Herwartus.
1946 1161 1948 1164 ’

203 1201 298 1241 Quae
322 1201 487 1243 Keplerus
511 1202 544 1232 in
571 1199 788 1240 superioribus
814 1199 958 1240 queritur
995 1199 1035 1231 de
1069 1200 1313 1233 calamitatibus
1349 1199 1508 1242 Styriacis
1540 1210 1583 1233 ea
1611 1201 1756 1242 pluribus
1786 1201 1931 1243 explicat

105 1251 137 1281 in
175 1249 278 1280 literis
317 1247 371 1288 (d.
407 1247 439 1280 9.
476 1248 559 1280 Dec.
596 1246 642 1278 98
681 1250 715 1278 et
749 1244 805 1277 29.
840 1247 923 1289 Aug.
965 1243 1031 1286 99)
1064 1247 1108 1279 ad
1132 1247 1406 1280 Maestlinum
1444 1249 1550 1288 datis,
1587 1258 1669 1290 quas
1705 1249 1945 1290 proposuimus

106 1306 149 1337 pa
213 1293 257 1327 39
285 1300 318 1328 et
344 1295 399 1327 51.
1942 1312 1945 1314 -

150 1306 184 1339 g
198 1344 445 1376 Herwartus
470 1343 504 1375 in
531 1342 741 1383 responsione
773 1350 836 1372 sua.
867 1338 915 1380 (d.
942 1339 976 1372 2.
1002 1341 1079 1373 Jan.
1110 1339 1217 1381 1599)
1251 1343 1339 1375 hanc
1374 1343 1601 1384 quaestionem
1634 1353 1764 1385 prorsus
1797 1343 1933 1376 silentio

105 1392 337 1432 praetermittit
363 1389 579 1429 (Jesuitarum
605 1389 728 1421 socium
753 1389 852 1420 fuisse
877 1388 1086 1426 Herwartum
1111 1389 1278 1429 constat),
1314 1389 1433 1422 additis
1464 1391 1579 1432 paucis
1618 1390 1659 1422 de
1697 1391 1929 1432 conjunctione
1971 1418 1973 1422 .

104 1438 245 1471 Veneris
271 1442 305 1470 et
328 1437 484 1470 Mercurii
511 1446 596 1468 anno
624 1446 655 1468 a
685 1436 742 1467 Ch.
770 1435 814 1467 IX
840 1439 874 1467 et
906 1436 945 1468 de
972 1436 1109 1477 Kepleri
1144 1436 1358 1476 Calendario‚
1394 1438 1478 1469 haec
1516 1438 1558 1470 de
1592 1437 1750 1470 Wemero
1782 1438 1907 1479 profert
1915 1445 1942 1478 r

106 1485 181 1518 Von
206 1485 238 1518 J.
264 1486 422 1518 Wernero
447 1485 512 1516 hab
538 1484 611 1515 ich:
653 1481 692 1522 1)
717 1484 751 1514 in
776 1483 852 1514 folio
879 1493 966 1515 anno
998 1482 1086 1514 1512
1111 1484 1229 1525 impu:
1262 1484 1451 1517 Translatio
1477 1484 1708 1527 Geographiae
1731 1484 1931 1519 Ptolemaei
1933 1497 1943 1519 ,τ

106 1531 144 1572 2)
169 1533 204 1564 ἱιι
238 1537 353 1574 quarto
386 1534 478 1573 impr
516 1541 603 1563 anno
644 1529 755 1562 1522:
792 1529 897 1571 Super
923 1529 967 1561 22
1005 1531 1184 1563 Elementis
1220 1531 1360 1564 Conicis.
1411 1532 1464 1564 De
1489 1533 1565 1564 cubi
1590 1532 1824 1573 duplicatione.
1874 1530 1938 1565 D.

105 1584 197 1613 motu
222 1584 361 1612 octavae
386 1580 558 1620 sphaerae,
585 1579 618 1609 in
644 1588 705 1620 quo
731 1578 770 1609 fit
793 1578 916 1609 mentio
943 1579 1205 1610 observationum
1231 1581 1313 1620 ejus.
1357 1579 1430 1611 Nec
1457 1580 1555 1618 enim,
1581 1579 1667 1621 quod
1691 1580 1807 1620 sciam,
1826 1580 1872 1612 ull
1894 1578 1936 1608 ,μ’
1958 1595 1966 1603 ι

105 1628 225 1660 librum
251 1628 351 1660 alium
377 1627 491 1663 edidit,
518 1627 552 1657 in
579 1636 640 1666 quo
667 1625 902 1657 observationis
929 1625 1066 1666 alicujus
1093 1635 1114 1658 a
1138 1636 1174 1658 se
1199 1627 1311 1659 factae
1335 1627 1533 1659 meminerit.
1912 1648 1927 1659 0

202 1674 259 1711 Da
284 1675 341 1707 der
364 1675 452 1706 Herr
476 1673 610 1705 solliche
636 1683 677 1704 zu
702 1673 803 1704 sehen
830 1673 955 1714 begert,
981 1672 1196 1704 iiberschicke
1221 1674 1276 1706 ich
1300 1675 1361 1706 ims
1386 1674 1446 1706 mit
1470 1674 1654 1711 nechstem,
1681 1673 1812 1706 daichs
1829 1673 1935 1711 αΠἿ-
1939 1675 1940 1678 ’

109 1722 228 1754 wieder
251 1722 372 1764 richtig
397 1721 586 1757 bekomme,
614 1720 702 1751 daun
727 1720 781 1752 ich
805 1720 919 1751 keines
943 1723 1064 1751 wiisste
1091 1720 1291 1754 anderwerts
1321 1722 1478 1754 widrumb
1512 1732 1554 1753 zu
1585 1721 1730 1754 erobern-
1781 1720 1858 1754 Und
1883 1719 1937 1761 dtj'

109 1769 163 1802 ich
187 1769 256 1801 Ime
280 1770 341 1800 mit
364 1769 545 1800 mehrerem
569 1767 751 1799 willfahren
775 1767 882 1805 kann,
907 1767 968 1798 hat
993 1778 1028 1799 er
1051 1767 1139 1799 mich
1173 1769 1284 1801 allzeit
1308 1769 1419 1811 willig.
1469 1768 1523 1801 De
1548 1768 1620 1801 aliis
1647 1769 1784 1801 aliorum
1819 1769 1937 1802 obser-

110 1817 295 1849 vationibus
320 1817 416 1857 plura
439 1816 591 1857 proximis
616 1815 719 1846 literis
746 1824 854 1856 agam.
906 1814 1023 1846 Damit
1048 1814 1107 1847 etc.

205 1887 299 1919 Haec
323 1887 526 1919 Herwartus.
554 1886 735 1927 Responsio
761 1885 898 1927 Kepleri
925 1887 1074 1928 aliaeque
1101 1887 1283 1928 complures
1310 1888 1457 1927 ejusdem
1480 1887 1598 1920 literae
1625 1887 1743 1919 desunt
1758 1888 1793 1919 in
1817 1887 1938 1929 codi3

112 1935 378 1976 Petropolitan03
404 1934 438 1965 in
463 1934 663 1966 bibliotheca
687 1943 762 1965 vero
789 1934 885 1965 acad.
912 1933 1045 1966 Monac.
1072 1934 1342 1975 deprehendimus
1367 1935 1481 1967 literas
1505 1934 1572 1967 illic
1598 1934 1821 1972 desideratas,
1847 1944 1881 1976 q
1899 1930 1935 1961 st

79 2018 84 2029 Ι
112 1982 203 2014 dedit
227 1982 390 2022 Keplerus
415 1981 587 2012 Herwarto
614 1981 644 2012 d.
674 1979 728 2011 29.
755 1980 852 2020 Jan.‚
881 1979 935 2011 14.
965 1980 1055 2021 Sept.
1082 1985 1116 2012 et
1146 1979 1186 2012 14
1211 1982 1294 2014 Dec.
1323 1980 1434 2019 1599,
1464 1980 1517 2013 12.
1544 1981 1610 2014 Jul.
1639 1979 1743 2018 1600.
1771 1991 1789 2014 e
1814 1982 1903 2023 quin
1925 1979 1932 2012 ἶ

112 2039 164 2066 ea,
191 2039 275 2070 quae
300 2029 364 2061 huc
388 2029 570 2069 pertinent.
600 2028 756 2059 addenda
780 2031 866 2059 sunt.
917 2028 966 2059 Ex
990 2028 1091 2060 literis
1118 2028 1147 2060 d.
1177 2029 1208 2060 d.
1237 2027 1291 2060 29.
1318 2029 1396 2061 Jan.
1425 2026 1527 2063 1599,
1552 2029 1587 2060 1ιι
1612 2029 1728 2070 quibus
1759 2029 1802 2061 ad
1827 2037 1912 2071 quae

111 2077 253 2108 stionem
278 2076 318 2107 de
345 2077 574 2116 conjunctione
599 2075 738 2106 Veneris
765 2079 798 2107 et
822 2074 993 2110 Mercurii,
1021 2075 1061 2106 de
1086 2072 1268 2108 Ptolemaei
1295 2080 1328 2108 et
1354 2076 1525 2118 Copernici
1558 2076 1857 2114 observationibus,
1904 2072 1930 2093 *⁴

112 2119 153 2156 de
179 2123 351 2165 eclipsibus
375 2122 556 2163 respondit,
582 2122 665 2154 haec
692 2126 824 2154 tantum
849 2122 1084 2154 desumsimus:

231 2217 293 2256 De
313 2217 575 2256 Wernero:
610 2217 813 2268 opuscula,
836 2229 936 2269 quae
967 2217 1185 2265 annotasti,
1208 2217 1271 2257 hic
1304 2223 1408 2258 sunt.
1443 2218 1643 2258 Libellum
1675 2216 1926 2258 observatio

115 2288 206 2316 uum
239 2275 446 2326 Tubingae
478 2276 558 2315 vidi
591 2276 694 2327 apud
725 2276 998 2321 Maestlinum,
1033 2288 1145 2327 quem
1180 2277 1323 2317 solitus
1357 2282 1421 2317 est
1453 2277 1584 2317 dicere
1617 2289 1804 2328 magnum
1835 2276 1923 2317 the.

117 2346 291 2375 saurum.
354 2334 454 2386 Ejus
488 2336 692 2387 exemplar
723 2335 962 2386 superfluum
995 2335 1275 2388 existimabam
1306 2337 1412 2388 apud
1444 2349 1516 2376 vos
1549 2341 1750 2388 repertum
1779 2335 1842 2375 iri.

209 2449 436 2491 (Herwartusz
465 2451 583 2490 „Quod
609 2452 648 2483 de
674 2452 820 2484 Werneri
847 2452 1123 2484 observationibus
1149 2453 1279 2490 scribis,
1306 2455 1412 2485 miror.
1464 2452 1500 2485 Si
1530 2453 1670 2490 scirem,
1698 2456 1811 2485 extare
1842 2451 1901 2484 1111
1919 2450 1926 2492 j
1949 2489 1953 2497 ι

116 2499 376 2534 observationes.
402 2499 585 2530 omnimodo
612 2509 780 2535 curarem,
807 2503 844 2530 ut
869 2500 1006 2540 adipisci
1030 2500 1184 2540 posset“;
1226 2501 1368 2533 deinde:
1405 2501 1554 2543 „Wegen
1579 2500 1637 2532 des
1662 2498 1812 2532 werneri
1834 2498 1918 2544 Βιιῃ1

114 2544 154 2576 de
181 2545 469 2577 observationibus
495 2546 594 2586 ipsius
626 2546 690 2578 hab
727 2547 780 2578 ich
807 2546 984 2578 Schreiben
1016 2557 1077 2578 von
1102 2548 1419 2581 unterschiedlichen
1457 2551 1559 2589 guten
1586 2547 1706 2584 Orten,
1734 2556 1793 2579 aus
1817 2545 1869 2578 N‘'
1899 2563 1903 2573 ι

114 2640 174 2670 wie
201 2640 284 2671 doch
311 2640 368 2671 der
391 2640 506 2671 titulus
533 2641 713 2682 eigentlich
738 2641 822 2672 solte
848 2641 1038 2673 beschaffen
1064 2639 1197 2682 seyn.“)

207 2686 372 2724 Inliteris
398 2688 429 2718 d.
456 2687 486 2719 d.
515 2685 569 2718 14.
597 2686 687 2728 Sept.
717 2686 807 2719 1599
834 2689 978 2720 maxima
1003 2699 1042 2720 ex
1067 2693 1159 2729 parte
1184 2689 1348 2730 Keplerus
1373 2688 1502 2720 disserit
1526 2687 1567 2719 de
1593 2689 1805 2728 quaestione,
1837 2702 1865 2715 ι»

114 2733 303 2764 Herwartus
334 2735 436 2765 movit
474 2735 535 2772 „de
569 2734 742 2767 harmonia
775 2735 887 2766 mundi
922 2745 980 2766 seu
1018 2740 1181 2768 concentu
1214 2739 1340 2777 septem
1369 2735 1618 2776 planetarum,“
1647 2735 1690 2767 ad
1713 2735 1884 2768 Hermoni
1909 2766 1919 2775 ,

114 2779 249 2819 Kepleri
274 2781 380 2820 ipsam
405 2782 599 2819 referenda,
631 2782 818 2822 praemissis
844 2782 884 2813 de
909 2784 996 2814 vitae
1032 2784 1159 2814 ratione
1183 2782 1387 2814 instituenda
1411 2782 1511 2813 animi
1536 2783 1704 2817 sensibus,
1737 2782 1852 2824 quibus
1875 2787 1910 2815 2⁴

117 2825 248 2865 spondit
273 2826 321 2857 his
348 2827 511 2860 Herwarti
537 2829 577 2860 de
604 2829 760 2870 Tychone
786 2830 936 2860 nunciis:
964 2828 1012 2867 (in
1037 2830 1138 2863 literis
1165 2830 1195 2862 d.
1224 2829 1278 2860 20.
1305 2826 1388 2868 Jul.)
1417 2828 1550 2868 „Tyeho
1567 2830 1658 2861 venit
1673 2829 1828 2871 magam,
1846 2838 1920 2865 1¹⁰·

116 2871 192 2903 dum
218 2877 331 2905 tamen
356 2875 397 2906 ab
423 2875 618 2940 imperatore
645 2876 849 2908 audientiam
876 2877 1070 2917 impetravit,
1095 2878 1144 2908 ita
1167 2881 1205 2908 ut
1228 2877 1395 2907 nesciatur
1420 2876 1537 2911 adhuc,
1564 2877 1720 2918 numquid
1744 2877 1787 2908 ibi
1810 2875 1906 2917 ped

116 2919 158 2950 sit
186 2919 316 2955 fixurus,
336 2921 462 2953 necne“
479 2923 624 2957 ;deinde
644 2922 691 2961 (in
711 2924 811 2955 literis
830 2923 859 2954 d
875 2922 928 2954 ⁹9
951 2922 1072 2965 Aug-2)
1102 2923 1237 2963 „Tycho
1262 2921 1372 2954 Brahe
1396 2922 1574 2962 perlustrat
1595 2928 1707 2955 castra
1727 2925 1888 2964 imperat·
1909 2929 1913 2933 ⁴

114 2966 147 2996 in
174 2964 343 3002 nehemia,
370 2977 529 3006 quaerens
555 2970 660 3001 locum
687 2971 903 3006 commodum,
929 2971 984 3002 ubi
1010 2971 1121 3002 sedem
1147 2971 1228 3012 figat
1254 2974 1288 3002 et
1304 2970 1580 3003 observationibus
1599 2971 1792 3002 coelestibus
1818 2979 1900 3002 vau

115 3011 232 3042 salario
260 3009 351 3043 3000
377 3014 571 3046 florenorum
598 3026 777 3047 annuorum
806 3016 847 3057 (si
873 3018 968 3049 modo
994 3027 1073 3051 vera
1099 3022 1150 3049 est
1173 3015 1278 3054 fama)
1315 3016 1356 3047 ab
1394 3017 1589 3059 imperatore
1621 3018 1653 3049 in
1685 3017 1850 3051 servitium
1902 3047 1907 3054 ,,
