1982 3268
121 79 178 124 60
577 75 579 79 ’
906 78 1120 112 Prooemium.

116 199 191 222 vero
216 188 364 230 Kepleri‚
390 196 475 230 quae
492 186 704 219 Pr0dromum
729 186 905 219 subsecuta
928 190 1014 226 sunt,
1041 195 1094 223 ea,
1118 195 1204 229 quae
1228 195 1269 219 ex
1292 186 1388 219 dictis
1412 185 1625 221 voluminibus
1648 186 1914 221 desumttaddi·

117 237 239 274 dimus,
265 235 353 268 haud
378 235 468 277 parvi
492 238 570 266 sunt
594 234 762 266 momenti.
1977 254 1982 284 ¹

209 284 297 324 Jam,
323 284 498 316 redeuntes
516 282 559 314 ad
575 281 851 319 Herwartum,
876 281 970 318 haec,
998 281 1228 314 concludentes
1252 281 1340 314 hanc
1364 281 1575 323 praefationis
1597 285 1736 324 partem,
1763 280 1917 316 addenda
1976 285 1982 316 i

116 332 311 366 censuimus.
359 331 503 364 Primum
529 329 612 362 adiit
635 329 816 372 Keplerum
840 329 1040 366 Herwartus,
1068 328 1302 376 chronologicis
1326 330 1441 362 studiis
1467 333 1663 372 occupatus.
1687 340 1747 372 per
1769 330 1914 362 Christo·
1976 317 1982 361 ³:

115 380 250 422 phorum
275 379 546 422 Grienbergerum
571 387 589 410 e
615 377 690 410 Soc.
715 377 815 414 Jesu,
849 380 919 408 tum
942 377 1094 418 temporis
1121 377 1261 410 Graetiis
1294 377 1500 411 mathemata
1522 377 1750 419 profitentem,
1785 381 1915 416 aestate

116 428 194 460 anni
221 425 328 465 1597,
354 426 523 460 Lucani
548 425 671 458 dictum
697 425 740 457 ad
765 429 888 457 certum
913 434 1035 456 annum
1057 425 1178 457 referre
1203 426 1357 467 cupiens,
1393 435 1454 468 quo
1483 425 1659 464 „Lucanus
1682 429 1834 458 recenset
1857 425 1914 457 ob-

117 475 333 508 servationem
359 473 626 510 constellationis,
655 482 753 515 quam
770 472 920 515 Nigidius
938 472 1072 514 Figulus
1089 471 1345 507 Mathematicus
1371 478 1450 506 ante
1474 473 1594 506 bellum
1614 473 1708 506 civile
1725 473 1762 506 C.
1778 473 1812 506 J.
1830 471 1914 506 Cae·

116 524 220 560 saris,
246 523 295 555 vel
322 523 439 556 saltem
463 521 625 563 Augusti,
653 520 853 553 observavit“
881 518 995 561 (verba
1018 518 1209 561 Herwarti).

215 619 265 652 Ad
290 620 377 653 hanc
401 621 629 663 quaestionem
652 619 819 662 respondit
842 619 1046 661 Keplerus
1071 619 1157 652 hunc
1181 620 1215 652 in
1239 619 1389 653 modum:

238 690 338 732 Cum
369 692 408 731 in
440 693 514 732 hoc
545 692 755 744 dignitatis
788 691 949 743 fastigio
982 691 1202 732 collocatus
1243 691 1494 733 nihilominus
1532 691 1737 733 literarum
1766 690 1914 740 studia,
1967 709 1972 721 1

117 751 324 792 lectionem
358 751 613 792 historiarum
645 757 687 792 et
718 751 944 792 matheseos
976 751 1243 804 cognitionem
1274 764 1397 800 ames,
1431 764 1506 792 non
1538 763 1702 805 possum
1734 750 1913 803 equidem
1971 747 1973 749 ’

116 810 199 859 tibi,
234 811 309 851 Vir
341 812 430 852 nob.
453 817 495 852 et
525 812 657 864 ampl„
692 824 768 851 non
800 811 1004 863 gratulari,
1036 816 1174 863 utpote
1205 811 1268 852 cui
1299 811 1396 851 nihil
1427 810 1598 851 omnium
1629 823 1760 851 rerum
1785 810 1911 858 deest,
1965 835 1971 846 -.

116 883 216 922 quae
250 870 312 910 vel
343 871 429 923 ipse
461 871 705 911 Aristoteles
748 870 787 911 in
833 884 905 910 sua
947 870 1150 911 felicitatis
1188 871 1279 911 idea
1316 870 1529 911 desideret.
1593 869 1682 916 Quo
1714 868 1913 912 lubentius
1964 870 1975 896 ³

116 929 310 970 desiderio
343 937 423 979 tuo,
458 931 563 983 quod
582 930 709 970 literis
729 931 780 970 ad
800 930 850 971 D.
873 929 1204 982 Grienbergerum
1236 931 1343 971 datis
1375 934 1550 970 testatus
1581 943 1638 978 es,
1671 929 1907 970 satisfacere
1970 934 1976 980 ξ

115 989 321 1038 contendo,
354 989 583 1042 propositae
605 989 849 1043 quaestionis
871 990 1132 1044 explicatione
1153 990 1327 1043 scripta:
1361 1003 1439 1030 non
1458 989 1628 1043 quidem,
1664 989 1767 1041 quod
1791 989 1853 1029 ita
1883 1001 1908 1028 a
1959 1018 1963 1023 .

115 1048 268 1088 nemine
301 1062 420 1101 quam
452 1063 476 1090 a
507 1062 570 1090 me
602 1049 749 1090 rectius
781 1049 864 1090 fieri
898 1061 1014 1102 posse
1045 1062 1259 1101 sperarem,
1293 1049 1363 1089 sed
1390 1049 1482 1102 quia
1500 1048 1749 1090 occasionem
1769 1048 1908 1088 deme-
1961 1054 1977 1098 f.

116 1108 226 1148 rendi
257 1108 351 1148 mihi
384 1109 488 1149 tanti
520 1109 616 1158 viri,
664 1109 776 1160 cujus
808 1109 902 1148 mihi
934 1122 1044 1160 spem
1075 1109 1224 1149 faciunt
1253 1109 1345 1149 illae
1381 1108 1495 1161 ipsae
1537 1108 1702 1153 literae,
1746 1107 1908 1149 mirifice
1965 1158 1968 1162 ,

117 1168 372 1208 deosculatus
405 1182 503 1208 sum.
549 1168 851 1208 Resolutionem
885 1174 1016 1208 autem
1047 1169 1175 1220 ipsam
1199 1181 1276 1208 non
1298 1168 1378 1208 alia
1397 1167 1539 1221 scripsi
1558 1167 1758 1217 methodo,
1792 1180 1909 1221 quam

115 1240 174 1276 ea,
209 1239 286 1279 qua
317 1233 437 1268 natae
470 1228 566 1268 mihi
597 1233 690 1268 sunt
721 1228 768 1268 de
799 1228 889 1281 ipsa
921 1228 1150 1280 quaestione
1182 1227 1466 1280 cogitationes:
1509 1240 1608 1280 quae
1646 1227 1774 1268 forma
1805 1226 1909 1268 scri-
1952 1255 1954 1258 -

115 1287 233 1327 bendi
266 1287 341 1327 etsi
373 1287 482 1327 rudis
514 1292 556 1328 et
586 1287 747 1340 indigna
779 1288 951 1328 fortasse
983 1292 1096 1328 tanto
1127 1288 1274 1328 lectore
1307 1292 1383 1335 est,
1414 1292 1548 1328 tamen
1574 1287 1624 1327 ob
1651 1286 1692 1326 id
1710 1285 1805 1327 mihi
1830 1299 1907 1339 po·
1955 1328 1958 1331 Δ

114 1346 311 1395 tissimum
343 1347 490 1395 arrisit,
522 1351 567 1387 ut
597 1359 668 1399 per
699 1360 787 1387 eam
817 1351 975 1400 pateret
1005 1360 1092 1387 cum
1123 1348 1219 1389 fides
1251 1360 1339 1387 mea
1369 1347 1409 1387 iu
1434 1347 1508 1387 hac
1535 1345 1798 1399 explicat-ione
1830 1345 1906 1387 ad·
1952 1390 1953 1396 ¹

114 1405 241 1446 hibita
271 1411 354 1446 tum
387 1406 601 1447 difficultas
632 1406 671 1446 in
706 1407 788 1447 alia
818 1407 1089 1459 confingenda.
1148 1406 1298 1454 Quibus
1328 1406 1366 1446 in
1398 1405 1567 1459 pagellis
1599 1405 1635 1446 si
1665 1405 1759 1457 quid
1787 1418 1906 1459 repe-
1938 1437 1945 1450 ,

114 1465 226 1514 reris,
261 1466 364 1519 quod
395 1466 566 1518 placeat,
599 1471 642 1506 et
673 1466 722 1507 ob
755 1467 859 1519 quod
888 1479 949 1506 me
981 1471 1050 1506 tuo
1077 1466 1235 1518 dignum
1255 1467 1393 1506 favore
1410 1478 1588 1514 censeas,
1622 1464 1726 1518 quod
1755 1465 1907 1505 utinam

115 1537 191 1564 non
223 1524 337 1565 irrita
369 1525 463 1565 mihi
495 1525 734 1566 confidentia
770 1526 1074 1578 persuaderem,
1121 1526 1204 1578 ejus
1248 1525 1303 1566 rei
1341 1524 1672 1566 demonstrandae
1709 1524 1907 1578 geminam
1944 1533 1946 1536 ’

114 1584 364 1624 occasionem
396 1598 484 1625 cum
515 1585 674 1637 optione
706 1598 906 1637 propono,
952 1590 997 1625 ut
1029 1589 1099 1624 aut
1129 1598 1190 1625 me
1222 1585 1271 1625 D.
1302 1585 1510 1633 Ficklero,
1554 1584 1639 1625 viro
1671 1583 1904 1631 clarissimo,
1959 1601 1967 1608 ¹

116 1643 180 1696 qui
213 1644 561 1694 consanguinitate
593 1649 782 1697 parentes
804 1657 913 1684 meos
933 1643 1108 1696 attingit,
1143 1644 1404 1693 commendes,
1439 1648 1508 1685 aut
1537 1643 1906 1687 mathematicorum
1942 1655 1945 1658 ·

113 1702 349 1743 vestratium
375 1703 526 1755 judicia
559 1704 606 1743 de
638 1716 726 1743 meo
758 1717 881 1756 nuper
913 1704 1019 1743 edito
1052 1704 1205 1757 libello,
1249 1717 1325 1744 non
1370 1703 1493 1744 refert
1536 1716 1652 1756 quam
1685 1703 1779 1743 mihi
1809 1715 1904 1755 pro·-

113 1761 226 1814 pitia,
259 1768 509 1815 extorqueas,
543 1768 662 1815 atque
696 1764 747 1803 ad
772 1776 833 1803 me
853 1763 1018 1815 perferri
1044 1763 1194 1810 (sinon
1214 1768 1446 1816 arroganter
1464 1764 1578 1814 peto)
1597 1775 1668 1815 pro
1689 1761 1904 1802 autoritate

114 1827 184 1861 tua
208 1822 366 1874 jubeas.
431 1823 477 1862 Id
509 1835 626 1875 quarn
657 1822 755 1862 meis
793 1823 910 1863 rebus
949 1823 1194 1875 profuturum
1237 1823 1312 1872 sit,
1358 1823 1623 1876 conjecturam
1655 1834 1704 1862 ex
1733 1821 1813 1861 illa
1835 1826 1910 1861 tua'

115 1880 287 1932 epistola
319 1882 444 1933 capio,
480 1894 580 1934 quae
613 1882 980 1935 adeff'qffiibusdani
1011 1894 1059 1922 ex
1091 1895 1177 1922 meo
1197 1882 1431 1934 magistratu
1455 1881 1618 1933 placuit,
1651 1886 1695 1921 ut
1724 1880 1820 1921 nihil
1853 1879 1903 1920 ad

113 1952 241 1980 meum
279 1941 465 1981 honorem
509 1941 805 1982 convenientius
850 1938 1028 1990 accidere
1034 1942 1250 2012 yotuisse
1295 1941 1528 1981 existimem.
1591 1940 1695 1980 Vale
1726 1939 1829 1981 Nob.
1862 1943 1937 1979 et*

114 1998 246 2051 Ampl.
268 2000 354 2047 Vir,
390 2005 430 2039 et
462 2000 495 2040 si
528 2000 619 2052 quid
651 2000 732 2040 dixi
762 2000 889 2041 minus
922 1990 1382 2049 forsaccommodatum,
1416 1999 1783 2040 mathematicorum
1814 2011 1901 2040 mo-
1931 2047 1933 2049 ,

114 2058 220 2098 ribus
252 2059 444 2099 condona.
501 2058 550 2100 17
578 2058 689 2111 Sept.
729 2052 851 2102 1597.
1618 2074 1621 2076 ·

606 2119 710 2159 Nob.
744 2125 784 2159 et
816 2120 947 2171 Ampl.
982 2119 1027 2158 T.
1353 2117 1622 2158 deditissimus

1239 2178 1299 2218 M.
1332 2178 1544 2218 Johannes
1571 2174 1741 2230 Kepler.

1062 2237 1119 2277 ΙΙΙ.
1155 2235 1314 2289 Styriae
1345 2250 1549 2290 procerum
1580 2236 1902 2278 Mathematicus.

1782 2322 1801 2330 ρ

207 2352 282 2385 Hae
322 2352 458 2395 Kepleri
491 2354 605 2386 literae
654 2355 771 2389 desunt
808 2357 841 2388 in
877 2355 1067 2387 collectione
1111 2354 1369 2396 Petropolitana;
1417 2354 1629 2387 desumsimus
1667 2363 1724 2387 eas
1766 2364 1794 2388 e‘
1825 2354 1904 2388 libro
1922 2356 1928 2365 ⁶

114 2401 148 2433 F.
178 2400 313 2432 Paula
347 2399 392 2432 de
433 2401 640 2439 Schrank,
678 2414 775 2446 quem
810 2403 993 2444 inscripsit:
1031 2402 1222 2444 Sammlung
1254 2403 1460 2435 naturhistor.
1498 2413 1529 2434 u.
1573 2402 1697 2444 physik.
1735 2402 1927 2435 Aufsstze.·‘
1980 2438 1982 2443 ,

114 2447 224 2481 Norib.
245 2445 348 2483 1796,
372 2449 406 2480 in
431 2459 492 2490 quo
517 2449 577 2481 has
604 2460 676 2482 cum
701 2452 801 2483 tribus
827 2454 983 2492 sequente
1009 2460 1093 2482 anno
1120 2450 1162 2482 ad
1184 2450 1390 2482 Herwartum
1413 2450 1540 2492 scriptis
1563 2450 1662 2482 literis
1686 2449 1821 2491 Kepleri
1844 2446 1903 2482 imss
1927 2463 1929 2465 ¹
1978 2445 1982 2454 ³

114 2494 298 2536 primendas
324 2497 464 2533 curavit,
491 2497 655 2530 desumtas
682 2509 699 2530 e
724 2498 951 2538 manuscriptis
977 2497 1137 2529 Herwarti
1161 2499 1194 2529 in
1218 2498 1413 2530 bibliotheca
1430 2496 1678 2529 Landshutiana
1703 2495 1806 2536 (nnnc
1830 2496 1903 2531 Mo·
1947 2495 1950 2502 '
1980 2492 1982 2501 '

115 2540 240 2582 nachii)
268 2544 476 2575 conservatis.
528 2544 621 2583 Quae
647 2546 773 2578 addidit
796 2545 957 2586 Keplerus
983 2544 1044 2576 illis
1069 2545 1189 2580 literis,
1214 2547 1373 2586 separatis
1396 2545 1579 2586 conscripta
1602 2544 1686 2576 foliis
1709 2544 1806 2586 plane
1829 2554 1913 2586 pert.

114 2591 220 2622 tinent
256 2589 299 2622 ad
336 2592 559 2632 quaestionem
597 2594 638 2624 ab
669 2594 839 2625 Herwarto
871 2592 1088 2634 propositam,
1115 2602 1214 2633 quare
1238 2593 1291 2624 hic
1317 2592 1496 2624 omittenda
1518 2591 1576 2624 illa
1601 2600 1781 2624 censemus.
1829 2590 1922 2624 Hoc

115 2641 243 2669 tantum
268 2637 414 2670 addimus
439 2640 648 2681 respicientes
674 2641 716 2672 ad
743 2640 983 2672 conclusionem
1006 2640 1172 2672 literarum
1196 2640 1352 2681 Kepleri,
1390 2638 1567 2680 Keplemm
1597 2643 1774 2680 cognatum
1804 2639 1923 2682 fuisse¹

115 2685 165 2716 .Ιο.
199 2685 297 2716 Mioh.
330 2686 498 2726 Ficklero,
537 2688 601 2719 filio
637 2687 689 2720 .Ιο.
727 2688 866 2719 Fickleri
902 2687 1073 2724 Wilensis‚
1119 2689 1208 2728 cujus
1251 2691 1355 2719 mater
1394 2695 1481 2718 soror
1516 2686 1577 2718 fuit
1608 2685 1755 2724 Mulleri,
1793 2685 1906 2728 proavi

115 2731 259 2772 Kepleri.
323 2733 374 2765 .Ιο.
416 2733 517 2766 Mich.
561 2735 745 2771 Ficklerus,
785 2745 928 2766 assessor
969 2744 1119 2767 camerae
1161 2734 1334 2776 Spirensis,
1384 2733 1535 2765 fundator
1574 2733 1724 2775 stipendii
1773 2733 1910 2778 Ficus-4¹
1975 2765 1977 2768 ,

115 2779 217 2816 riam,
255 2789 315 2820 quo
352 2781 488 2821 posthac
512 2783 677 2815 fruebatur
707 2782 839 2823 Kepleri
871 2783 953 2813 filius
980 2783 1184 2818 Ludovicus,
1218 2781 1356 2813 decessit
1387 2789 1472 2812 anno
1501 2778 1600 2814 1587.
1650 2780 1724 2812 Joh.
1750 2780 1910 2822 Baptista}-

117 2825 292 2863 Ficklerus‚
319 2837 413 2867 quem
438 2839 535 2870 supra
559 2830 720 2871 Keplerus
746 2830 835 2866 dicit,
862 2829 962 2861 frater
987 2834 1058 2861 erat
1082 2830 1151 2861 sine
1176 2829 1270 2860 dubio
1294 2828 1390 2863 illius,
1415 2829 1511 2860 theol.
1531 2833 1563 2860 et
1577 2828 1747 2869 Jurisprud.
1765 2826 1901 2864 Donum

118 2871 265 2905 electoris
301 2873 515 2908 Maximiliani
547 2877 572 2908 Ι.
611 2882 801 2918 praeceptor
819 2901 827 2913 ‚
863 2877 1062 2909 consiliarius
1100 2881 1133 2908 et
1162 2875 1397 2918 protonotarius
1434 2875 1697 2918 Salishurgensis.
1726 2872 1768 2898 —'
1793 2874 1904 2914 Prima

119 2919 324 2960 epistolarum
355 2921 579 2961 Herwarti,
619 2935 702 2966 quae
735 2926 845 2956 insunt
880 2925 982 2956 codici
1005 2923 1270 2964 Petropolitano‚
1308 2921 1387 2953 data
1418 2922 1583 2954 Monachii
1614 2923 1645 2954 d.
1674 2920 1718 2954 24
1744 2921 1817 2954 Oct.
1843 2916 1915 2962 97«,

117 2967 201 2998 haec
233 2966 350 2998 habet:
389 2968 500 3001 Salute
531 2975 562 3002 et
587 2972 761 3004 officiorum
793 2972 1031 3013 studiorumque
1067 2971 1226 3002 oblatione
1262 2970 1445 3010 praemissis
1492 2971 1660 3002 certiorem
1697 2973 1731 3000 te
1767 2968 1865 3002 redde
1885 2965 1911 2997 .’

118 3013 214 3049 volui,
241 3013 297 3045 Vir
321 3014 530 3052 Doctissime.
565 3017 673 3050 literas
698 3029 749 3051 me
774 3024 847 3051 tuas
875 3018 927 3050 17.
955 3018 1044 3059 Sept.
1070 3018 1165 3049 datas
1188 3017 1270 3048 bene
1296 3016 1447 3057 quidem,
1482 3021 1628 3049 attamen
1657 3015 1812 3049 hesterna
1842 3015 1875 3048 d
1896 3020 1911 3054 ,’
1970 3019 1972 3021 ’

119 3070 207 3092 mum
232 3060 301 3097 die,
328 3064 502 3102 accepisse.
690 3080 692 3082 v
1834 3063 1861 3091 -“
1906 3058 1910 3062 ’

214 3107 373 3140 Laetatus
397 3108 440 3141 fui
467 3120 683 3152 summopere,
711 3122 804 3151 cum,
831 3113 891 3145 nisi
916 3122 967 3144 me
992 3112 1116 3144 animus
1141 3110 1237 3151 plane
1262 3110 1372 3147 fallat,
1397 3111 1629 3151 perspexerim,
1666 3109 1723 3142 tibi
1758 3109 1842 3142 haec
1866 3098 1907 3147 οἱ
