2028 3242
787 69 897 112 caput
917 68 1119 103 xlv—xv.
1777 68 1794 111 1
1803 67 1830 112 5
1838 62 1865 111 3

513 177 574 219 IN
605 175 794 219 CAPUT
822 175 1088 219 DECIMUM
1118 174 1401 223 QUARTUM

748 245 902 280 nom:
926 244 1165 280 merolus.

152 306 192 354 a)
222 306 398 357 Intellige
428 309 473 343 de
492 307 616 354 spatio
644 307 784 343 orbium
810 307 1051 356 geometrico:
1083 308 1129 342 dc
1158 306 1317 342 materia
1334 306 1441 348 enim,
1474 307 1544 342 hoc
1562 312 1632 348 est,
1665 308 1710 342 de
1732 317 1862 353 corpu·

46 361 167 398 lentia
183 361 421 398 adamantina
439 373 484 396 ne
502 361 738 397 Ptolemaeus
758 359 901 407 quidem
919 361 1012 397 adeo
1031 370 1156 396 crasse
1174 358 1470 406 philosophatur.

149 412 192 459 b)
220 412 422 458 Extremus
450 414 608 450 circulus
636 413 824 450 zodiacum
853 413 971 449 refert
1006 412 1046 449 in
1081 412 1171 449 orbe
1209 412 1373 454 stellato,
1412 412 1616 459 descriptus
1650 424 1699 448 ex
1738 418 1863 449 centro

46 467 179 510 mundi.
210 467 274 503 vel
298 467 412 503 ctiam
440 479 489 503 ex
508 467 624 516 globo
643 462 816 509 Ten-eno,
842 467 929 514 quia
948 470 1048 502 totus
1075 466 1174 501 orbis
1202 476 1359 513 magnus
1385 466 1432 501 ad
1450 477 1534 501 eum
1551 466 1775 502 insensibilis
1795 470 1865 502 est.

151 523 188 557 Δ
216 520 369 557 Saturni
399 525 578 568 systema,
610 520 880 556 concentricum
908 531 959 556 ex
978 519 1010 555 G
1031 524 1158 555 centro
1188 519 1286 555 orbis
1310 518 1449 566 magni.
1500 519 1533 555 B
1565 523 1730 567 systema
1747 520 1861 555 Jovis.

46 575 75 611 C
105 574 254 611 m.
305 573 343 610 D
360 573 528 610 circulu-
560 572 639 609 sivc
664 573 729 609 via
755 573 873 609 centri
899 573 1005 621 globi
1031 572 1183 608 Terreni
1210 572 1444 608 concentrica
1470 583 1520 608 cx
1549 577 1676 608 centro
1696 573 1752 616 G.
1784 584 1862 609 cum

0 666 2 669 ,
46 627 254 675 spa-cula
267 626 407 664 Lunari
437 627 579 663 duobus
609 626 700 662 locis
719 626 885 672 appicta.
934 627 1046 662 Duae
1077 636 1214 662 caecae
1247 626 1370 662 lineae
1390 625 1591 662 circulares
1611 626 1710 662 orbis
1729 626 1867 662 Terrae

0 694 2 697 ·
46 691 128 719 οιιιιι
156 680 424 717 inscrtaLuna
449 679 654 716 crassitiem
672 680 864 716 denotant»
906 681 940 716 Ε
966 679 1052 715 Duo
1070 679 1224 721 circelli.
1253 679 1484 715 delineautes
1514 679 1721 715 crassitiem
1741 683 1862 726 systo-

45 733 156 773 matis
173 733 345 776 Venerii,
375 733 477 770 insta
494 744 604 781 quam
631 733 746 768 omnis
765 733 848 778 ejus
878 737 1041 769 motuum
1070 732 1237 768 varietas
1269 732 1470 778 perficitur.
1527 733 1558 768 F
1574 732 1738 780 spatium
1768 732 1865 768 inter

46 787 141 823 duos
155 785 336 828 circellos,
359 786 399 822 in
416 798 488 834 quo
513 786 628 822 omnis
652 791 814 823 motuum
838 787 973 823 stellae
998 785 1172 822 Mercurii
1195 786 1361 822 varietas
1394 785 1591 832 perficitur.
1642 787 1676 823 G
1701 791 1867 823 centnun

46 839 214 883 omnium.
242 843 284 877 ct
297 850 415 896 prope
432 839 554 887 ipsum
572 850 705 886 corpus
726 839 872 876 Solare.

149 894 268 929 Arcu
285 903 355 940 per
373 892 404 928 Ο
423 897 463 929 ct
479 893 511 929 P
530 897 764 929 transeuntes
794 896 924 940 partes
954 896 1041 928 suut
1075 890 1380 938 eccentrepicycli
1400 891 1565 928 Saturni.
1614 891 1734 928 Linea
1752 904 1867 928 curva

46 957 115 995 pcr
133 946 166 988 Q
183 949 295 993 atquc
313 957 381 992 per
397 946 614 1002 perigaeum
632 946 789 993 epicycli
815 946 852 982 in
873 947 903 982 Ο
923 956 1095 994 apogaeo
1121 944 1323 981 excentrici
1354 945 1478 991 positi,
1511 949 1551 981 et
1567 956 1636 992 per
1655 956 1866 994 apogaeum

7 1014 9 1016 ·
46 999 239 1046 ejusdcm
227 1011 265 1035 ιιι
281 999 315 1035 P
343 999 520 1047 perigaeo
539 988 745 1041 ecoentrici,
778 1004 837 1036 est
862 999 925 1035 via
953 999 1132 1045 planctae
1163 997 1379 1034 eccentrica.
1430 999 1597 1035 Circulus
1630 999 1775 1046 quidem
1793 1011 1865 1035 non

45 1058 116 1096 est,
147 1055 211 1088 sed
241 1064 267 1091 a
284 1052 453 1089 circulari
476 1053 577 1089 linea
595 1053 822 1089 sensibiliter
846 1065 919 1089 non
937 1052 1070 1088 differt.
1120 1052 1175 1088 m
1205 1051 1395 1087 crassities
1427 1053 1569 1088 duobus
1603 1052 1748 1088 circulis
1781 1065 1866 1088 con·

47 1106 216 1143 centricis
240 1106 392 1147 inclusa,
427 1117 535 1153 quam
565 1107 627 1142 via
647 1107 797 1142 Saturni
826 1105 1033 1142 eccentrica
1063 1105 1133 1141 sibi
1163 1105 1335 1140 vindicat.
1382 1105 1500 1141 Linea
1528 1117 1641 1141 curva
1671 1106 1732 1141 vel
1762 1107 1864 1153 quasi

48 1160 204 1200 cirmlus
222 1171 291 1205 per
307 1160 347 1195 M
376 1162 416 1194 et
443 1171 511 1206 per
542 1171 753 1206 apogaeum
786 1159 942 1206 epicycli
971 1159 1006 1193 in
1028 1159 1080 1200 Ο,
1114 1163 1227 1205 atque
1255 1169 1323 1204 per
1349 1159 1567 1206 perigaenm
1586 1159 1749 1204 ejusdem
1782 1160 1818 1195 in
1837 1160 1866 1195 P

13 1211 16 1212 ⁷
47 1213 244 1254 transiens.
263 1212 487 1248 eccentricus
507 1217 576 1254 est,
610 1225 715 1259 quem
735 1213 970 1248 Ptolemaeus
1003 1223 1120 1258 aequ
1133 1216 1284 1247 antem
1310 1217 1431 1248 vocat.
1481 1212 1551 1247 KL
1571 1213 1758 1248 crassities
1779 1215 1866 1248 duo-

46 1268 115 1302 bus
134 1266 254 1302 caecis
273 1265 419 1302 circulis
437 1266 676 1301 concentricis
695 1266 915 1312 intercepta,
949 1276 1056 1312 quam
1077 1270 1179 1300 totus
1206 1265 1394 1310 epicyclus
1414 1270 1454 1300 et
1473 1276 1638 1311 aequans
1664 1266 1728 1301 illc
1746 1266 1866 1313 requi-

47 1324 144 1356 runt.
180 1319 343 1355 Plancta
362 1329 448 1354 vero
466 1319 570 1354 ultra
587 1320 623 1354 Β
643 1330 826 1365 nunquam
846 1318 1024 1359 ascendit,
1046 1330 1113 1353 nec
1132 1318 1229 1353 infra
1248 1318 1264 1353 1
1283 1319 1480 1353 descendit.

153 1371 339 1408 similibus
370 1372 660 1418 particularibus
689 1373 838 1407 orbibus
871 1376 1018 1407 ceterae
1033 1372 1216 1417 sphaerae
1236 1371 1348 1406 etiam
1367 1372 1562 1407 distinctae
1591 1371 1865 1420 intelligantur,

18 1432 27 1464 ᾗ
49 1425 111 1472 qui
129 1429 265 1467 tamen,
297 1436 344 1460 ne
363 1424 558 1461 multitudo
587 1426 766 1460 linearum
796 1425 987 1472 negotium
1019 1424 1141 1470 potius
1168 1425 1394 1466 obscuraret,
1428 1435 1536 1471 quam
1556 1425 1775 1467 declararet,
1807 1426 1867 1460 hic

26 1507 31 1525 3
52 1478 279 1514 omittuntur.
328 1478 414 1513 Ideo
433 1477 470 1513 in
487 1479 580 1513 Jove
601 1484 640 1513 et
658 1479 779 1513 Marte
798 1479 859 1513 via
883 1489 1008 1513 eorum
1037 1477 1242 1512 eccentrica
1271 1479 1414 1524 duoque
1440 1489 1521 1514 eam
1548 1478 1777 1514 continentes
1798 1478 1864 1514 cir·

51 1531 124 1567 culi
142 1530 373 1572 concentu-ici,
402 1530 439 1565 in
458 1531 592 1566 ceteris
612 1532 681 1566 soli
701 1531 920 1567 concentrici
939 1531 1114 1576 descripti
1133 1530 1329 1566 sufficiunt.

133 1622 139 1626 ,
155 1583 289 1631 Spatia
306 1583 534 1620 intermedia.
573 1585 606 1620 R
626 1586 727 1620 locus
747 1585 841 1627 cubi,
870 1585 895 1620 S
915 1584 1105 1625 teti-aedri,
1138 1584 1166 1618 T
1186 1583 1414 1626 dodecaedri,
1436 1585 1467 1619 V
1486 1584 1677 1627 icosaedri,
1705 1582 1749 1620 Xv
1761 1589 1865 1620 octa·

52 1637 141 1674 edri.
177 1637 213 1674 N
230 1641 291 1673 cst
306 1636 468 1683 spatium
486 1637 584 1673 inter
600 1638 799 1674 Saturnum
818 1642 857 1673 et
875 1638 984 1679 fixas,
1017 1637 1157 1673 infinito
1184 1637 1313 1672 simile

145 1689 240 1722 Hace
255 1688 419 1730 chlorus
436 1690 609 1722 annotavit
632 1691 666 1722 in
690 1689 808 1722 tabula
831 1690 914 1731 ipsa.
954 1690 1120 1730 Inscripta
1145 1694 1215 1721 est·
1243 1688 1383 1722 'fabella
1408 1689 1585 1722 ostendens
1611 1699 1722 1723 veram
1748 1690 1864 1732 ampli·

31 1777 39 1787 Α,
57 1736 204 1780 Q
228 1735 353 1769 orbium
377 1736 568 1769 coelestium
593 1742 627 1770 ct
650 1738 909 1773 interstitiorum,
936 1737 1115 1770 secundum
1139 1746 1291 1768 numeros
1315 1740 1351 1769 et
1373 1737 1572 1770 sententiam
1599 1737 1782 1780 Copernici.

157 1781 197 1828 c)
225 1785 259 1820 E
288 1785 440 1832 regione
468 1785 570 1826 sitos,
598 1790 641 1821 ut
670 1785 901 1826 577—635,
931 1785 984 1820 sic
1011 1784 1234 1820 333-333.

4 1847 6 1849 ’
35 1858 45 1875 ;
157 1835 196 1880 d)
226 1837 295 1874 Si·
283 1849 322 1873 ιιι
341 1831 371 1877 D‘
386 1849 460 1873 non
478 1849 600 1874 sumas
622 1838 715 1879 577,
746 1838 887 1874 radium
906 1838 1072 1884 inscripti
1091 1839 1285 1879 octaedro,
1318 1838 1381 1874 sed
1403 1836 1496 1880 707,
1528 1838 1672 1874 radium
1690 1838 1856 1884 inscripti

36 1891 233 1937 quadrato
252 1890 434 1926 octaedri:
454 1897 541 1926 tunc
560 1892 631 1926 iste
651 1903 722 1926 non
741 1893 894 1927 ιιιιιΙιιιιιι
913 1892 1098 1937 discrepat
1118 1902 1141 1926 a
1162 1891 1249 1926 723.

40 1949 49 1994 ζ
159 1939 200 1988 e)
230 1942 300 1979 Hic
325 1945 515 1990 proportio
545 1944 685 1980 orbium
704 1945 799 1980 Solis
819 1950 858 1980 et
875 1946 1003 1980 Lunae
1030 1944 1229 1979 assumitur
1248 1955 1306 1986 ea,
1342 1955 1436 1990 quae
1469 1943 1519 1980 20
1540 1946 1586 1980 ad
1610 1946 1627 1980 1
1643 1972 1652 1987 ,
1685 1949 1864 1992 quantam

37 1995 169 2032 tradit
186 1996 411 2032 astronomia
429 1997 584 2044 antiqua
601 1997 758 2033 circiter.
796 2001 849 2033 At
867 2000 980 2033 doceo
1000 1998 1065 2032 lib.
1086 1998 1147 2033 1v.
1168 1997 1368 2043 Epitomes,
1390 1998 1485 2044 quod
1503 1997 1571 2033 illa
1584 1998 1632 2033 sit
1650 1998 1728 2034 fere
1747 1998 1863 2044 triplo

43 2048 190 2094 landon
221 2049 291 2085 etsi
309 2049 348 2084 in
364 2049 670 2095 Ephemeridibus
702 2051 882 2086 modestia
907 2051 1065 2097 quadam
1093 2062 1179 2085 usus
1210 2051 1384 2097 usurpavi
1417 2050 1518 2086 illam
1538 2051 1727 2098 sesquiplo
1745 2052 1864 2096 majo-

35 2111 55 2147 ,ιι
82 2113 141 2143 ιιι.
160 2102 239 2138 scil.
259 2113 342 2138 eam
361 2114 457 2148 quae
477 2103 528 2139 30
550 2105 598 2139 ad
622 2104 637 2138 1
655 2130 665 2144 ,
688 2103 832 2139 interim
851 2106 933 2139 dum
955 2104 1067 2149 plane
1086 2104 1348 2139 concluderem.

806 2282 966 2348 Caput
1000 2283 1110 2331 XV.

290 2385 504 2427 Gon-ectio
536 2386 837 2427 distantiarum
867 2392 908 2427 et
936 2388 1159 2429 diversitas
1185 2387 1629 2441 prosthaphaereeemv.

176 2480 240 2521 Ne
268 2493 365 2520 vero
395 2479 470 2519 tibi
502 2479 629 2519 lector
654 2479 779 2519 amice
812 2480 1062 2520 occasionem
1093 2480 1215 2520 ullam
1247 2481 1462 2533 praebeam
1493 2486 1621 2522 totum
1641 2481 1717 2522 hoc
1736 2495 1864 2534 nego-

25 2562 31 2580 ι
81 2537 93 2547 ”
131 2556 150 2574 ιι
182 2544 348 2591 propter
378 2538 588 2578 leviculam
615 2538 855 2579 discordiam
873 2539 1091 2590 rejiciendi,
1127 2540 1344 2580 monendus
1370 2540 1433 2580 hic
1454 2554 1512 2588 es,
1545 2541 1649 2593 quod
1680 2545 1721 2581 te
1742 2541 1867 2592 probe

31 2608 33 2616 ⁴
76 2596 290 2647 3eminisse
319 2598 457 2646 velim,
505 2596 716 2649 Copernici
746 2597 942 2636 intentum
981 2610 1056 2636 non
1090 2597 1128 2636 in
1161 2599 1468 2650 cosmographia
1506 2599 1677 2646 versari,
1724 2600 1796 2639 sed
1828 2600 1865 2639 in

31 2655 33 2657 ’
98 2656 328 2696 21nomia:
369 2656 443 2695 hoc
475 2661 562 2704 est,
596 2661 727 2696 utrum
760 2655 936 2695 nonnihil
968 2655 1006 2695 in
1039 2668 1175 2695 veram
1207 2657 1358 2696 orbium
1389 2658 1687 2709 proportionem
1710 2663 1865 2709 peccet,

146 2731 192 2750 m·
230 2714 308 2767 ipsi
339 2727 457 2754 curae
489 2721 565 2763 est,
598 2715 715 2754 modo
747 2726 931 2753 numeros
962 2727 1014 2754 ex
1046 2714 1394 2755 observationibus
1422 2728 1492 2755 eos
1523 2717 1767 2765 constituat,
1800 2717 1866 2769 qui

78 2777 147 2821 fut
188 2774 239 2813 ad
284 2774 615 2813 demonstrandos
660 2779 792 2813 motus
834 2772 1163 2825 planetarumque
1207 2775 1295 2814 loca
1338 2774 1628 2825 computanda,
1676 2781 1867 2828 quantum

102 2851 105 2853 ·
136 2830 147 2840 “
178 2832 311 2884 potuit
338 2831 510 2871 maxime
542 2832 641 2884 apti.
704 2832 762 2871 At
794 2831 829 2870 si
863 2829 950 2883 quis
990 2831 1166 2882 aptiores
1198 2833 1293 2872 dare
1325 2838 1491 2872 conetur
1527 2838 1570 2872 et
1599 2833 1674 2873 hos
1707 2832 1865 2887 Coper-

50 2932 54 2935 ,
106 2890 143 2930 ci
173 2903 356 2930 numeros
386 2890 445 2929 ita
474 2891 669 2942 corrigat,
711 2896 754 2930 ut
790 2890 887 2929 nihil
918 2889 1071 2929 interea
1111 2895 1180 2929 aut
1219 2904 1358 2943 parum
1396 2890 1434 2931 in
1466 2892 1866 2943 prostbaphaeresesi

84 2947 213 2996 ubet,
243 2948 284 2989 id
318 2948 376 2989 illi
406 2961 479 3000 per
510 2947 772 3000 Copernicum
805 2948 923 2988 facile
954 2947 1104 2988 licebit.

91 3008 93 3012 '
183 3007 241 3048 Ut
277 3007 399 3059 igitur
435 3019 627 3047 summam
670 3007 838 3058 denique
875 3005 965 3046 huic
1002 3005 1163 3058 negotio
1202 3019 1360 3047 manum
1402 3007 1627 3060 imponam,
1672 3013 1792 3062 atque
1823 3015 1868 3049 nt

86 3071 283 3116 ,ψει-εει,
327 3064 418 3117 qnid
451 3070 717 3118 quantumque
756 3077 880 3119 penes
922 3064 1099 3121 singulos
1144 3065 1330 3119 planetas
1367 3065 1408 3106 in
1443 3067 1718 3119 parallaxibus
1759 3068 1866 3108 orbis
