2028 3242
170 29 256 129 256
298 105 299 110 =
851 119 855 127 ¹
902 70 1073 183 Apologi}
1093 75 1258 127 chhonis
1349 71 1357 85 ¹
1444 86 1446 92 ’
1507 68 1524 106 s}
1593 73 1645 88 Ἀ
1684 66 1714 110 γ’
1730 70 1791 96 ’Μ
1804 75 2028 134 ἢίί·”““”’”“”’”“’ν

354 164 356 166 -
442 162 443 172 2
608 167 610 169 -
732 166 738 169 -
802 157 813 178 s
900 154 1040 181 <a
1107 147 1237 180 &ve—4⁷²·

171 194 262 234 fidei
294 198 434 233 auctor
454 198 529 241 est,
551 198 629 234 aut
647 188 903 246 Pythagoras
926 194 973 234 de
1008 193 1145 234 ordine
1176 194 1444 248 sphaerarum
1475 193 1534 234 ita
1566 193 1733 243 censuit,
1765 198 1811 234 ut
1840 193 1982 234 Ptole-

169 266 317 300 maeus,
351 253 468 305 idque
502 251 589 293 200
621 252 735 292 annis
768 257 861 293 ante
893 245 933 293 id
965 258 1137 306 tempus,
1172 254 1275 306 quod
1307 253 1447 294 harum
1471 253 1751 307 hypothesium
1772 253 1877 294 ortui
1909 253 1982 293 de-

169 313 306 364 signat
324 312 467 353 Ursus.
530 312 586 352 Et
618 312 657 352 id
691 317 767 358 est,
801 313 903 365 quod
923 313 1032 353 Ptol.
1054 313 1216 364 Almag.
1239 313 1309 354 lib.
1331 313 1405 353 IX.
1435 325 1525 366 cap.
1553 312 1590 354 1.
1622 311 1763 361 innuit,
1797 325 1885 352 cum
1911 312 1981 362 ait,

138 370 284 438 {orbes
308 371 339 419 Q
373 376 414 411 et
446 372 474 422 ἕ
506 372 562 411 ab
595 371 972 424 antiquioribus
1007 372 1163 424 quidem
1188 372 1460 426 (Pythagora)
1493 372 1566 413 sub
1588 370 1734 420 Solari,
1769 385 1793 412 a
1813 371 1979 424 quibus-

168 431 259 471 dam
277 443 372 470 vero
393 430 683 482 posterioribus
705 431 946 480 (Heraclito,
967 432 1151 476 Platone,
1171 431 1352 481 Eudoxo,
1381 431 1643 480 Aristotele)
1659 442 1781 483 supra
1799 429 1983 472 Solarem

167 490 415 530 collocatos:
461 494 504 529 et
540 490 708 543 denique
746 495 926 530 veterum
970 491 1214 531 sententiam
1252 496 1296 531 ut
1337 491 1466 543 magis
1503 489 1753 543 probabilem
1791 489 1981 542 sequitur,

141 548 321 606 ‘negans
363 549 463 590 certi
502 550 593 602 quid
635 563 683 590 ex
717 550 965 590 astronomia
1003 550 1067 591 hic
1098 550 1237 590 haberi
1274 563 1408 602 posse.
1474 549 1600 599 Quid,
1648 549 1753 603 quod
1782 549 1983 590 Patricius

143 607 374 656 §Zoroastri
399 609 563 656 Persae,
596 609 662 661 qui
693 609 831 650 multis
864 610 1010 649 seculis
1041 610 1314 663 Pythagoram
1347 610 1581 657 antecessit,
1614 609 1782 649 eandem
1814 612 1981 649 senten-

147 657 263 708 'tiam
308 667 478 717 tribuat,
513 681 563 708 ex
601 668 663 708 his
696 669 784 720 ejus
819 668 971 709 verbis:
1016 666 1059 716 ἐξ
1089 668 1211 715 antec
1241 666 1430 719 ὑπεςησεν
1461 669 1600 716 (aliter
1629 666 1673 716 ἐξ
1701 668 1983 719 ἀνακρεμαρας

165 725 309 775 ζωνας)
342 724 512 778 ἕβδομον
542 725 625 779 ἡλιε
657 729 962 778 μεσεμβολησας
998 743 1087 780 πυρ.
1153 727 1197 768 Si
1230 727 1302 769 Sol
1330 728 1377 768 -in
1411 728 1541 768 medio
1572 728 1825 780 planetarum
1857 727 1980 775 (Ter-

94 839 96 841 g
167 799 253 826 ram
285 799 426 837 nempe
458 787 563 826 idem
596 787 813 827 Zoroaster
844 787 882 826 in
916 785 962 828 eo
995 787 1145 836 medio,
1181 788 1285 840 quod
1317 792 1497 827 centrum
1529 789 1605 836 est,
1628 782 1982 837 'chIKEaTtJTergo

170 846 202 892 Q
232 853 272 886 et
305 848 333 896 ζὲ
364 845 470 886 intra
502 845 638 886 Solem
672 851 797 886 erunt.
863 845 1043 899 Cumque
1074 847 1329 900 Pythagoras
1361 861 1386 886 a
1417 845 1809 900 ZabracovAssyrio,
1831 844 1983 898 'gentili

166 905 373 944 Zoroastri
415 905 611 952 (Patricio
649 906 868 954 referente,
914 911 1010 959 puto
1051 919 1100 946 ex
1136 906 1299 953 Proclo)
1345 906 1448 946 hanc
1487 905 1730 946 sententiam
1773 904 1980 945 hauserit:

164 964 340 1004 ordinem
380 964 482 1004 hunc
525 964 701 1004 indidem
739 965 923 1005 hausisse
972 965 1188 1006 verisimile
1240 970 1314 1005 est.
1390 963 1584 1011 Quamvis
1634 963 1701 1017 qui
1744 970 1839 1016 post
1882 963 1980 1004 dicti

165 1029 258 1063 sunt
289 1023 580 1077 Pythagoraei,
619 1024 723 1064 hunc
756 1024 944 1077 magistri
976 1025 1036 1065 sui
1069 1024 1246 1064 ordinem
1279 1025 1554 1065 deseruerunt.
1617 1023 1683 1064 Illi
1713 1036 1903 1076 namque,
1936 1028 1983 1063 ut

163 1083 283 1134 paulo
315 1088 411 1134 post
440 1083 686 1134 probabitur,
720 1085 889 1124 eandem
920 1089 1135 1125 tenuerunt
1167 1083 1215 1123 de
1247 1084 1382 1124 mundi
1416 1079 1543 1124 forma
1573 1083 1818 1135 opinionem,
1863 1082 1981 1136 longe

164 1147 257 1182 ante
288 1141 567 1192 Aristotelem,
603 1156 721 1195 quam
751 1149 846 1196 post
875 1143 1140 1184 Aristotelem
1172 1143 1286 1184 annis
1313 1141 1370 1184 50
1402 1143 1474 1183 sub
1505 1143 1740 1183 Ptolemaeo
1770 1141 1980 1182 Philadel-

163 1201 240 1253 pho
285 1201 547 1242 Aristarchus
588 1201 770 1251 Samius‚
818 1209 860 1243 et
904 1209 1042 1243 nostra
1083 1208 1218 1243 aetate
1253 1202 1517 1255 Copernicus,
1564 1202 1651 1255 qui,
1696 1207 1743 1242 ut-
1787 1201 1887 1252 hagc
1931 1214 1981 1240 ex

376 108 390 132 f
547 112 590 133 ,ἰ
762 130 765 134 ,

378 147 484 166 Ι“’>ι
530 133 618 165 ἐξ·
664 152 701 163 κν
766 138 768 141 -

92 1255 100 1258 ”
164 1250 749 1320 Aristfflfflmfffi
748 1263 795 1302 de
828 1263 862 1302 Ρ
891 1263 1123 1314 thagoraeis
1155 1267 1197 1302 et
1229 1275 1278 1302 ex
1297 1262 1540 1303 Archimede
1573 1262 1597 1302 d
1683 1261 1738 1301 ris
1912 1260 1979 1301 in-

163 1319 600 1377 ‚telligerequs-§etnffl
636 1316 856 1362 iuven-tio'ffi
885 1335 932 1362 us
965 1335 1047 1361 suis
1081 1314 1289 1362 Μ
1332 1334 1381 1362 uo
1413 1322 1500 1362 loco
1533 1321 1637 1362 alter
1666 1320 1763 1362 Ursi
1795 1332 1904 1360 error
1934 1332 1978 1359 se

135 1379 308 1431 ‘prodit,
344 1380 407 1431 qui
436 1379 801 1431 Copernicanarum
822 1381 1101 1436 hypothesium
1134 1381 1328 1434 originem
1345 1381 1517 1434 primam
1540 1381 1591 1421 ad
1613 1379 1893 1421 Aristarchum
1909 1391 1978 1420 re-

163 1439 254 1486 fert,
288 1451 388 1490 quae
420 1440 544 1479 multo
572 1445 636 1480 est
667 1440 879 1493 antiquior.
1499 1488 1502 1490 Δ

279 1497 341 1538 Ac
375 1499 423 1537 de
454 1499 638 1539 Philolao
672 1500 830 1552 quidem
862 1500 1150 1554 Pythagorico,
1185 1499 1251 1552 qui
1282 1499 1436 1539 medius
1469 1497 1543 1538 fnit
1574 1496 1841 1539 Aristotelem
1872 1497 1976 1538 inter

162 1561 203 1597 et
232 1557 507 1610 Pythagoram
550 1559 779 1611 primusque
811 1559 1082 1613 Pythagorica
1114 1558 1320 1612 vulgavit,
1365 1571 1453 1598 cum
1493 1562 1616 1598 antea
1652 1557 1729 1598 nisi
1761 1570 1787 1598 a
1815 1557 1973 1610 Pytha-

162 1616 307 1668 goricis
338 1616 436 1668 ipsis
462 1618 751 1669 ignorarentur,
787 1619 835 1658 de
869 1632 915 1659 eo
948 1619 1070 1670 igitur
1101 1631 1178 1658 non
1210 1622 1367 1658 tantum
1399 1618 1566 1658 obscure
1594 1616 1784 1657 Laertius
1816 1615 1976 1663 asserit,

162 1675 338 1716 sensisse
371 1676 536 1716 Terram
562 1678 683 1728 juxta
713 1678 885 1729 primum
918 1678 1106 1718 circulum
1141 1677 1342 1734 (intellige
1374 1676 1664 1735 sub*quiacg›)
1697 1675 1870 1721 moveri,
1902 1675 1976 1716 sed

161 1734 284 1774 multo
318 1735 539 1776 clarissime
558 1736 812 1786 Plutarchus,
848 1738 960 1789 cujus
992 1737 1116 1776 verba
1148 1750 1235 1777 cum
1292 1730 1502 1788 opernicus
1533 1736 1621 1788 ipse
1652 1735 1693 1775 in
1725 1734 1975 1788 praefatione

84 1829 86 1831 ,
151 1793 292 1847 „operis
326 1795 386 1833 sui
417 1796 609 1846 posuerit,
644 1795 784 1835 mirum
811 1797 1024 1836 admodum
1058 1801 1134 1844 est,
1169 1810 1218 1835 ea
1249 1808 1327 1835 non
1349 1794 1496 1847 legisse
1517 1795 1679 1842 Ursum,
1713 1795 1779 1847 qui
1803 1793 1974 1834 lectione

152 1850 373 1904 Copernici
405 1854 527 1894 toties
561 1860 602 1895 et
634 1860 844 1907 tantopere
877 1856 1089 1907 gloriatur,
1130 1868 1294 1907 eamque
1327 1854 1517 1894 omissam
1549 1853 1640 1894 aliis
1671 1853 1868 1894 immerito
1901 1865 1974 1892 ex-

161 1912 338 1964 probrat.
400 1913 565 1953 Terram
599 1914 683 1953 vult
713 1914 920 1954 Philolaus
953 1915 1056 1966 apud
1090 1914 1348 1954 Plutarchum
1389 1913 1427 1952 in
1460 1913 1651 1953 circulum
1682 1912 1833 1953 moveri
1870 1911 1977 1952 circa

148 1971 294 2021 ,ignem
313 1971 514 2023 (intellige
528 1972 692 2026 Solem)
725 1974 798 2013 sub
819 1974 982 2013 zodiaco
1004 1974 1042 2012 in
1064 1985 1210 2012 morem
1244 1972 1355 2013 Solis
1372 1978 1414 2012 et
1434 1972 1584 2019 Lunae,
1617 1972 1862 2012 Aristoteles
1881 1983 1976 2011 vero

137 2028 229 2070 filib.
264 2030 316 2069 ΙΙ.
357 2030 405 2069 de
438 2032 548 2071 coelo
588 2045 675 2084 cap.
715 2030 781 2074 13.
821 2033 868 2072 de
901 2032 1194 2086 Pythagoraeis
1233 2033 1271 2071 in
1312 2043 1457 2083 genere
1497 2030 1578 2071 sic:
1628 2031 1682 2079 „ii
1715 2030 1780 2083 qui
1812 2029 1974 2070 Italiam

162 2088 350 2137 incolunt,
386 2089 451 2142 qui
482 2090 603 2130 iidem
631 2091 901 2143 Pythagoraei
928 2096 1140 2140 «vocantur,
1173 2091 1211 2130 in
1244 2090 1374 2130 medio
1405 2089 1538 2142 ignem
1569 2102 1658 2130 esse
1692 2089 1856 2130 dicunt“
1891 2088 1975 2135 (hic

161 2147 296 2187 Solem
327 2148 519 2201 intellige,
553 2163 643 2189 nam
677 2156 718 2190 et
750 2151 899 2191 Thales
929 2150 1110 2198 Jonicae,
1146 2155 1185 2190 et
1206 2150 1460 2203 Pythagoras
1493 2149 1663 2189 Italicae
1696 2147 1974 2202 philosophiae

160 2205 358 2258 principes
398 2209 637 2248 occultanda
674 2210 794 2261 vulgo
840 2223 1003 2250 suasere
1046 2209 1324 2261 philosophiae
1357 2209 1591 2261 mysteria),
1640 2209 1832 2257 „Terram
1862 2219 1972 2254 vere,
2022 2252 2028 2258 Γ

160 2278 260 2317 quae
294 2265 346 2306 sit
378 2280 495 2306 unum
526 2273 724 2308 astrorum
759 2270 1052 2321 (planetarum)
1084 2274 1195 2308 motu
1226 2281 1310 2316 suo,
1345 2280 1420 2320 quo
1447 2267 1596 2308 circum
1615 2267 1789 2307 medium
1809 2267 1973 2314 feratur,

160 2330 299 2364 noctes
332 2331 374 2364 et
406 2325 490 2366 dies
524 2327 723 2367 efficere.“
788 2328 863 2368 Hic
895 2328 1142 2369 Aristoteles
1181 2340 1258 2367 non
1290 2327 1390 2367 bene
1429 2326 1610 2378 percepit
1641 2339 1776 2375 eorum
1807 2330 1973 2366 senten·
2019 2321 2028 2352 ‘1'

159 2384 276 2432 tiam,
323 2390 393 2424 aut
429 2390 537 2425 certe
580 2387 761 2427 defectus
801 2394 887 2436 est,
928 2400 1044 2440 quem
1088 2387 1144 2427 sic
1183 2386 1376 2427 restituo:
1423 2386 1587 2426 Terram
1618 2391 1729 2425 motu
1759 2397 1850 2435 suo,
1897 2396 1972 2436 quo
2017 2387 2023 2396 '‘

160 2442 307 2483 circum
339 2444 510 2484 medium
543 2446 711 2494 feratur,
746 2460 909 2495 annum,
944 2459 1020 2498 quo
1055 2459 1148 2486 vero
1181 2447 1288 2486 circa
1319 2458 1433 2486 suum
1465 2457 1600 2494 axem,
1642 2449 1782 2484 noctes
1814 2449 1856 2484 et
1886 2442 1973 2489 dies

159 2502 330 2542 efficere.
393 2503 552 2555 Pergit:
603 2511 843 2557 „praeterea
886 2506 1007 2546 aliam
1040 2506 1210 2560 ¹Terram
1255 2504 1499 2545 contrariam
1538 2503 1805 2552 fabricantur,
1851 2515 1970 2556 quam
2004 2512 2006 2514 ·

157 2560 352 2614 ἀντιχθων
384 2565 571 2603 vocant.“
634 2565 722 2605 Hac
754 2578 852 2605 voce
885 2561 1056 2614 Lunamst
1073 2565 1310 2616 significant,
1344 2567 1560 2615 propterea
1591 2563 1696 2614 quod
1728 2575 1817 2602 cum
1844 2562 1973 2601 Terra

161 2620 299 2660 eodem
342 2622 436 2661 orbe
476 2623 796 2664 circumvehatur
847 2630 888 2665 et
930 2629 1095 2677 propter
1140 2624 1286 2663 multas
1326 2622 1411 2673 ejus
1451 2634 1539 2662 cum
1576 2621 1702 2662 Terra
1743 2632 1971 2662 communes
2027 2627 2028 2630 ’

160 2679 403 2728 affectiones,
439 2681 486 2722 de
519 2683 660 2734 quibus
692 2688 895 2724 testantur
928 2683 1062 2736 optici.
1125 2682 1371 2723 Aristoteles
1392 2693 1499 2729 vero,
1533 2679 1597 2732 qui
1629 2681 1703 2720 hoc
1730 2693 1806 2720 non
1833 2679 1993 2731 capie-=

160 2738 241 2786 bat,
275 2740 567 2781 absurditatem
598 2743 822 2783 sententiae
856 2743 1055 2783 ominatus
1088 2741 1260 2794 subjicit,
1276 2739 1429 2792 '„quod
1462 2752 1538 2778 non
1567 2745 1763 2791 quaerant
1793 2738 1972 2779 rationes

159 2802 199 2836 et
230 2810 392 2847 causas,
439 2800 490 2840 ad
522 2814 570 2841 ea
601 2814 702 2854 quae
742 2808 939 2854 apparent
975 2801 1180 2842 reddenda
1217 2805 1259 2840 et
1296 2798 1530 2846 efficienda,
1573 2798 1646 2838 sed
1687 2798 1739 2838 ad
1769 2809 1969 2850 praecon-

161 2862 300 2906 ceptas
334 2871 428 2898 suas
461 2861 658 2911 quasdam
690 2861 896 2913 opiniones
930 2866 972 2901 et
1002 2859 1330 2901 ratiocinationes
1362 2857 1451 2908 ipsa
1478 2857 1754 2909 phaenomena
1774 2857 1983 2896 violenter

162 2917 459 2957 accommodent
493 2923 534 2958 et
567 2919 778 2960 conciliare
811 2919 1048 2960 conentur.“
1109 2918 1213 2958 Esse
1234 2923 1366 2958 autem
1386 2915 1517 2967 ignem
1538 2914 1830 2968 pythagoraeis
1849 2914 1977 2963 idem,

164 2973 266 3022 quod
300 2973 456 3023 Solem,
497 2990 544 3015 ex
578 2979 822 3029 argumentis
855 2992 992 3019 eorum
1025 2983 1212 3029 apparet,
1257 2989 1357 3028 quae
1391 2974 1447 3014 sic
1480 2974 1666 3026 proponit
1696 2974 1966 3014 Aristoteles:

163 3030 316 3077 „videri
348 3046 442 3073 vero
475 3036 604 3085 possit
636 3038 771 3077 multis
804 3038 926 3078 etiam
959 3037 1069 3084 aliis,
1108 3049 1186 3076 non
1227 3034 1401 3075 dandum
1432 3033 1579 3073 Terrae
1622 3034 1750 3073 locum
1781 3032 1954 3073 medium

163 3088 196 3127 si
229 3090 552 3140 probabilitatem
591 3095 767 3147 aliquam
806 3109 884 3136 non
917 3109 966 3136 ex
999 3094 1304 3149 apparentibus,
1350 3093 1423 3132 sed
1461 3105 1509 3132 ex
1541 3092 1764 3133 rationibus
1801 3088 1970 3147 captare
2025 3139 2028 3146 Υ
