2028 3242
0 0 7 64 ,Ι

0 66 10 224 ἰ

5 270 8 272 v
76 262 267 289 suaru-
294 254 310 289 i
346 265 397 289 se
426 255 624 291 divitiar

207 0 352 68 “rs
417 0 476 9 η
895 43 1055 86 cmm·
1364 0 1392 53 's
1695 0 1710 40 '⁷
1799 41 1886 86 119

75 147 147 183 be
161 151 223 183 a·
251 148 301 183 ad
317 147 523 195 long-iorem
554 159 680 184 earum
711 151 964 186 deductionem
995 151 1044 186 ab
1062 150 1205 185 usitata
1225 149 1304 190 via,
1332 154 1518 196 spectent,
1551 161 1661 197 quam
1692 152 1738 186 ad
1759 162 1891 187 novam

76 199 237 247 aliqum
253 201 594 238 conformationem:
623 203 710 249 quia
731 209 771 238 ut
791 204 827 238 in
846 203 1125 268 (Jommentariis
1145 203 1278 238 Martis
1296 203 1432 238 alicubi
1451 203 1550 238 dixi:
1584 204 1644 239 Co
1657 205 1859 256 pernicu
1872 215 1889 240 s

130 318 132 321 ¹
179 302 223 351 e)
250 306 448 344 Possum
476 309 587 353 hujus
618 318 755 354 operae
786 309 912 350 moles,
950 319 999 356 qu

1077 308 1325 344 astronomica
1354 308 1502 348 attinet,
1548 309 1585 344 in
1617 310 1888 346 Commentaria

76 358 208 395 Martis
226 358 412 401 iambizin
445 361 482 396 in
499 361 663 408 physicis
681 373 771 397 vero
790 373 856 396 seu
875 361 1139 408 metaphysicis
1165 362 1396 407 argumentis
1415 362 1653 407 corrogandis
1674 363 1789 398 fusior
1808 374 1888 399 sum
1920 366 1923 367 ’

76 411 114 447 in
128 411 320 458 bitom
338 415 443 450 Astae.
461 414 558 450 liber
574 415 658 455 lv„
690 414 751 460 qui
776 414 871 450 liber
897 415 1015 461 ipsum
1043 421 1087 464 fo
1113 409 1227 455 lero?
1256 414 1431 454 continet,
1465 415 1561 459 quod
1593 415 1662 450 hoe
1694 417 1775 450 loco
1809 428 1889 452 sum

74 463 275 510 pauidus.
330 466 424 501 vide
454 470 584 502 tom.
1074 470 1079 472 ·

181 514 217 560 f)
246 518 346 554 lde-
363 524 488 555 tamen
505 530 563 555 me
580 521 680 555 ultro
699 517 887 555 admonuit
917 525 1062 566 postem
1095 532 1169 556 non
1188 532 1273 555 esse
1291 520 1538 555 necessariam
1568 521 1664 555 hanc
1699 522 1886 558 collectio·

5 590 8 594 ·
74 581 168 606 ne..
222 571 318 607 Na-
341 582 421 607 mm
440 577 583 608 cometa
599 578 734 608 motum
754 584 827 608 non
846 573 883 608 in
902 574 1036 609 multos
1054 573 1132 608 dies
1157 573 1366 614 continuet,
1394 577 1433 607 et
1452 585 1533 608 cum
1551 574 1756 609 habeamus
1775 574 1886 610 liber-

6 650 9 651 γ
75 627 192 659 tatem
208 623 417 661 intendendi
446 626 700 661 remittendive
730 625 812 670 ejus
832 630 968 662 motum
999 627 1035 662 in
1066 626 1265 673 hypothesi
1293 632 1490 671 suscepta,
1522 627 1586 661 ubi
1605 627 1887 663 observationes

75 675 187 723 (quae
215 677 430 724 plerumque
459 689 608 714 crassae
627 675 732 720 sunt)
763 679 798 713 id
815 679 1005 725 requirere
1034 680 1213 721 videntur,
1245 679 1330 715 hinc
1362 681 1453 714 adeo
1480 680 1543 720 fit,
1577 685 1619 714 ut
1650 679 1818 715 diversae
1852 682 1889 716 in

74 729 360 776 particularibus
380 731 618 778 hypotheses,
638 733 785 766 easdem
804 736 971 768 cometae
989 733 1267 768 observationes
1295 737 1592 778 repraesentent.
1648 733 1698 767 Et
1716 734 1886 769 Braheus

74 782 171 818 libro
198 783 248 818 do
264 783 424 820 cone&
455 785 520 821 fol.
550 784 639 819 2⁸2.
662 784 735 825 (De
766 785 887 820 mundi
916 786 1082 821 aetherei
1113 786 1379 822 recentio'n‘bus
1410 786 1687 831 phaenomenis.
1725 786 1819 822 Pars
1839 787 1884 822 11.

76 835 168 881 Gap.
186 832 257 880 X.)
273 836 462 874 Baestlini
481 838 705 885 hypozhesin
724 850 761 871 c>
776 838 925 879 nminat,
955 850 1035 874 cum
1054 849 1124 874 sua
1142 843 1333 884 comparat
1349 838 1628 885 redarguitque.
1684 839 1767 885 Ipse
1796 851 1885 874 vero

12 926 13 930 ,
74 888 142 925 td.
160 885 242 924 2⁰6
270 886 341 933 (ib.
358 900 443 936 cap.
462 888 581 933 vlu.)
600 891 827 937 hypothesin
859 891 973 926 talem
1003 892 1188 938 proponit,
1220 892 1259 927 in
1276 902 1350 938 qua
1378 896 1497 927 motus
1518 896 1685 927 cometae
1716 893 1886 938 proprius

75 941 265 979 druna-is
295 942 400 979 initio
429 945 569 986 udus,
601 955 687 979 mox
707 944 884 985 intensus,
913 944 950 979 in
967 945 1039 980 fine
1059 956 1200 980 rursum
1219 946 1348 980 tardus
1378 945 1588 980 exhibetur.
1646 946 1774 992 ltaque
1797 947 1886 981 cedo

75 995 146 1030 hoe
161 1005 302 1043 genere
319 996 541 1044 argumenti,
573 997 627 1032 sic
644 997 787 1043 quidem
818 998 1015 1039 informati,
1050 1004 1093 1033 ut
1111 1010 1161 1033 ex
1180 1010 1226 1033 eo
1245 999 1339 1044 quod
1365 1002 1567 1044 potueruut
1586 998 1746 1043 artifices
1776 1010 1886 1044 prae-

76 1052 190 1091 shm,
221 1049 322 1084 uda
348 1050 569 1097 “edulitate
599 1055 639 1085 et
667 1050 837 1096 generali
867 1051 935 1086 illa
965 1052 1191 1097 conjectura,
1224 1052 1320 1098 quod
1351 1062 1476 1086 verum
1504 1063 1593 1086 vero
1623 1058 1810 1093 consonet,
1842 1053 1887 1086 de

76 1100 239 1138 veritate
255 1102 548 1149 suppositionum
566 1103 651 1150 quid
670 1108 938 1149 praesumatur.
995 1107 1047 1139 At
1065 1104 1223 1139 vicissim
1250 1104 1328 1140 alia
1346 1105 1407 1139 via
1426 1106 1580 1139 eandem
1605 1115 1888 1140 arcemrursum

75 1165 226 1201 occupo.
279 1154 319 1191 Si
348 1155 444 1191 enim
474 1161 594 1191 motus
623 1155 781 1191 Telluris
813 1158 859 1191 ad
896 1157 966 1192 hoc
997 1158 1098 1193 utilis
1129 1161 1200 1199 est,
1233 1162 1275 1192 ut
1306 1162 1528 1193 cometarum
1553 1162 1674 1192 motus
1705 1158 1889 1202 rectilinei

15 1223 18 1238 π
76 1218 275 1254 namqu
290 1212 475 1255 perpetua
493 1210 553 1244 vel
572 1208 820 1255 aequabilitas
839 1210 899 1244 vel
920 1211 1175 1258 augmentatio
1194 1216 1261 1246 aut
1278 1210 1465 1245 contraria
1491 1210 1680 1245 diminutio
1704 1214 1889 1256 perpetua

77 1259 311 1296 massadam
340 1262 558 1304 observatis,
590 1267 678 1297 tunc
708 1273 810 1304 sane,
843 1269 1020 1309 quantum
1052 1270 1111 1299 est
1141 1263 1463 1299 verisimilitudinis
1495 1263 1532 1298 in
1564 1267 1676 1299 motu⁷
1694 1264 1886 1299 metifineo

77 1313 264 1361 aequ-uli
294 1325 485 1360 corporum
503 1315 790 1356 vanescentium,
822 1320 966 1351 tantum
992 1317 1075 1351 fidei
1094 1317 1247 1351 accedet
1275 1317 1388 1352 motui
1404 1316 1575 1358 Telluris,
1602 1317 1822 1362 praesertim
1854 1317 1884 1351 si

76 1366 197 1403 sem
214 1365 386 1403 itinerum
403 1369 662 1414 apparentium
692 1369 918 1415 irregulares
938 1370 1129 1405 occasione
1162 1374 1281 1405 motus
1299 1369 1458 1404 Telluris
1489 1369 1702 1414 provenisse
1728 1373 1884 1411 constet,

18 1443 19 1446 =
77 1419 323 1466 aliumque,
354 1431 451 1467 quae
475 1421 511 1456 in
534 1421 683 1456 cometis
704 1426 899 1466 apparent,
933 1423 1030 1458 ratio
1049 1424 1236 1458 reddatur.
1291 1422 1405 1458 Verbi
1424 1433 1539 1457 causa
1557 1422 1621 1457 ille
1641 1422 1721 1467 ipse
1740 1426 1886 1457 cometa

17 1495 19 1498 ·
78 1472 167 1510 ani
188 1472 288 1508 15⁷7
317 1478 421 1508 ortus
441 1485 488 1509 ex
507 1474 646 1510 ultimis
678 1474 847 1520 partibus
879 1475 1069 1522 sagittarii
1100 1476 1295 1511 maximum
1323 1475 1375 1510 ibi
1406 1479 1543 1510 motum
1561 1475 1739 1516 diurnum,
1771 1479 1886 1521 caput

80 1526 132 1567 7⁴,
150 1527 306 1563 end·-
325 1522 397 1561 22·
415 1527 567 1573 longam
584 1527 772 1567 exhibuit;
804 1528 899 1563 haec
918 1529 1039 1564 omnia
1058 1529 1208 1564 fuerunt
1225 1529 1403 1564 diminuta
1422 1539 1549 1563 versus
1579 1529 1698 1569 finem,
1733 1529 1825 1563 adeo
1846 1533 1887 1562 ut

78 1578 116 1614 ia
133 1578 241 1626 signo
257 1578 422 1624 piscium.
455 1581 549 1625 quod
568 1581 773 1626 quadrante
793 1581 908 1616 distat
938 1593 963 1616 a
980 1582 1190 1629 sagittario,
1224 1582 1421 1617 stationem
1450 1588 1669 1627 peracturus
1689 1581 1886 1621 videretur,

77 1630 149 1667 nini
176 1632 400 1668 evanuisset.
456 1633 654 1674 Quaeritur
685 1644 780 1679 quae
811 1645 936 1675 causa,
969 1646 1034 1670 cur
1063 1640 1228 1670 cometae
1257 1635 1354 1670 circa
1382 1635 1601 1681 quadratum
1620 1634 1701 1679 ejus
1733 1634 1813 1674 loci,
1848 1634 1885 1668 in

71 1695 150 1731 quo
178 1684 327 1721 maximi
354 1692 610 1732 apparuerunt
640 1692 679 1721 et
709 1687 938 1729 velocissimi,
971 1689 1268 1735 appropinquent
1299 1688 1459 1728 stationi,
1501 1699 1566 1722 cur
1597 1686 1748 1722 stationi
1777 1686 1887 1722 vicini

23 1745 24 1748 ’
73 1737 142 1772 alii
159 1737 393 1774 occultantiu-
410 1740 480 1775 sub
497 1738 630 1780 Solem,
662 1745 703 1775 ut
722 1740 814 1780 istm
846 1740 910 1775 alii
930 1741 1040 1776 etiam
1071 1741 1109 1776 in
1129 1742 1300 1787 opposito
1319 1741 1415 1776 Solis
1446 1740 1626 1786 paulatim
1645 1743 1882 1780 evanescant,

75 1794 119 1827 ut
135 1789 206 1826 ine*
228 1790 316 1827 anni
336 1792 456 1834 1618,
487 1792 630 1828 faciunt
647 1793 743 1827 enim
774 1793 847 1828 ista
877 1794 1057 1840 plerique.
1115 1795 1218 1835 Quod
1246 1795 1277 1829 si
1308 1794 1462 1840 potiaris
1490 1794 1669 1829 libertate
1694 1792 1884 1829 circularis

75 1847 196 1879 mom
214 1848 379 1883 cometae
400 1846 593 1886 tribuendi,
626 1857 774 1880 causam
792 1858 859 1892 per
879 1858 1002 1882 omnes
1022 1854 1188 1882 cometas
1209 1849 1363 1882 eandem
1382 1847 1501 1881 dicere
1534 1858 1606 1881 non
1625 1845 1777 1892 poteris.
1834 1848 1886 1879 At

74 1896 108 1932 si
135 1899 175 1931 te
203 1895 322 1942 ipmm
339 1898 491 1946 redigas
520 1899 566 1934 ad
594 1899 790 1945 angustias
822 1900 1053 1944 trajectionis
1084 1900 1311 1941 rectilineae,
1346 1900 1471 1935 s'tatim
1503 1903 1665 1945 apparet
1683 1898 1884 1933 necessitas

74 1948 332 1996 pha-omni.
387 1951 518 1998 ltaque
546 1953 695 1997 planum
727 1952 978 1997 trajectorium
998 1959 1163 1988 cometae
1190 1954 1276 1988 anni
1300 1953 1400 1988 1577
1419 1964 1493 1999 ego
1513 1953 1739 1988 ordinassem
1769 1951 1807 1985 in
1838 1961 1886 1985 ea

75 2001 188 2044 linea,
217 2013 286 2048 per
303 2013 413 2049 quam
430 2004 558 2050 paucis
577 2010 662 2050 post
681 2005 953 2051 disparitionem
979 2007 1106 2041 diebus
1126 2007 1300 2041 videndus
1331 2006 1463 2041 fuisset
1494 2016 1607 2040 causa
1632 2004 1883 2051 longitudinis,
1941 2012 1976 2039 ’.ι

75 2054 110 2090 εἰ
138 2055 396 2101 superfuisset,
435 2058 689 2103 trajectionem
721 2059 838 2104 ipsam
869 2059 1021 2104 primum
1053 2060 1235 2100 velocem,
1279 2060 1314 2094 in
1343 2060 1543 2094 subeuntes
1574 2058 1651 2093 dies
1683 2057 1884 2092 tardiorem

30 2154 31 2158 Ἰ
76 2107 255 2149 fecissem,
286 2108 395 2155 idque
412 2121 480 2156 pro
496 2111 639 2146 ratione
667 2111 952 2157 propinquitatis
980 2113 1142 2158 partium
1173 2112 1410 2157 trajectoriae
1430 2112 1552 2146 lineae
1572 2113 1619 2146 ad
1637 2111 1769 2151 Solem,
1798 2109 1885 2156 quia

77 2160 300 2197 cometavia
316 2162 466 2208 obliqua
496 2163 666 2210 fugiebat
696 2175 720 2199 a
738 2164 836 2206 Sole,
866 2165 1062 2211 Tellusque
1090 2166 1196 2199 simul
1223 2176 1246 2199 a
1265 2170 1418 2200 cometa.
1475 2165 1556 2205 Qua
1587 2165 1731 2199 ratione
1750 2162 1883 2197 efficie-

76 2214 199 2254 htur,
227 2217 273 2248 nt
298 2220 441 2250 cometa
470 2215 574 2251 initio
606 2217 746 2262 quidem
766 2217 947 2253 dimidiam
965 2219 1060 2253 Solis
1091 2218 1322 2252 altitudinem
1349 2218 1523 2258 haberet,
1556 2229 1606 2252 ex
1625 2228 1669 2250 eo
1702 2216 1882 2260 sphaeras
1913 2218 1925 2222 Χ

30 2310 32 2314 ,
75 2266 242 2307 Veneris,
275 2267 444 2308 Telluris,
475 2268 607 2303 Martis
625 2269 827 2314 trajiceret,
860 2275 899 2304 et
929 2271 966 2306 in
985 2272 1056 2306 fine
1074 2271 1158 2316 plus
1183 2281 1291 2315 quam
1323 2270 1434 2316 triplo
1460 2270 1571 2305 altior
1591 2270 1676 2304 Sole
1696 2270 1882 2303 evaderet.

75 2318 160 2354 Bou
185 2318 313 2354 mirum
343 2320 470 2366 igitur,
503 2322 597 2366 quod
616 2322 823 2366 parallaxis
854 2323 891 2357 in
919 2336 964 2358 eo
995 2324 1099 2358 nulla
1130 2323 1352 2368 deprehendi
1382 2323 1516 2368 potuit.
1571 2322 1643 2357 Sed
1674 2323 1718 2355 de
1751 2321 1824 2355 hac
1841 2331 1883 2354 re

74 2372 162 2418 plus
191 2372 305 2407 satis:
337 2373 406 2407 hoc
434 2374 515 2408 loco
545 2374 656 2419 plura
683 2374 714 2408 si
744 2375 841 2420 petit
867 2376 994 2417 lector,
1027 2377 1138 2411 adeat
1169 2387 1286 2410 meum
1313 2377 1357 2410 de
1377 2375 1534 2411 Cometis
1566 2375 1743 2414 libellum,
1777 2383 1883 2418 quem

75 2424 243 2460 nundinis
271 2426 546 2461 autumnalibus
574 2427 659 2461 anni
692 2427 791 2462 1619
819 2428 933 2463 emisi.
956 2424 1008 2472 ³³)

91 2486 102 2491 ‘
181 2474 228 2525 g)
259 2477 455 2513 Scribendo
487 2492 509 2513 e
591 2479 626 2513 id
654 2484 729 2514 tem
755 2481 827 2515 oris
858 2483 978 2517 adhuc
1005 2482 1128 2517 didici:
1171 2494 1216 2517 ne
1246 2482 1474 2528 perturberis
1505 2480 1620 2526 igitur
1651 2477 1883 2514 multitudiue

75 2529 152 2566 inu
165 2535 346 2566 motuum:
374 2543 523 2577 proprie
542 2491 612 2567 t’duo
632 2536 778 2567 tantum
796 2538 893 2575 sunt,
923 2546 1018 2569 unus
1039 2525 1086 2569 ab
1105 2534 1248 2570 interno
1281 2536 1442 2580 pendens
1461 2533 1639 2579 principio
1658 2530 1882 2566 convolutio-

74 2582 132 2620 nit
149 2583 304 2618 diurnae
333 2583 432 2619 eirea
461 2585 648 2631 proprium
681 2590 855 2627 centrum,
889 2589 986 2622 alter
1014 2587 1243 2622 extrinsecus
1263 2599 1287 2623 a
1305 2588 1390 2622 Sole
1410 2586 1550 2622 Telluri
1578 2586 1705 2620 illatus
1739 2593 1882 2618 annuus

74 2634 174 2671 eirca
197 2636 335 2678 Solem,
372 2637 444 2672 etsi
475 2640 688 2673 moderatur
722 2638 824 2673 illum
853 2639 1058 2687 formatque
1086 2641 1141 2675 vis
1182 2640 1394 2688 maQetica
1420 2636 1470 2683 ³⁸)
1506 2639 1606 2673 fibris
1635 2636 1793 2672 Telluris
1828 2635 1882 2670 in-

75 2686 167 2729 θῆὓῖ
207 2689 270 2734 qui
295 2700 383 2724 vero
409 2691 542 2725 tertius
571 2691 630 2725 hic
665 2693 902 2732 censebatur,
944 2693 1007 2728 ille
1042 2694 1145 2739 quies
1182 2699 1241 2728 est-
1279 2693 1403 2738 potius
1434 2691 1516 2726 axis
1544 2690 1702 2725 Telluris
1739 2689 1776 2723 in
1811 2689 1883 2723 situ

0 2748 5 2780 j
75 2741 278 2786 parallelo,
318 2743 403 2777 dum
429 2749 592 2778 centnm
621 2744 717 2778 circa
745 2744 866 2780 Solem
894 2746 1027 2786 fertur,
1070 2751 1109 2781 et
1136 2747 1197 2792 qui
1226 2750 1379 2792 quartus
1416 2745 1476 2779 hic
1502 2743 1727 2783 ventitatur,
1766 2741 1797 2776 is
1825 2745 1883 2776 est

0 2807 7 2861 ἓ
41 2838 44 2843 .
75 2794 234 2829 neviana
267 2795 499 2840 perturbatio
534 2796 645 2842 hujus
677 2797 821 2842 quietis,
863 2804 947 2833 orta
974 2811 1022 2833 ex
1051 2800 1287 2835 aberratione
1328 2800 1478 2833 duorum
1505 2797 1701 2842 primorum
1730 2800 1771 2830 et
1795 2805 1882 2840 pro·

0 2861 6 2905 Ξ
45 2892 47 2894 v
75 2846 247 2892 priorum.
302 2847 373 2882 Sed
400 2849 445 2882 de
474 2849 530 2884 his
559 2849 654 2884 infra
682 2850 801 2894 plura.
1162 2863 1171 2873 ·

167 2908 230 2941 niz
252 2909 407 2942 addenda
430 2915 507 2943 sunt
530 2921 593 2949 ea,
618 2922 703 2954 quae
729 2914 900 2954 adscripsit
924 2913 1087 2954 Keplerus
1122 2911 1192 2953 (vel
1219 2914 1427 2946 Maestlinus.
1464 2911 1578 2954 Comp.
1605 2915 1719 2943 annot.
1745 2907 1807 2948 5¹)
1832 2914 1882 2941 ta-

74 2954 370 2988 summan.

180 3003 271 3040 Tab.
303 3004 364 3040 1⁰.
397 3004 574 3051 inscripta
608 3012 683 3043 est:
726 3008 870 3042 Tabula
898 3008 943 3046 l..
986 3008 1166 3043 exbibens
1207 3010 1367 3047 ordinem
1401 3008 1642 3053 sphaerarum
1677 3007 1769 3042 coel.
1810 3016 1884 3039 mo-

0 3076 1 3084 1
50 3052 53 3084 Ῑ
75 3055 214 3100 hilm-1,
241 3057 421 3105 simulque
447 3069 573 3094 veram
599 3061 871 3105 proportionem
899 3060 1159 3106 magnitudinis
1192 3073 1319 3108 emm
1340 3062 1457 3107 juxta
1483 3055 1624 3106 medias
1652 3060 1722 3100 has
1742 3059 1883 3095 distau-

1930 190 2028 206 μ’

1954 212 2028 246 ..ο-σι’

1992 1952 2003 1958 ”’
1973 1889 2026 1941 3⁵3⁴&
2014 1862 2023 1868 .
