2028 3242
642 718 1312 785 Pnoomssun.

895 895 1069 902 —.----

196 1000 395 1052 Keplerus
437 1000 678 1053 conscripsit
725 999 776 1040 ab
820 1012 924 1039 anno
973 997 1082 1042 1595
1128 1013 1252 1053 usque
1297 1001 1349 1041 ad
1392 1013 1539 1041 annum
1574 999 1687 1042 1600
1720 1001 1880 1051 Graetii

82 1071 214 1098 annua
232 1057 535 1100 Calendaria
565 1072 636 1099 seu
660 1058 1017 1110 Prognostica,
1045 1059 1162 1110 jussu
1196 1060 1436 1108 ,‚ordinum“
1456 1059 1631 1113 styriae,
1663 1061 1757 1100 inde
1776 1061 1880 1101 Pra-

81 1130 157 1169 gae
200 1116 454 1169 imperatoris
486 1118 686 1169 Rudolphi
723 1116 927 1157 mandatis
966 1117 1192 1158 obsecutus.
1256 1118 1323 1158 Ab
1361 1130 1465 1158 anno
1508 1115 1618 1159 1606
1661 1125 1771 1159 certe
1806 1130 1881 1171 per

82 1175 236 1228 aliquot
271 1188 398 1217 annos
436 1190 486 1217 ea
522 1176 772 1216 conscribere
810 1175 949 1215 omisit
990 1182 1033 1216 et
1068 1176 1204 1228 Praga
1234 1189 1339 1217 anno
1385 1174 1496 1218 1612
1543 1177 1687 1217 relicta
1727 1177 1880 1219 Linciis

82 1235 239 1274 demum
279 1235 549 1276 intermissum
590 1235 689 1275 illud
731 1233 935 1286 negotium
972 1247 1022 1274 ex
1061 1235 1217 1286 integro
1261 1235 1462 1276 resumsit.
1531 1234 1621 1282 Quo
1665 1248 1772 1276 anno
1806 1236 1882 1276 hoc

84 1294 234 1332 factum
252 1293 308 1333 sit
325 1306 402 1333 non
425 1294 545 1345 plane
559 1298 731 1349 constat,
754 1293 927 1333 fortasse
947 1305 1024 1332 non
1044 1299 1139 1333 ante
1159 1306 1303 1334 annum
1325 1291 1447 1343 1617,
1469 1300 1660 1347 quantum
1678 1307 1700 1334 e
1715 1295 1883 1347 Kepleri

83 1350 227 1400 verbis,
260 1364 362 1405 quae
392 1352 498 1392 infra
527 1357 755 1404 sequentur,
788 1351 976 1403 colligere
1009 1352 1124 1399 licet;
1164 1358 1261 1405 quot
1290 1352 1382 1392 inde
1422 1353 1475 1392 ab
1505 1365 1552 1392 eo
1584 1359 1763 1405 tempore
1795 1351 1881 1394 Ca-

85 1410 265 1450 lendaria
300 1410 472 1462 ediderit
512 1410 747 1463 quandoque
784 1410 929 1449 iterum
966 1422 1048 1450 rem
1084 1410 1285 1462 ingratam
1321 1411 1532 1462 abjecerit,
1585 1412 1635 1451 de
1666 1413 1741 1451 hoc
1784 1410 1883 1452 item

84 1468 180 1508 nihil
198 1468 298 1509 certi
320 1469 518 1510 affirmare
537 1481 762 1520 possumus,
785 1468 860 1508 nisi
876 1468 992 1520 quod
1001 1469 1181 1509 ultimam
1203 1481 1276 1509 nos
1291 1468 1621 1510 Calendariorum
1641 1469 1884 1511 mentionem

85 1538 188 1566 anno
225 1524 339 1568 1624
368 1527 714 1580 deprehendimus.
777 1526 950 1574 (Linciis
981 1527 1020 1566 in
1052 1527 1252 1567 tabulario
1276 1534 1564 1568 conservantur
1583 1529 1766 1568 ordinum
1793 1529 1882 1570 Au-

84 1585 320 1625 striacorum
350 1586 532 1634 decreta,
575 1586 718 1638 quibus
750 1585 923 1637 Keplero
961 1597 1032 1637 pro
1065 1586 1194 1626 dedic.
1229 1585 1398 1626 Calend.
1431 1587 1484 1626 ad
1516 1599 1662 1626 annum
1699 1585 1809 1627 1617
1841 1594 1885 1628 et

84 1642 397 1684 Stereometriae
415 1644 716 1697 perscribuntur
740 1642 821 1684 150
841 1644 903 1692 fl.;
934 1656 1006 1696 pro
1029 1643 1116 1684 Cal.
1141 1641 1253 1685 1618
1286 1643 1341 1685 50
1362 1645 1424 1692 fl.;
1458 1643 1548 1684 Cal.
1579 1643 1691 1686 1619
1716 1642 1801 1686 100
1818 1646 1882 1694 fl.;

90 1699 200 1744 1620
230 1722 286 1730 -
317 1700 375 1744 50
394 1704 455 1753 fl.‚
473 1700 605 1744 -1623
639 1723 693 1730 -—
725 1700 783 1742 40
804 1703 865 1750 fl.)
927 1702 1096 1751 Turbae,
1132 1715 1233 1756 quae
1265 1704 1345 1744 illis
1377 1703 1623 1754 temporibus
1654 1704 1692 1743 in
1714 1704 1891 1744 Austris-

85 1761 287 1812 snperiore
317 1767 481 1802 exortae
514 1767 618 1810 sunt,
650 1761 797 1801 itinera
828 1760 1028 1800 Viennam
1058 1767 1100 1801 et
1130 1761 1170 1801 in
1201 1762 1587 1813 Wurttembergiam
1618 1762 1735 1801 annis
1771 1759 1884 1803 1624

87 1817 197 1860 et25
218 1826 419 1872 suscepta,
452 1820 632 1861 obsessio
651 1819 878 1860 Linciorum
898 1832 1002 1860 anno
1027 1817 1151 1868 1626,
1176 1820 1300 1860 statio
1313 1820 1455 1861 Ulmae
1473 1820 1614 1860 habita
1634 1821 1686 1860 ad
1706 1820 1883 1861 edendas

85 1877 262 1918 Tabulas
292 1878 571 1932 Rudolphinas
602 1891 704 1918 anno
742 1875 866 1925 1627,
900 1878 998 1918 haec
1030 1878 1164 1918 omnia
1194 1879 1300 1919 haud
1333 1879 1479 1919 scimus
1505 1891 1555 1918 an
1582 1879 1699 1919 fidem
1730 1879 1885 1920 faciant

85 1936 339 1988 conjecturae
370 1938 422 1978 ab
454 1950 557 1978 anno
594 1934 706 1978 1624
743 1937 893 1976 nullum
929 1949 1093 1989 prorsus
1132 1936 1419 1978 Calendarium
1456 1951 1482 1977 a
1518 1938 1705 1990 Keplero*
1732 1938 1885 1978 editum

87 2007 191 2035 esse.

205 2052 320 2099 Quae
350 2053 498 2105 publici
528 2053 630 2106 juris
662 2053 759 2093 fecit
788 2054 988 2105 Keplerus
1020 2053 1264 2094 Calendaria
1303 2054 1410 2094 inter
1446 2053 1601 2094 rariora
1637 2055 1883 2094 numeranda

90 2115 183 2151 sunt
210 2111 539 2152 bibliothecarum
570 2124 705 2163 opera.
769 2110 953 2163 Contigit
982 2112 1095 2152 nobis
1127 2113 1408 2152 celeberrimas
1432 2111 1687 2157 Germaniae,
1722 2112 1883 2153 Galliae

92 2175 134 2209 et
174 2169 371 2209 Bataviae
419 2170 683 2209 bibliothecas
726 2169 1014 2221 inquirentibus
1065 2176 1105 2210 et
1149 2171 1289 2210 amicis
1332 2183 1496 2222 operam
1538 2171 1688 2222 passim
1735 2172 1885 2211 frustra

91 2227 430 2279 impendentibus,
480 2233 650 2279 quatuor
692 2233 848 2267 tantum
892 2227 1274 2276 calendaria,
1330 2241 1521 2269 annorum
1569 2227 1700 2277 1598,
1755 2227 1879 2277 1599,

94 2284 205 2326 1605
236 2291 279 2325 et
302 2282 426 2333 1619,
458 2286 649 2337 accipere,
683 2285 760 2325 duo
791 2287 925 2337 priora
955 2299 976 2325 e
1002 2286 1245 2326 bibliotheca
1266 2286 1508 2335 Graetiensi‚
1544 2287 1764 2326 liberaliter
1783 2300 1882 2326 con-

93 2345 259 2384 cedente
279 2344 330 2383 D.
351 2343 606 2390 Krausler,
639 2343 940 2384 bibliothecario
963 2342 1209 2393 Graeciensi,
1241 2345 1394 2396 reliqua
1425 2357 1447 2383 e
1478 2344 1733 2384 bibliothecis
1762 2345 1883 2396 regiis

92 2402 312 2443 Dresdensi
342 2407 386 2442 et
417 2401 663 2442 Monacensi.
725 2402 801 2440 His
834 2402 992 2441 accedit
1008 2403 1382 2454 Prognosticum
1414 2403 1466 2442 ad
1491 2415 1635 2442 annum
1663 2401 1784 2451 1602,
1818 2404 1882 2442 in-

93 2461 287 2513 scriptum
305 2460 592 2512 „Astrologiae
613 2460 915 2508 fundamenta‚“
947 2461 1050 2511 quod
1070 2460 1315 2512 descriptum
1334 2460 1559 2512 accepimus
1591 2473 1612 2499 e
1641 2460 1886 2501 bibliotheca

92 2519 356 2567 Berolinensi,
387 2526 550 2559 curante
583 2518 838 2558 celeberrimo
869 2519 1154 2558 mathematico
1187 2520 1239 2559 D.
1271 2519 1456 2558 Martin
1489 2517 1626 2558 Ohm.

45 2588 47 2590 ·
207 2577 273 2617 Ex
308 2577 387 2626 his,
428 2590 527 2630 quae
572 2577 751 2617 referunt
787 2577 886 2616 haec
917 2575 1160 2617 Calendaria
1191 2583 1232 2616 et
1263 2577 1548 2629 Prognostica,
1590 2589 1668 2616 non
1711 2582 1802 2616 tota
1843 2583 1887 2616 et

94 2636 251 2676 sincera
278 2636 442 2687 Kepleri
483 2636 684 2676 sententia
727 2635 775 2674 de
806 2635 1042 2686 Astrologia
1083 2635 1229 2686 prodit.
1291 2635 1526 2686 Expurgate
1572 2635 1731 2686 quidem
1775 2636 1886 2675 illam

97 2694 317 2734 conabatur
347 2708 372 2733 a
401 2694 523 2734 nimia
554 2693 851 2746 superstitione,
883 2706 961 2744 qua
985 2694 1201 2732 scatebant
1232 2693 1321 2733 libri
1352 2693 1584 2744 astrologici
1612 2705 1748 2732 omnes
1781 2693 1888 2733 illius

95 2752 300 2804 temporis,
334 2765 529 2805 quamque
562 2753 718 2792 ardenti
751 2751 884 2791 studio
912 2752 1188 2792 ‚defendebant
1219 2751 1312 2795 viri,
1359 2752 1501 2804 quibus
1539 2751 1643 2791 alias
1673 2752 1886 2802 plurimum

97 2810 300 2850 tribuebat
338 2811 381 2851 in
421 2811 700 2851 astronomicis
739 2810 968 2861 (Maginus,
1014 2810 1249 2855 Fabricius,
1294 2807 1496 2861 Origanus
1528 2810 1642 2857 δια),
1686 2809 1889 2850 retinebat

97 2874 230 2909 tamen
260 2882 310 2908 ex
338 2869 430 2919 illa,
468 2882 569 2922 quae
609 2869 740 2909 minus
776 2868 855 2920 ipsi
885 2868 1060 2908 absurda
1095 2867 1350 2916 videbantur,
1395 2881 1443 2907 ne
1475 2867 1637 2907 nimium
1675 2868 1888 2908 disceden-

98 2927 192 2967 dum
229 2927 306 2979 ipsi
343 2933 456 2968 esset
489 2941 515 2968 a
551 2927 725 2979 receptis
776 2927 894 2978 vulgo
941 2926 1190 2978 opinionibus
1233 2931 1275 2965 et
1309 2938 1515 2978 procerum
1558 2926 1888 2980 imperatorisque

70 2986 256 3026 'studiis
317 2986 515 3038 Keplerus
557 2985 828 3026 astronomiae
860 2990 1048 3036 suscepto
1086 2985 1220 3024 studio
1262 2993 1304 3023 et
1347 2984 1566 3024 astronomi
1606 2985 1763 3025 functus
1799 2993 1888 3025 mu-

100 3056 193 3085 nere
242 3057 288 3084 eo
328 3044 416 3097 ipso
465 3045 518 3084 ad
567 3044 829 3095 astrologiam
866 3043 1060 3083 deductus
1108 3049 1190 3088 est,
1243 3042 1386 3095 quippe
1432 3055 1532 3095 quae
1574 3043 1648 3083 illa
1687 3048 1824 3083 aetate
1866 3058 1891 3085 a

1533 3111 1611 3145 19*
