1982 3268
55 57 113 102 88
854 58 1071 91 Prooemium.

56 167 139 207 Ime
173 166 258 206 also
296 165 335 205 in
374 165 450 205 eim
481 164 747 205 kunststuckh
778 177 826 205 zu
857 164 1086 204 erforschen
1112 168 1384 206 vnvonnotten
1410 177 1510 218 seyn
1541 164 1707 206 wiierdt.
1762 165 1867 206 Far-

58 229 146 265 sten
187 224 266 264 vnd
297 224 406 264 Hern
447 223 576 263 haben
611 223 777 263 solliche
817 223 963 263 sachen
1004 223 1115 263 nicht
1156 237 1233 264 von
1267 224 1338 264 des
1381 223 1584 276 taglichen
1619 221 1866 272 Gebrauchs,

58 283 224 324 sondern
258 295 334 322 von
368 283 439 322 der
475 282 609 323 Kunst
651 294 808 334 wegen:
856 282 918 343 die
950 282 1437 381 {Qhet
1466 282 1507 323 in
1538 282 1760 324 imitatione
1792 297 1868 324 na-

56 347 191 391 turae,
225 342 277 381 da
308 354 351 381 es
377 341 494 394 ‘nicht
525 341 598 389 mit
628 341 798 393 Zeigern
831 341 1015 394 zugeheb,

172 400 280 440 Wan
314 394 411 440 aber
443 401 505 440 die
539 400 635 441 sach
674 400 757 440 mit·
778 405 890 440 ernst
921 399 1189 453 anzugreiffen
1223 405 1352 449 ware,
1400 400 1520 453 glaub
1559 400 1623 441 ich
1655 400 1750 451 wol,
1795 401 1870 442 das

56 460 130 500 mir
161 460 255 499 sehr
285 459 554 500 beffirderlich
588 472 683 512 seyn
717 460 873 508 wiirde,
909 460 1055 500 andere
1089 459 1344 511 dergleichen
1370 460 1548 500 Werckh
1581 459 1685 500 auch
1715 473 1764 500 zu
1794 460 1868 500 be-

57 518 276 570 sichtigen‚
323 519 400 558 dan
446 519 514 559 Ieh
548 519 633 558 biss
666 518 761 558 dato
806 516 924 558 khe'in
958 519 1127 558 anderes
1159 519 1359 570 gesehen,
1407 520 1468 559 als
1509 519 1580 559 wie
1620 518 1675 559 im
1705 519 1871 560 Bericht

55 578 276 618 vermeldet
312 578 485 618 worden.
548 577 686 617 Wolte
718 577 786 617 Ich
819 578 913 618 Wol
957 578 1100 626 seben,
1146 578 1196 618 ob
1235 578 1344 619 eines
1382 578 1773 630 gefundenwiirde,
1818 579 1868 619 da

55 637 223 685 beedes‚
269 637 439 677 imitatio
485 642 650 677 naturae
693 641 735 676 et
777 637 930 677 indices
973 636 1051 691 bey
1088 637 1290 678 einander.
1355 637 1447 677 Dan
1491 637 1618 678 meins
1656 637 1870 678 erachtens

57 696 185 736 khans
217 696 328 736 nicht
360 709 481 749 seyn,
517 696 593 735 dan
628 709 670 735 es
703 694 826 736 leidet
855 695 905 735 Je
939 696 1024 736 eins
1057 696 1131 736 das
1163 697 1288 738 ander
1311 695 1439 746 nicht,
1474 697 1553 737 und
1579 697 1635 737 ist
1654 696 1774 737 allein
1806 697 1869 737 die
1910 698 1914 701 ’

58 755 164 807 frag,
198 754 376 796 wollichs
409 755 534 795 under
565 756 691 795 denen
724 755 972 795 kunstlicher
1003 755 1083 795 vnd
1114 756 1333 797 zierlicher.

115 831 126 833 ⁴
174 814 365 854 Bisshero
398 826 489 854 vom
522 813 712 854 Werckh.
774 813 867 854 Jam
901 815 952 854 ad
985 814 1078 855 alia.

148 908 225 940 Jam
249 907 432 949 Keplerus,
464 908 593 940 rediens
619 908 662 940 ad
688 912 880 940 consuetum
905 917 1107 945 sermonem,
1142 907 1245 940 latine
1271 908 1379 951 pergit
1404 907 1447 940 ad
1472 906 1738 951 chronologiam,
1773 916 1872 950 quam

55 955 198 997 pluribus
223 959 293 986 tum
317 965 374 996 per
398 955 511 987 literas
538 965 611 987 cum
635 955 815 988 Maestlino
840 955 1128 997 perscrutabatur,
1155 959 1190 987 et
1215 955 1399 990 concludit,
1424 955 1650 998 theologorum
1674 955 1872 988 minationes

54 1003 240 1044 ponderans
267 1001 437 1044 Copernici
462 1004 648 1036 sententiae
674 1004 800 1035 eminus
826 1003 1069 1046 obloquentium
1095 1000 1174 1042 (vid.
1201 1012 1300 1044 supra
1323 1013 1356 1045 p.
1371 1000 1445 1043 38).

151 1086 246 1118 Haec
271 1089 402 1117 tantum
428 1085 469 1116 de
495 1095 591 1127 opere
618 1084 812 1118 mechanico
839 1085 954 1118 addit:

173 1145 298 1184 Tuam
337 1157 511 1195 agnosco
551 1145 668 1184 fidem
718 1151 912 1196 perpetua
953 1145 1199 1197 gratitudine
1244 1146 1541 1186 celebrandam.
1604 1144 1769 1186 Utinam
1814 1145 1872 1186 ita

54 1216 118 1244 res
151 1204 412 1255 expediatur,
458 1209 502 1243 ut
530 1211 699 1256 uterque
733 1204 939 1246 laetemur.
1004 1203 1189 1253 Quaeso,
1237 1205 1272 1244 si
1303 1205 1433 1245 minus
1464 1216 1700 1257 responsum
1733 1204 1869 1246 statim

54 1276 262 1316 accepero,
297 1262 470 1311 scribas,
511 1263 602 1315 quid
636 1264 808 1304 futurum
842 1277 1023 1305 censeas,
1087 1265 1131 1304 In
1166 1264 1327 1305 decreto
1361 1264 1498 1305 videor
1531 1275 1750 1316 agnoscere
1783 1263 1869 1305 Lu-

55 1336 141 1362 cam
175 1321 432 1363 Osiandrum.

1828 1380 1843 1399 X

145 1415 301 1447 Latinum
320 1417 485 1457 scriptum,
511 1416 596 1458 quod
615 1417 650 1448 in
667 1417 876 1459 sequentibus
893 1417 995 1450 literis
1012 1419 1175 1449 memorat
1197 1415 1407 1454 Maestlinus‚
1426 1417 1529 1450 deest.
1556 1416 1699 1450 Schema.
1715 1417 1760 1450 ad
1774 1426 1869 1460 prae-

52 1463 152 1494 missa
176 1464 342 1504 pertinens
368 1472 389 1495 a
413 1464 505 1495 nobis
531 1465 684 1496 omissum
711 1468 770 1503 est,
798 1465 884 1506 quod
911 1469 944 1497 et
969 1466 1093 1505 majore
1115 1464 1221 1496 forma
1239 1468 1327 1497 esset
1343 1464 1577 1508 effingendum
1605 1468 1650 1503 et,
1675 1474 1762 1508 quae
1778 1465 1870 1507 Kep-

53 1510 138 1542 letus
163 1511 330 1550 proponit,
359 1511 459 1542 etiam
485 1512 605 1543 omissa
630 1512 851 1543 delineatione
878 1511 1017 1552 intelligi
1042 1515 1189 1552 possunt.
1827 1519 1830 1522 ’

149 1557 198 1589 Ex
223 1557 391 1589 Maestlini
422 1558 524 1589 literis
559 1557 605 1597 (d.
634 1559 665 1590 d.
693 1558 725 1590 4.
753 1556 843 1598 (14.)
869 1559 935 1590 Jul.
965 1557 1072 1598 1598)
1107 1559 1319 1600 responsoriis
1351 1559 1436 1592 haec
1468 1559 1704 1597 desumsimus:
1748 1560 1872 1602 Accepi

54 1604 123 1636 heri
147 1604 259 1636 literas
284 1608 358 1636 tuas
385 1615 458 1636 cum
483 1605 596 1637 rotulis
623 1604 679 1646 (ex
703 1610 797 1647 parte
825 1603 1041 1645 confractis),
1081 1606 1124 1638 ad
1159 1606 1400 1648 designandum
1434 1607 1536 1638 animi
1566 1607 1614 1640 tui
1647 1607 1815 1639 intentum
1837 1608 1872 1639 in

53 1652 244 1683 fabricando
271 1662 367 1693 opere
394 1654 623 1684 astronomiae.
673 1653 865 1685 Institntum
891 1657 983 1684 tuum
1015 1653 1093 1685 mihi
1125 1653 1301 1685 admodum
1325 1653 1448 1695 placet.
1500 1654 1591 1686 Deus
1615 1653 1777 1697 largiatur
1800 1654 1871 1687 feli-

54 1699 218 1731 cissimum
244 1694 441 1731 successum.
493 1700 587 1741 Ego,
626 1704 799 1742 postquam
837 1701 1024 1742 diligentius
1055 1700 1201 1743 relegero
1238 1704 1271 1732 et
1307 1701 1419 1733 omnia
1441 1701 1642 1735 sufficienter
1664 1702 1872 1744 pensitavero

56 1744 123 1786 (ut,
156 1746 182 1777 si
208 1747 375 1787 quaesitus
402 1747 500 1786 fuero,
528 1748 725 1788 respondere
757 1746 911 1788 possim),
949 1749 1068 1779 curabo
1102 1748 1144 1780 ad
1169 1748 1217 1779 111.
1245 1749 1424 1789 principem
1448 1748 1628 1781 transferri.
1677 1749 1869 1783 Maluissem

55 1797 166 1826 antem
190 1797 362 1835 utrumque
387 1798 479 1826 tuum
505 1796 679 1835 scriptum,
717 1795 949 1827 Germanicum
975 1798 1008 1827 et
1033 1795 1189 1827 Latinum
1224 1793 1372 1836 (praeter
1399 1795 1572 1837 epistolam
1597 1796 1641 1828 ad
1663 1806 1717 1829 me
1743 1796 1868 1832 datam,

53 1850 137 1882 quae
164 1841 264 1871 etiam
288 1841 436 1881 privata,
464 1851 547 1883 quae
573 1843 658 1874 inter
683 1852 741 1873 nos
766 1847 879 1874 mutuo
905 1847 999 1878 sunt,
1028 1840 1208 1882 continet),
1234 1853 1300 1874 non
1325 1843 1404 1874 mihi
1433 1844 1592 1884 inscripta
1617 1853 1710 1881 esse,
1737 1843 1796 1876 sed
1819 1843 1871 1876 vel

53 1887 243 1925 indefinite,
270 1892 428 1929 tanquam
455 1889 497 1920 ad
522 1890 666 1930 quemvis
691 1890 857 1927 lectorem,
884 1890 934 1921 vel
961 1889 1003 1922 ad
1029 1890 1134 1931 ipsum
1159 1890 1338 1931 principem
1364 1890 1466 1922 fuisse
1492 1890 1630 1923 directa.
1672 1890 1762 1923 Nam
1785 1899 1871 1932 quae

53 1935 87 1966 in
111 1935 274 1975 prooemio
303 1935 469 1972 „defensio
495 1936 671 1977 propositi“
699 1937 746 1968 tui
773 1942 839 1973 est,
875 1947 939 1978 qua
967 1937 1140 1978 „exempla
1163 1937 1296 1969 vetera“
1324 1937 1403 1969 mihi
1426 1937 1565 1973 recitas.
1602 1938 1679 1970 mihi
1705 1938 1867 1973 dicuntur.

54 1982 148 2023 quasi
172 1982 230 2013 tibi
257 1983 436 2014 contrarius
470 1984 622 2019 fuissem.
659 1985 797 2026 ideoque
829 1985 877 2016 tui
911 1985 1065 2025 propositi
1097 1984 1176 2015 mihi
1208 1985 1351 2016 rationes
1377 1985 1515 2017 fuissent
1547 1985 1761 2022 reddendae,
1795 1995 1870 2017 cum

54 2033 168 2060 tamen
192 2029 276 2061 haec
303 2030 420 2061 eadem
445 2031 594 2071 exempla
619 2041 679 2073 ego
707 2036 785 2064 ante
816 2033 977 2068 noverim,
1012 2035 1168 2072 tuumque
1199 2031 1261 2063 hoc
1295 2032 1464 2064 inventum
1499 2041 1587 2063 nunc
1621 2032 1794 2074 aliquoties
1818 2032 1869 2064 Ill.

53 2076 190 2117 principi
210 2076 250 2108 de
269 2077 392 2117 optima
409 2082 489 2109 nota
507 2080 814 2116 commendaverim,
842 2084 885 2116 et,
914 2080 941 2111 si
965 2083 1002 2111 tu
1028 2079 1187 2121 languere
1211 2079 1379 2115 voluisses,
1405 2079 1484 2111 mihi
1507 2079 1720 2117 incubuisset,
1745 2083 1784 2111 ut
1809 2089 1870 2122 ego

53 2123 143 2155 hisce
169 2124 322 2164 exemplis
347 2129 381 2156 te
407 2134 603 2157 revocarem.
656 2125 721 2158 Sed
748 2126 791 2158 ad
816 2128 958 2161 tertium.
986 2127 1137 2158 nimirum
1161 2126 1213 2157 vel
1237 2127 1415 2167 principem
1453 2126 1503 2158 vel
1527 2127 1562 2158 in
1586 2136 1709 2169 genere
1735 2127 1779 2159 ad
1801 2127 1869 2160 lec-

55 2174 177 2209 torem,
205 2175 242 2202 ut
268 2175 301 2202 et
325 2172 411 2212 ipse,
442 2172 520 2203 licet
544 2174 646 2213 primo
672 2174 792 2205 intuitu
816 2184 883 2205 non
909 2174 1091 2216 intelligat,
1126 2173 1380 2206 oblectationem
1404 2174 1439 2205 in
1465 2183 1503 2206 eo
1530 2178 1687 2215 quaerat,
1724 2174 1870 2206 defensio

54 2217 138 2249 haec
164 2218 335 2259 dirigenda
359 2219 486 2250 fuisset.
506 2243 513 2250 .
534 2241 542 2249 .
563 2244 570 2251 .
620 2220 748 2252 Videbo
773 2226 902 2258 tamen,
935 2223 962 2253 si
987 2222 1086 2253 verba
1110 2220 1170 2252 illa
1201 2220 1252 2253 vel
1284 2225 1412 2253 mutare
1449 2221 1499 2253 vel
1531 2221 1703 2254 obliterare
1734 2222 1865 2264 possim,
1923 2244 1926 2250 ·

55 2274 96 2296 ne
124 2264 208 2296 Cels.
235 2266 335 2306 ipsius
361 2267 539 2306 existimet,
573 2278 625 2299 me
652 2268 740 2300 aliud
765 2269 842 2309 ipsi,
869 2269 1066 2300 contrarium
1097 2268 1155 2300 tibi
1194 2268 1381 2309 scripsisse,
1414 2268 1740 2301 undemetuendum
1766 2272 1864 2307 esset,

54 2321 95 2343 ne
121 2316 225 2343 totum
250 2313 310 2345 hoe
334 2317 426 2345 tuum
451 2314 618 2346 inventurn
644 2321 677 2346 et
704 2325 782 2356 opus
808 2316 896 2358 apud
923 2316 1007 2348 cels.
1035 2316 1135 2357 ipsius
1161 2315 1308 2348 vilescat.
1668 2350 1673 2352 .

150 2359 279 2401 Alioqui
303 2360 418 2392 modus
444 2364 477 2393 et
502 2361 606 2393 forma
637 2365 706 2403 eJ'us
737 2364 785 2394 tui
817 2364 928 2404 scripti
958 2363 1168 2395 vehementer
1201 2364 1332 2404 placet,
1370 2366 1421 2395 est
1455 2364 1542 2395 enim
1575 2363 1671 2396 valde
1705 2363 1869 2397 eruditum

55 2407 221 2447 scriptum,
249 2408 333 2448 quod
357 2408 468 2448 procul
496 2408 591 2440 dubio
619 2414 651 2441 et
675 2411 812 2452 principi
838 2414 871 2442 et
897 2411 1088 2443 consiliariis
1107 2410 1224 2442 harum
1240 2420 1348 2442 rerum
1364 2410 1622 2453 intelligentibus
1639 2415 1771 2453 gratum
1795 2411 1868 2444 erit.

147 2452 309 2486 Numeros
344 2455 523 2487 rotularum
561 2466 737 2498 earumque
774 2458 923 2499 periodos
959 2458 1105 2490 nondum
1141 2458 1336 2490 examinavi.
1387 2457 1551 2490 Videntur
1582 2461 1696 2491 tamen
1721 2458 1870 2499 nonnulli

55 2502 180 2532 numeri
206 2501 352 2533 dentium
377 2503 471 2534 nimis
497 2505 621 2545 magni,
646 2506 799 2537 nimirum
824 2505 911 2538 ultra
937 2503 1005 2536 200
1031 2510 1065 2537 et
1090 2503 1169 2536 300.
1209 2505 1278 2537 Hos
1305 2515 1404 2547 aegre
1425 2506 1535 2547 capiet
1558 2502 1641 2536 rota'
1657 2505 1740 2538 adeo
1766 2505 1870 2544 exilis,

55 2552 88 2578 et
112 2549 289 2580 verendum
315 2554 383 2585 est,
417 2554 454 2581 ut
478 2551 543 2582 sint
569 2551 720 2583 diuturni.
770 2552 846 2585 Meo
871 2554 971 2596 igitur
991 2553 1115 2593 judicio
1150 2557 1335 2593 praestaret
1367 2553 1649 2594 superimpositam
1686 2561 1766 2585 nam
1790 2552 1869 2585 nihil
1926 2567 1930 2574 ¹

54 2595 206 2631 referret,
230 2606 287 2637 pro
313 2606 380 2628 una
406 2597 486 2629 duas
512 2598 580 2630 fieri
607 2604 704 2631 rotaS.

150 2642 201 2674 De
228 2653 354 2675 canone
379 2645 413 2675 in
442 2643 532 2676 6000
559 2655 662 2677 annos
688 2651 724 2678 ut
749 2648 792 2678 sis
819 2648 993 2684 sollicitus,
1021 2657 1101 2689 opus
1127 2658 1193 2680 non
1218 2651 1288 2685 est;
1314 2648 1378 2678 imo
1403 2655 1466 2678 nec
1492 2646 1532 2678 de
1558 2647 1655 2679 annis
1682 2645 1767 2684 100,
1793 2647 1871 2688 quia

56 2688 194 2726 sufficit,
231 2691 375 2733 singulas
407 2692 585 2724 tardiorum
610 2694 759 2734 periodos
785 2696 911 2729 metiri,
950 2698 982 2727 et
1016 2705 1089 2729 cum
1117 2696 1163 2727 eis
1188 2695 1384 2727 velociorum
1411 2702 1520 2725 crasso
1546 2694 1641 2726 modo
1666 2702 1867 2735 comparare·

55 2734 141 2766 Nam
168 2737 201 2767 in
225 2737 273 2768 his
299 2738 445 2770 thesauri
470 2744 610 2772 naturae
635 2751 843 2783 nequaquam
876 2743 1030 2784 explicari
1061 2747 1221 2783 possunt;
1259 2741 1400 2778 sufficit,
1435 2740 1620 2781 hujusmodi
1651 2750 1753 2782 opera
1781 2741 1870 2773 intre.

58 2779 101 2812 30
129 2792 230 2814 annos
256 2795 320 2816 non
346 2787 542 2818 sensibiliter
567 2797 692 2824 errare,
719 2794 753 2820 et
778 2789 853 2830 quid
880 2794 968 2825 tum.
1006 2790 1068 2822 etsi
1093 2789 1255 2823 Saturnus
1279 2792 1355 2830 post
1379 2788 1460 2820 duas
1487 2788 1656 2829 periodos,
1682 2788 1715 2819 h.
1741 2798 1770 2820 e.
1795 2792 1870 2829 post

58 2825 102 2858 60
129 2838 242 2868 annos,
269 2841 333 2862 uno
360 2838 458 2874 atque
478 2834 580 2866 altero
598 2836 714 2877 gradu,
740 2837 790 2868 vel
808 2837 909 2868 etiam
927 2837 1029 2868 tribus
1047 2837 1201 2879 gradibus
1219 2834 1372 2867 aberret?
1413 2834 1509 2867 Certe
1534 2844 1643 2876 pauca
1666 2835 1730 2867 vidi
1755 2835 1865 2875 hujus-

58 2875 141 2906 modi
160 2877 376 2910 instrumenta
395 2879 473 2918 (imo
493 2880 644 2919 nullum).
672 2884 786 2924 quibus
806 2883 889 2915 Solis
914 2889 1021 2916 motus
1047 2893 1175 2915 annuus
1201 2882 1288 2914 ultra
1313 2879 1379 2913 365
1398 2878 1412 2897 ⁰
1435 2881 1561 2914 habeat
1585 2883 1687 2914 etiam
1703 2882 1867 2924 quadran-

58 2925 124 2953 tem
150 2923 223 2954 diei.
276 2925 344 2965 Ego
371 2931 459 2958 certe
485 2928 621 2968 plurimo
647 2930 757 2962 labore
783 2931 917 2962 tandem
945 2931 1102 2972 ejusmodi
1127 2939 1298 2966 numeros,
1330 2929 1381 2970 qui
1409 2930 1510 2960 etiam
1535 2929 1752 2971 quadrantem
1777 2929 1867 2961 illum

57 2969 219 3007 hab-ant,
247 2972 389 3004 invenire
414 2976 514 3013 potui.
565 2976 635 3008 Nec
661 2982 772 3008 tamen
798 2978 855 3009 ill'a
881 2988 1007 3020 organa
1031 2978 1177 3010 Uraniea
1199 2980 1374 3018 propterea
1397 2977 1489 3017 parvi
1514 2976 1608 3007 fiunt.

153 3016 266 3048 Metuo
293 3022 422 3055 autem,
456 3031 497 3052 ne
523 3022 606 3054 istae
633 3024 831 3063 objectiones
858 3029 890 3057 et
924 3025 1156 3059 difficultates.
1192 3023 1330 3065 quasin
1354 3024 1473 3063 scripto
1498 3027 1554 3054 tuo
1579 3023 1699 3054 multas
1723 3023 1782 3054 tibi
1806 3023 1866 3063 ipsi

60 3062 182 3102 objicis,
212 3072 234 3095 a
257 3065 419 3096 nonnullis
445 3067 551 3098 sciolis
578 3070 675 3101 veluti
696 3081 842 3103 enormes
862 3073 1114 3104 exorbitationes
1132 3072 1348 3113 accipiantur,
1374 3074 1473 3111 atque
1491 3070 1577 3111 apud
1594 3069 1772 3111 principem
1789 3079 1866 3102 exa-

1961 2418 1982 2729 „„.„..—..„„r;‡.;„‚„n„.'.ssi..ss
1976 2337 1982 2407 sp.
1979 2217 1982 2326 .,.-....-.
1979 2150 1982 2205 num
1950 2094 1953 2095 Ἰ
1981 2051 1982 2055 Α

1949 3158 1953 3162 ·
1944 3114 1960 3138 ³¹·
1934 2750 1974 3107 mfflfissfi
1958 2728 1964 2738 '-
1954 2654 1970 2707 fin
1950 2616 1971 2645 «ξς,
