2028 3242
891 53 944 85 De
968 41 1206 82 Fundamentis
1996 11 2007 87 1

149 85 236 130 434

2002 103 2008 173 ἰ
2025 157 2028 163 .

273 246 378 288 Esto
408 233 647 293 principium
676 227 795 280 hyem

160 307 374 353 admodum
405 295 564 349 frigida.
625 288 691 329 Ex
721 295 769 324 eo

163 369 338 424 quietem
370 359 495 410 frigus
522 353 688 405 justum.
734 337 996 387 Quindecimo
1639 359 1642 361 v
2005 319 2010 344 ὲ

165 428 238 470 sed
267 420 381 464 venti
411 407 616 458 manifesti
647 410 690 446 et
718 397 853 443 nimbi.
914 388 1085 434 Natalia
1123 378 1307 423 sextilem
1343 369 1497 412 habent
1533 356 1699 404 Saturni
1735 356 1778 393 et
1811 343 1972 390 Martis,
2004 354 2009 379 1

641 465 695 513 it;
727 459 819 502 inde
853 450 1010 496 sextilis
1040 440 1215 486 Veneris
1249 440 1290 476 et
1319 423 1511 472 Mercurii
1540 420 1672 462 nivem
1690 403 1976 465 superinjiciet.

169 487 236 541 qui
266 482 393 535 frigus
425 466 638 517 confirmab

897 506 1072 552 Thesis
1103 497 1258 543 LXIII.
1618 516 1625 525 ,

292 588 639 646 configurationes
671 582 708 622 L
1120 561 1129 569 '
1498 533 1750 592 upradictam
1778 517 1980 579 praeterii.

1198 613 1338 655 'tidem
1377 601 1601 655 explicatas
1653 586 1861 641 eclipticus
1900 578 1985 630 ejus

178 734 268 765 cum
299 716 394 758 Sole
435 714 674 759 congressus
713 700 806 737 ante
845 686 965 731 futuri
1005 680 1098 724 anni
1128 671 1386 730 principium:
1425 666 1472 702 ut
1509 662 1551 698 et
1582 650 1742 706 gemina
1770 635 1989 698 plenilunia

181 778 369 831 ecliptica
399 773 438 812 in
470 765 570 808 locis
601 757 703 801 coeli
734 747 953 806 oppositis,
999 742 1167 783 alterum
1197 733 1238 773 in
1274 723 1350 770 17⁰
1375 720 1446 764 48¹
1477 720 1540 766 Π,
1585 711 1696 764 cujus
1731 702 1891 748 initium
1919 705 1993 749 per

185 832 508 882 observationem
537 822 602 863 hic
633 819 790 868 Pragae
820 809 1027 850 inventum
1057 797 1100 840 9.
1131 788 1324 836 Decemb.
1356 784 1458 824 hora
1481 776 1524 818 5.
1549 786 1603 814 m.
1630 769 1687 816 7.,
1713 763 1804 806 finis
1827 760 1928 800 hora
1951 751 1992 794 8.

185 913 238 941 m.
273 893 342 937 33.
376 899 496 943 quam
524 878 704 936 proxime
737 872 789 913 ad
821 865 1016 909 calculum
1035 850 1235 911 Tychonis
1267 842 1485 887 accedens:
1517 833 1688 874 alterum
1705 820 1748 864 4.
1767 817 1880 862 Junii
1903 810 1998 855 anni

192 953 319 1000 1602.
366 951 407 990 in
449 939 526 987 13⁰
567 936 636 981 32¹
677 937 737 983 ᾦ,
782 928 893 981 cujus
929 919 1087 963 initium
1808 878 1817 887 '

191 1018 329 1058 Terra.
382 1005 546 1048 orietur
577 1002 667 1039 tota
696 993 736 1033 in
767 983 965 1031 tenebris:
1003 976 1094 1018 finis
1129 973 1230 1013 hora
1260 964 1301 1008 9.
1333 974 1388 1002 111.
1421 953 1463 998 6.

193 1079 201 1087 ’
235 1076 243 1085 ”
270 1074 278 1082 ”
587 1058 595 1066 ”
742 1047 783 1091 4.
815 1047 914 1087 Dec.
945 1041 1046 1081 hora
1079 1033 1116 1075 1.
1154 1043 1208 1070 m.
1245 1023 1294 1067 17
1362 1015 1542 1059 Medium
1578 1009 1677 1049 hora
1712 999 1755 1042 2.
1785 1007 1840 1042 m.
1873 990 1932 1035 42
1962 988 2004 1029 in

1215 1118 1224 1127 .
1274 1053 1435 1123 decidit
1466 1070 1539 1113 Sol
1579 1070 1672 1107 ante
1703 1061 1836 1101 finem.
1891 1051 2007 1102 Haec

1278 1141 1319 1182 ‘d
1355 1135 1528 1199 eclipses
1557 1125 1748 1180 possunt,
1786 1111 1906 1155 valde
1942 1107 2008 1174 in-

229 1900 413 1954 equidem
444 1901 582 1932 omnes
611 1889 697 1924 tres
729 1876 899 1927 eclipses
930 1869 970 1908 in
1001 1863 1095 1903 Jovi

230 1960 354 2002 vialia
382 1945 634 2003 incommoda
665 1934 948 1990 significarent,
980 1927 1079 1977 puta
1110 1923 1304 1968 teporem,
1331 1911 1373 1946 et
1402 1903 1590 1943 humores
1621 1889 1845 1939 corruptos,
1869 1876 2028 1928 indeque

233 2013 444 2061 nascentia
473 1999 735 2049 incommoda.

349 2085 352 2088 ’
964 2041 998 2081 Τ
1005 2040 1031 2080 h
1039 2050 1059 2078 e
1070 2035 1110 2076 si
1121 2047 1139 2073 s
1171 2026 1323 2072 LXIV.

877 2101 1049 2144 idebitur
1081 2084 1395 2135 occidentalibus
1439 2075 1503 2117 die
1540 2068 1612 2112 28.
1642 2056 1904 2109 Novembris,
1947 2063 2028 2104 qua

885 2163 950 2203 hic
993 2159 1152 2206 Pragae
1195 2144 1359 2197 incipiet
1401 2139 1443 2179 in
1475 2134 1574 2186 ipso
1615 2136 1718 2180 pene
1749 2117 1858 2162 Solis
1897 2114 2028 2153 exorti

245 2257 464 2301 Lunaeque
507 2250 666 2282 occasu.
731 2224 845 2276 Quae
885 2233 973 2263 cum
1015 2214 1136 2257 cadat
1166 2207 1272 2248 infra
1302 2203 1482 2243 nostrum
1510 2188 1779 2232 horizontem,
1821 2179 1869 2216 ut
1907 2175 1949 2212 et
1982 2167 2028 2208 ill

1434 2266 1501 2302 ns3
1545 2246 1638 2302 quid
1681 2235 1846 2282 attinuit
1880 2227 2028 2280 tragico

253 2310 415 2364 eclipsis
450 2301 578 2348 Solis,
624 2304 743 2348 quam
775 2287 837 2328 die
873 2279 940 2323 19.
973 2273 1083 2318 Junii
1112 2265 1265 2309 videbit
1295 2258 1431 2302 occide

800 2344 846 2386 e?
907 2333 1083 2380 Ridiculi
1113 2327 1294 2382 profecto
1326 2322 1432 2385 sunt,
1466 2310 1531 2365 qui
1562 2300 1740 2361 portenti
1768 2297 1856 2338 loco
1876 2289 2028 2339 allegam

251 2375 299 2414 de
330 2370 382 2410 iis
415 2366 612 2406 clamores
643 2351 797 2394 excitat

897 2399 933 2440 si
963 2407 1041 2437 non
1074 2382 1286 2443 quotannis
1318 2386 1460 2431 quinae
1479 2369 1546 2410 vel
1565 2361 1782 2419 quaternae
1807 2348 2028 2399 contingam*

358 2129 456 2173 Alia
486 2126 625 2166 Lunae
659 2110 820 2165 eclipsis
850 2119 874 2145 v

239 2198 361 2250 juxta
404 2184 600 2230 calculum
643 2168 843 2230 Tychonis

264 2786 305 2825 in
337 2781 446 2823 coelo
480 2777 631 2816 frustra
660 2774 805 2807 novum
836 2751 998 2798 attoniti
1031 2745 1234 2787 mirantur.

1000 2801 1173 2847 Thesis
1204 2792 1336 2837 LXV.

385 2898 447 2937 De
481 2900 638 2933 annona
669 2883 799 2924 dicere
831 2871 1026 2915 lubricum
1056 2858 1268 2904 admodum
1299 2835 1385 2891 est.
1431 2842 1537 2883 Nam
1569 2831 1674 2888 quod
1698 2821 1902 2868 naturalia
1925 2813 2028 2858 attin

1391 2905 1399 2912 '
1630 2892 1639 2900 '
1695 2882 1870 2928 fortuitis
1899 2873 2028 2930 pende

271 2960 340 3008 (de
359 2954 437 2996 Dei
467 2944 719 3004 providentia
749 2937 880 2979 sciunt
911 2925 1080 2972 omnes),
1109 2928 1211 2959 anno

1102 2979 1111 2988 ‘
1174 2976 1181 2983 “
1285 2969 1293 2977 ”
1318 2967 1406 3006 ‘one
1439 2964 1649 3001 annorum,
1683 2953 1847 3000 quorum
1873 2934 1973 2978 illud
2003 2943 2028 2975 s

272 3015 419 3071 partim
461 3011 510 3050 ab
552 3007 626 3047 illa
669 2995 899 3052 supradicta

276 3080 421 3118 natura
461 3061 656 3121 praesciri
699 3054 859 3109 nequit,
904 3049 955 3089 ho
1467 3011 1775 3062 Astrologorum
1814 3008 1909 3040 vero
1938 2994 2028 3047 part
