2028 3242
183 94 210 138 4
223 97 271 138 10
941 95 1076 131 Literna
1100 96 1237 138 Kepleri
1630 125 1649 138 ,

184 216 279 255 ago,
319 207 364 243 ut
402 202 616 243 veritatem
655 213 729 253 ego
770 201 901 255 (cujus
943 208 1123 243 assertor
1161 215 1247 242 sum
1285 207 1464 254 promtus
1501 215 1679 256 semper,
1719 215 1798 244 non
1836 214 1993 256 semper

186 257 374 314 idoneus)
414 262 467 302 ad
509 272 638 301 meum
680 262 931 302 commodum
969 261 1150 313 dirigam.
1217 262 1259 301 In
1300 261 1481 302 omnibus
1517 263 1789 315 prognosticis
1825 262 1866 302 id
1899 275 1989 315 ago,

184 327 229 362 ut
260 322 308 361 de
334 320 505 373 promtis
537 320 766 365 sententiis,
799 333 900 373 quae
933 321 1028 360 mihi
1061 330 1185 361 ‘verae
1217 321 1420 370 videntur,
1455 326 1616 372 gustum
1647 322 1819 375 aliquem
1845 322 1991 374 jucun-

185 381 326 421 ditatis
360 385 402 421 et
432 379 660 432 majestatis
693 384 859 421 naturae
903 380 1120 432 praebeam
1150 379 1231 420 illis
1264 393 1386 432 supra
1417 380 1591 421 definitis
1622 381 1722 422 meis
1754 381 1990 422 lectoribus:

186 441 221 481 si
262 441 364 480 forte
395 452 468 492 per
500 439 574 479 hoc
607 439 832 480 excitentur
864 439 915 479 ad
947 452 1010 480 me
1044 444 1158 480 tanto
1190 439 1333 492 majori
1366 452 1453 480 cum
1480 440 1630 480 salario
1649 440 1847 487 alendum,
1870 440 1991 494 cujus

184 500 294 540 nulla
326 499 456 540 adhuc
488 498 670 539 accessio
703 499 813 538 facta
846 500 992 551 (neque
1025 500 1118 539 dum
1147 499 1351 551 impensae
1383 499 1479 539 mihi
1505 499 1751 549 restitutae).
1812 500 1925 540 Haec
1957 499 1991 539 si

181 559 444 611 probaveris,
472 559 560 611 jam
591 570 710 609 porro
741 558 837 598 mihi
870 570 946 598 non
969 559 1238 608 succensebis,
1273 560 1390 612 quod,
1425 564 1606 600 assertor
1625 558 1871 612 astrologiae
1903 571 1991 599 cum

183 619 255 658 sim
287 618 421 659 verbis
453 623 496 658 et
528 629 667 669 opere,
708 617 893 658 studeam
925 623 1058 657 tamen
1099 619 1201 658 hanc
1234 619 1378 660 animis
1417 619 1619 659 hominum
1652 618 1991 659 existimationem

183 677 434 730 implantare,
468 690 547 717 non
578 690 668 717 esse
699 689 762 717 me
794 689 987 745 nugacem
1019 678 1282 731 astrologum.
1345 679 1391 719 Id
1429 678 1503 718 hoc
1545 691 1648 719 anno
1686 679 1783 727 feci,
1829 677 1991 731 reject-is

186 737 360 789 quartis,
393 736 710 777 revolutionibus
742 717 1013 788 affifluis2“'quo
1045 737 1202 778 nomine
1236 738 1357 779 etiam
1387 739 1658 779 revolutiones
1689 743 1919 780 menstruae
1950 742 1991 777 et

182 802 413 847 quartarum
443 796 598 836 censeri
629 796 735 836 volo.
798 797 1013 849 Nunquam
1032 798 1113 838 illis
1133 798 1343 850 quicquam
1361 798 1497 846 tribui,
1528 798 1589 839 nti
1609 798 1837 839 meminisse
1856 803 1988 850 potes.

183 855 366 896 Sufficiet
403 855 544 908 cuique
583 855 661 895 diei
701 861 891 908 aspectus
930 870 1038 898 suus,
1099 858 1390 900 Revolutiones
1429 858 1630 899 hominum
1669 863 1712 898 et
1741 857 1895 898 urbium
1925 855 1990 896 hic

187 915 355 968 excipio.
424 915 549 955 Aliud
587 919 652 955 est
690 915 829 964 homo,
882 916 990 956 aliud
1028 921 1315 970 tempestatum
1358 917 1499 958 series.
1567 917 1699 958 Unum
1734 916 1830 957 mihi
1860 916 1991 969 possit

190 975 329 1027 objici,
365 974 567 1014 conditum
599 987 688 1014 esse
720 975 907 1015 mundum
939 975 978 1015 in
1012 982 1122 1017 certo
1152 982 1300 1029 puncto
1332 977 1485 1017 zodiaci
1519 975 1614 1017 Sole
1644 979 1857 1016 versante:
1890 988 1989 1016 ean—

186 1035 278 1074 dem
310 1046 405 1086 ergo
437 1033 633 1073 rationem
665 1047 755 1074 esse
788 1035 941 1076 reditus
967 1034 1075 1077 Solis
1108 1037 1160 1077 ad
1191 1036 1232 1076 id
1262 1041 1464 1088 punctum,
1497 1049 1598 1088 quae
1625 1040 1690 1076 est
1707 1035 1861 1076 reditus
1881 1033 1990 1075 Solis

186 1094 237 1133 ad
268 1098 457 1145 punctum
488 1093 730 1134 nativitatis.
794 1094 1047 1148 Respondeo,
1083 1109 1178 1149 ergo
1199 1096 1406 1136 differatur
1430 1096 1634 1147 negotium
1652 1107 1702 1135 eo
1726 1106 1864 1148 usqne,
1896 1093 1991 1134 dum

141 1187 145 1189 -
185 1159 294 1195 recte
326 1165 399 1193 nos
432 1154 604 1193 doceant
635 1153 879 1206 chronologi,
909 1167 984 1207 quo
1006 1155 1097 1195 anni
1117 1161 1297 1208 tempore
1318 1155 1372 1195 sit
1395 1155 1581 1195 conditus
1599 1154 1782 1194 mundus.
1834 1151 1990 1200 Quam-

185 1214 246 1254 vis
279 1213 358 1254 etsi
389 1213 430 1253 id
461 1217 683 1261 teneamus,
718 1227 742 1252 a
772 1213 915 1254 baculo
948 1219 1081 1254 tamen
1115 1215 1166 1255 ad
1187 1215 1375 1267 angulum
1402 1227 1478 1254 non
1500 1214 1678 1267 seqnitur
1697 1217 1989 1266 argumentum.

185 1274 230 1313 In
263 1274 393 1313 reditu
427 1272 583 1324 quidem
616 1271 724 1312 Solis
764 1273 904 1313 eadem
935 1278 1002 1313 est
1028 1275 1152 1322 ratio,
1192 1279 1236 1314 at
1267 1286 1344 1314 non
1377 1273 1417 1314 in
1449 1273 1652 1326 subjecto,
1693 1272 1799 1326 quod
1827 1271 1991 1313 revolu-

185 1332 360 1372 tionibus
392 1331 626 1371 variandum
658 1333 904 1384 proponitur.
967 1332 1178 1381 Similiter,
1197 1346 1360 1374 causam
1380 1333 1520 1380 habes,
1552 1345 1622 1373 cur
1641 1332 1816 1372 animam
1836 1331 1987 1371 Terrae

185 1391 356 1431 tribuam
393 1391 432 1431 in
467 1389 709 1431 Germanico
748 1392 898 1444 scripto
936 1392 1184 1441 brevissimis
1221 1393 1369 1433 verbis.
1433 1393 1538 1433 Nam
1576 1404 1641 1432 res
1672 1391 1763 1443 ipsa
1799 1389 1884 1432 scio
1919 1387 1992 1430 tibi

186 1464 262 1491 non
295 1450 535 1502 displicebit.
596 1450 878 1491 Fundamenta
916 1452 1125 1492 universae
1165 1453 1371 1492 doctrinae
1402 1447 1747 1503 ‘meteorologicae
1789 1448 1992 1502 proposui.

185 1510 289 1550 Illud
321 1509 507 1549 existimo
539 1509 613 1549 tibi
639 1510 855 1562 jucundum
888 1510 1008 1551 etiam
1042 1511 1146 1552 fore:
1180 1512 1283 1563 quod
1306 1520 1400 1551 *rem
1431 1510 1724 1564 quotidianam,
1758 1508 1992 1549 admiratio—

185 1569 245 1608 nis
283 1574 418 1609 tamen
459 1568 656 1609 maximae
700 1571 840 1621 (quam
879 1571 1072 1622 astrologi
1105 1570 1478 1623 superstitionibus,
1522 1568 1748 1622 philosophi
1785 1566 1993 1608 calumniis

185 1629 370 1677 obruunt,
403 1633 449 1668 ut
481 1628 675 1668 hactenus
708 1643 731 1668 a
761 1629 919 1669 nemine
953 1630 1201 1682 investigata
1232 1630 1307 1677 sit)
1339 1629 1378 1669 iu
1411 1630 1539 1669 lucem
1568 1628 1682 1676 sisto,
1716 1627 1899 1680 quodque
1920 1626 1993 1666 hoc

185 1693 304 1739 pacto
338 1687 627 1739 quodammodo
668 1687 929 1740 philosophos
971 1701 1108 1729 omnes
1149 1689 1335 1729 cohortor
1373 1689 1424 1728 ad
1455 1687 1808 1739 investigationem
1845 1698 1993 1726 causa—

185 1759 288 1795 rum,
329 1759 397 1787 cur
421 1746 610 1797 planetae
647 1759 719 1798 per
758 1752 946 1804 aspectus
987 1753 1142 1788 tantum
1180 1753 1412 1800 operentur,
1458 1760 1535 1787 non
1573 1747 1671 1787 item
1702 1747 1795 1794 (aut
1824 1757 1903 1785 non
1935 1745 1996 1784 ita

186 1805 364 1853 fortiter)
396 1818 469 1857 per
500 1818 564 1844 se:
598 1818 739 1857 nempe
771 1813 817 1845 ut
849 1807 1030 1858 exemplo
1063 1813 1174 1856 utar,
1218 1820 1287 1848 eur
1318 1812 1412 1847 ante
1445 1807 1646 1847 octiduum
1677 1818 1764 1845 cum
1797 1805 1996 1844 distarent

184 1862 211 1915 Β
245 1870 287 1904 et
318 1870 352 1910 <5
383 1876 440 1916 gr.
475 1862 543 1911 50,
579 1877 655 1904 non
689 1865 836 1904 fuerint
866 1866 1026 1917 pluviae
1059 1872 1102 1906 et
1132 1866 1300 1906 nebulae
1334 1871 1374 1905 et
1405 1866 1531 1914 nives,
1570 1864 1688 1905 hodie
1721 1876 1808 1904 cum
1840 1862 1997 1903 distant

185 1936 244 1980 gr.
280 1921 349 1971 60,
383 1922 465 1962 sint
496 1923 615 1963 illae?
649 1936 735 1963 cum
768 1929 902 1963 tamen
935 1926 1170 1964 tantundem
1205 1925 1302 1965 lucis
1329 1924 1512 1976 utrinque
1532 1924 1722 1971 habeant,
1757 1923 1994 1974 eosdemque

187 1983 268 2022 fere
303 1987 412 2022 ortus
445 1987 487 2020 et
519 1995 686 2022 occasus
719 1987 918 2023 tueantur.
984 1983 1156 2032 Quarto,
1193 1985 1330 2024 eadem
1351 1983 1556 2023 excusatio
1583 1982 1759 2034 pertinet
1789 1981 1912 2021 etiam
1944 1981 1995 2020 ad

186 2041 447 2093 appendicem
486 2041 534 2079 de
567 2041 719 2092 eclipsi.
794 2042 969 2093 Magna
1014 2056 1113 2082 sum
1156 2056 1270 2083 usus
1317 2041 1655 2088 immodestia,
1703 2040 1743 2079 si
1787 2039 1996 2092 prodeat

184 2100 274 2139 hoc
314 2100 686 2151 prognosticum
732 2100 777 2139 in
824 2099 1146 2142 Germaniam.
1221 2101 1471 2141 Audacter
1511 2100 1777 2153 polliceor,
1823 2103 1993 2138 osten-

185 2159 298 2198 dere
331 2170 398 2197 me
430 2170 577 2209 posse
609 2164 876 2199 tractatum
902 2160 1147 2212 integrum
1180 2161 1234 2200 de
1267 2173 1339 2209 ea,
1376 2160 1535 2212 qualis
1566 2171 1679 2199 vero
1712 2157 1994 2198 tractatus?

183 2218 359 2259 Nullus
393 2217 565 2266 adhuc,
600 2217 643 2257 si
675 2230 836 2258 verum
870 2219 1044 2260 fatear.
1109 2219 1190 2259 Sed
1222 2225 1355 2259 tamen
1390 2220 1424 2259 si
1458 2219 1545 2271 quis
1575 2222 1751 2270 peteret,
1784 2214 1995 2256 Maestliui

184 2277 326 2316 literae
358 2288 429 2327 pro
464 2289 526 2315 me
559 2277 827 2328 loquerentur,
863 2278 927 2318 ubi
960 2279 1130 2318 maxime
1163 2292 1327 2318 necesse
1360 2283 1483 2318 esset.
1546 2277 1653 2317 Nam
1688 2275 1827 2316 statim
1858 2287 1994 2315 mense

183 2335 334 2376 Martio
379 2335 507 2375 adhuc
549 2335 692 2387 scripsi
733 2337 783 2376 ad
816 2335 841 2378 3
874 2338 1065 2389 paginas,
1113 2338 1342 2392 petentibus
1379 2337 1439 2377 ita
1478 2333 1991 2389 quibusdamAbbatibus,

185 2395 256 2434 sed
288 2393 535 2446 populariter
583 2394 668 2434 sine
708 2400 894 2447 computo
934 2396 1077 2436 seriem
1112 2397 1281 2448 explicui
1320 2400 1440 2436 natae
1474 2395 1671 2447 paulatim
1702 2393 1803 2434 artis
1835 2405 1886 2432 ex
1916 2390 1993 2432 ob-

185 2453 501 2498 servationibus,
548 2453 849 2507 hypothesibus,
882 2455 1057 2503 tabulis,
1105 2455 1424 2507 ephemeridibus
1462 2466 1585 2506 usque
1627 2453 1678 2492 ad
1708 2451 1990 2504 prognostica:

186 2512 324 2552 addidi
357 2512 668 2564 descriptionem
701 2527 815 2553 meae
849 2514 1166 2562 observationis,
1201 2515 1333 2554 omnia
1366 2514 1415 2554 ad
1448 2524 1577 2553 meum
1609 2511 1858 2551 commodum
1888 2509 1991 2550 mei-

186 2584 259 2623 que
293 2571 412 2610 officii
453 2571 726 2612 fundationem
767 2572 905 2613 direxi.
968 2573 1096 2614 Nemo
1140 2578 1276 2613 tamen
1315 2573 1355 2612 id
1400 2572 1503 2624 quod
1548 2570 1691 2622 scripsi
1731 2569 1843 2609 vidit.
1909 2567 1992 2608 Sed

184 2630 313 2682 major
353 2629 542 2670 fortassis
582 2631 752 2671 audacia
792 2630 1086 2683 interponent-is
1125 2645 1215 2672 sese
1259 2632 1365 2672 inter
1401 2630 1606 2683 opiniones
1645 2628 1854 2668 artificum.
1915 2627 1992 2667 Hic

186 2690 289 2728 enim
321 2701 397 2728 non
430 2693 609 2736 tantum,
644 2691 747 2743 quod
779 2690 860 2730 ista
884 2691 1101 2731 vernacula
1131 2691 1269 2743 lingua
1300 2690 1490 2738 scribam,
1524 2688 1596 2728 sed
1629 2687 1763 2735 etiam,
1798 2686 1903 2739 quod
1934 2686 1993 2726 ita

185 2748 372 2795 seutiam,
405 2747 628 2788 miraberis.
691 2750 864 2790 Feceras
896 2754 939 2789 tu
972 2750 1212 2790 mentionem
1245 2749 1374 2789 obiter
1399 2747 1675 2788 diminuendae
1701 2743 1994 2797 e'nnenoomwc

185 2806 358 2855 solaris,
405 2819 483 2858 qua
524 2812 564 2847 et
594 2811 965 2859 προσθαφαιρεσεις
998 2808 1322 2848 diminuerentur.
1385 2807 1432 2847 Id
1470 2818 1544 2858 ego
1582 2805 1640 2845 uti
1672 2804 1804 2844 obiter
1830 2802 1990 2855 arripui,
2025 2793 2028 2842 4,

186 2865 242 2905 sic
275 2865 398 2905 etiam
430 2865 560 2906 obiter
580 2867 822 2914 confirmavi,
856 2867 1024 2907 dicendo
1056 2880 1106 2906 ex
1137 2866 1409 2919 magnitudine
1436 2864 1606 2905 aestatis
1626 2875 1703 2903 non
1725 2874 1845 2915 posse
1866 2861 1992 2902 statui

187 2924 234 2963 de
268 2923 583 2973 eccentricitate,
616 2930 781 2977 propter
813 2926 1040 2977 analogiam
1075 2926 1321 2977 superiorum
1359 2925 1610 2975 planetarum
1642 2921 1682 2961 in
1715 2920 1991 2973 aequantibus,

187 2995 288 3033 quae
321 2982 456 3034 utique
490 2983 611 3023 etiam
644 2983 781 3024 Solem
812 2990 970 3032 teneat,
1005 2984 1248 3025 si‘rationes
1279 2982 1577 3035 philosophicas
1609 2992 1837 3032 sequamur.
1900 2979 1989 3018 Ve-

187 3052 272 3079 rum
305 3041 396 3080 dum
427 3041 528 3081 bene
548 3043 763 3094 perpendo,
798 3043 956 3083 invenio
990 3043 1040 3082 ad
1067 3043 1290 3095 juvandum
1310 3041 1503 3082 calculum
1528 3039 1748 3080 vernalium
1767 3043 1808 3078 et
1828 3041 1988 3078 autum-
