1982 3268
718 119 895 153 ηαιῑωεο
920 120 1071 152 aarum
1093 118 1220 162 μκή..
1818 116 1878 161 99

72 237 212 277 pagos,
245 226 406 278 oppida,
437 225 676 277 provincias,
710 239 836 278 regna
866 226 918 266 ad
949 225 1056 266 orbis
1084 225 1294 279 imperium
1313 226 1555 272 ascenderit„
1589 226 1722 266 omnia
1750 225 1875 278 probe

70 285 347 336 perspexerit;
378 297 519 336 neque,
551 290 597 325 nt
627 290 722 325 sunt
751 284 938 334 humana,
970 285 1181 338 quicquam
1212 284 1324 325 ullibi
1354 285 1552 337 repererit
1578 286 1755 332 beatum,
1784 284 1877 325 diu-

71 347 242 392 turnum,
275 349 316 383 et
348 343 443 392 tale,
477 355 552 395 quo
584 343 687 383 finiri
718 349 761 383 et
791 341 966 384 saturari
997 347 1121 397 queat
1148 342 1237 396 ejus
1269 345 1487 396 appetitus.
1533 344 1646 384 Tunc
1677 344 1781 384 enim
1810 343 1876 384 in-

71 401 195 454 cipiet
221 402 389 443 meliora
419 414 623 455 quaerere,
654 407 749 442 tnnc
777 416 803 442 a
820 403 950 443 Terra
977 402 1055 443 hue
1082 402 1123 443 in
1154 402 1310 443 coelum
1341 403 1547 451 ascendet,
1578 408 1673 444 tuac
1700 403 1878 444 animum

72 460 221 501 fes-imi
251 461 357 502 curis
388 461 572 502 inanibus
601 461 652 501 ad
683 462 787 501 hanc
818 461 993 514 quietem
1022 462 1262 510 transferet,
1294 467 1390 501 tunc
1422 461 1556 501 dicet:

493 531 805 621 ''mma-‚5⁵
813 530 1262 620 mmmm*
1277 531 1538 618 &imaum

70 645 192 688 qnare
224 641 477 678 contemnere
507 637 685 690 incipiet,
718 650 819 691 quae
851 638 945 677 olim
972 637 1329 690 praestantissima
1359 637 1527 685 censuit,
1546 637 1649 693 'sola
1677 636 1776 676 haec
1799 635 1876 676 Dei

70 706 194 748 opera
212 696 346 749 magni
365 696 501 745 faciet,
533 702 654 750 atque
673 708 824 737 meram
845 701 887 736 et
912 696 1111 737 sinceram
1129 697 1292 736 tandem
1316 697 1569 748 voluptatem
1599 707 1650 735 ex
1681 694 1743 735 his
1773 706 1875 735 con-

70 755 397 808 templationibus
434 755 582 808 capiet.
645 754 916 797 contemnant
958 755 1081 808 igitur
1123 754 1224 796 haec
1261 760 1304 795 et
1340 754 1566 807 hujusmodi
1602 754 1875 803 meletemata,

70 813 290 868 quicunque
335 820 679 869 quantumcunque
722 815 884 863 volent,
928 820 1200 867 quaerantque
1241 814 1317 855 sibi
1359 814 1610 867 undiquaque
1653 813 1875 862 commoda,

69 873 247 922 divitias,
278 874 517 914 thesauros:
549 874 789 914 astronomis
819 874 975 914 isthaec
1006 873 1138 926 gloria
1166 873 1354 922 sufficiat,
1387 873 1493 926 quod
1523 872 1773 926 philosophis
1803 885 1879 913 sua

70 995 204 1031 tamen
223 991 392 1044 aliquos,
424 991 491 1044 qui
521 1005 619 1032 suae
645 991 723 1032 sihi
747 991 969 1032 senectutis
994 991 1085 1032 hinc
1105 997 1338 1044 conparent
1355 991 1563 1039 solatium3
1594 990 1702 1030 tales
1720 1001 1876 1041 nempe,

69 1050 136 1102 qui
165 1050 297 1102 quoad
326 1050 589 1102 magistratus
619 1055 851 1104 gesserunt,
887 1051 949 1090 itu.
978 1062 1023 1090 se
1054 1056 1286 1102 gesserunt,
1323 1055 1369 1090 ut
1401 1050 1514 1090 liberi
1546 1049 1744 1089 morsibus
1768 1061 1875 1089 eon·-

68 1108 259 1149 scientiae
289 1109 445 1149 habiles
476 1121 567 1150 esse
598 1110 756 1163 possint
786 1109 965 1150 fruendis
995 1109 1107 1149 hisce
1138 1109 1305 1149 deliciis.

68 1344 158 1384 nica
197 1345 260 1384 vel
291 1345 378 1397 jam
410 1343 911 1397 Copernicopythagoraea
928 1341 962 1392 ί)
993 1344 1168 1396 sphaera
1195 1344 1425 1396 planetaria
1454 1349 1666 1396 tantopere
1696 1342 1874 1396 placeat,

6 1406 15 1440 -ζ
68 1407 113 1443 nt
142 1403 278 1443 orbem
309 1409 505 1443 terrarum
535 1415 623 1443 cnm
654 1416 705 1442 ea
734 1407 962 1451 commutet,
996 1402 1410 1456 digitoqne‘circnlos,
1445 1415 1562 1454 quam
1594 1403 1762 1456 populos
1793 1401 1872 1442 im-

69 1461 191 1514 periis
219 1474 361 1514 regere
394 1461 524 1502 malit.

17 1538 19 1540 ·
185 1520 276 1561 Non
307 1520 407 1560 haec
437 1532 485 1560 eo
517 1520 626 1568 dico,
659 1520 734 1560 viri
765 1519 1019 1572 amplissimi,
1052 1525 1098 1560 ut
1126 1532 1273 1560 novum
1301 1520 1555 1572 paradoxon,
1594 1531 1716 1559 seoes
1744 1519 1873 1560 disci—

15 1591 20 1624 j
69 1579 206 1631 pulos,
237 1579 279 1618 in
308 1591 470 1619 scenam
499 1591 572 1619 seu
602 1579 642 1618 in
673 1579 836 1619 scholas
865 1579 1110 1632 producam:
1150 1578 1223 1618 sed
1258 1584 1319 1620 ut‘
1341 1584 1537 1631 appareat
1566 1579 1767 1631 quodnam
1796 1590 1873 1632 ge-

68 1637 229 1678 nuinum
260 1643 417 1690 tempus
450 1638 505 1678 sit
533 1649 705 1678 messem
737 1637 786 1678 de
819 1638 882 1678 his
913 1638 1058 1678 studiis
1084 1638 1312 1690 colligendi.
1363 1637 1447 1678 Cur
1477 1637 1581 1678 enim
1613 1637 1662 1677 de
1692 1643 1874 1678 semente

23 1712 33 1726 -.
69 1695 254 1736 facienda
284 1693 404 1736 alite'r
434 1709 510 1749 ego
541 1696 726 1744 sentiam,
761 1702 881 1750 atque
912 1696 986 1737 viri
1016 1697 1317 1749 prudentissimi
1349 1697 1399 1736 de
1430 1701 1570 1736 vestra
1600 1707 1774 1736 corona:
1807 1696 1873 1748 qni

17 1751 28 1799 s
65 1753 168 1796 hee
187 1755 322 1795 studia
339 1755 445 1796 inter
467 1755 684 1808 praecipua
714 1760 966 1804 censuerunt„
1000 1767 1102 1809 quae
1127 1756 1370 1808 juvenilibus
1402 1754 1627 1795 nobilitatis
1659 1754 1802 1795 animis
1834 1755 1874 1794 in

28 1847 32 1870 3
66 1817 206 1853 vestra
257 1814 397 1854 schola
443 1821 769 1867 proponerentur.
845 1814 914 1855 Sic
964 1815 1070 1855 enim
1121 1814 1375 1863 existimant,
1431 1825 1560 1866 neque
1604 1814 1738 1866 aptius
1781 1826 1872 1854 esse

27 1882 37 1911 ’ς’
68 1883 192 1924 genus
236 1872 435 1914 hominum
470 1873 522 1913 ad
571 1874 741 1914 colenda
782 1873 1032 1914 mathemata
1074 1873 1305 1920 nobilitate,
1355 1879 1400 1912 ut
1439 1871 1581 1925 quibus
1618 1879 1730 1912 artes
1768 1872 1872 1914 aliae

62 1931 122 1978 ‚sd
150 1931 301 1972 victum
330 1932 640 1984 comparandum
670 1945 748 1972 ηοη
779 1932 839 1972 ita
875 1933 1148 1981 necessariae,
1188 1945 1261 1971 nec
1298 1931 1456 1983 aptiora
1492 1931 1693 1972 nobilitati
1736 1931 1873 1972 studia

66 1989 373 2039 mathematicis,
405 1996 639 2043 propterea,
671 1991 776 2043 quod
805 1991 966 2032 occulta
995 1997 1039 2032 et
1068 1991 1234 2032 mirifica
1264 1990 1436 2042 quadam
1467 1990 1662 2031 facultate
1692 1991 1873 2042 polleant

12 2044 47 2105 f
65 2059 163 2100 prae
193 2049 355 2097 ceteris,
387 2050 542 2090 feroces
573 2049 726 2090 animos
756 2051 810 2090 ad
840 2051 1130 2090 humanitatem
1161 2049 1305 2103 agique!
1317 2049 1495 2097 εαξη-,ίῳ
1520 2062 1653 2089 oermn
1683 2054 1872 2089 terrena-

51 2109 705 2175 Q
750 2108 832 2155 Qui
864 2109 1018 2149 fructus
1041 2109 1122 2149 etsi
1147 2109 1385 2149 difficultate
1415 2114 1459 2148 et
1489 2108 1706 2148 insolentia.
1732 2113 1869 2148 mate·-

33 2167 35 2170 ’
66 2176 138 2215 rici
162 2166 375 2218 juvenibus
406 2167 654 2216 obscuratur,
686 2169 848 2208 senibus
874 2173 1021 2216 tamen,
1055 2169 1112 2208 uti
1132 2168 1249 2207 modo
1269 2167 1430 2216 dictum,
1464 2179 1537 2207 suo
1562 2173 1744 2219 tempore
1776 2178 1868 2207 sese

35 2223 40 2234 ²
66 2225 276 2277 patefacit.

183 2283 317 2336 Atque
348 2283 447 2323 haec
479 2295 553 2335 ego
582 2284 778 2324 hactenus
815 2290 908 2324 cum
935 2285 984 2324 de
1014 2284 1294 2336 praesentibus
1331 2284 1523 2336 pagellis,
1563 2289 1647 2324 tum
1680 2285 1729 2324 de
1762 2284 1869 2324 omni

32 2354 42 2385 '1
67 2342 324 2390 astronomia,
358 2342 409 2381 ad
437 2355 509 2382 vos
541 2342 808 2383 astronomiae
840 2349 883 2383 et
913 2342 1147 2383 literaturae
1178 2343 1303 2383 totius
1323 2347 1538 2391 amatores,
1573 2342 1662 2383 Viri
1681 2343 1867 2395 Amplis-

6 2418 45 2445 ,ἐπ
67 2400 182 2450 simi;
218 2407 264 2442 ut
304 2402 390 2454 ejus
421 2413 494 2440 vos
526 2401 783 2447 admoneam,
825 2401 928 2454 quod
965 2401 1120 2453 pridem
1157 2401 1332 2441 tenetis:
1376 2414 1503 2454 neque
1535 2402 1633 2441 nulli
1666 2401 1750 2441 usui
1782 2402 1866 2441 fore

2 2503 3 2506 ,
30 2482 37 2508 3
66 2460 153 2508 hoc,
186 2461 290 2512 quod
307 2460 468 2500 humilis
493 2460 615 2499 offero
647 2466 691 2499 et
720 2460 873 2508 dedico,
906 2461 1151 2511 opusculum,
1183 2459 1308 2507 vobis,
1342 2460 1522 2511 quivere
1539 2460 1740 2513 generosi,
1772 2471 1866 2499 vere

34 2517 40 2534 ²
65 2519 219 2559 nobiles
249 2519 376 2559 estis:
419 2524 461 2558 et
492 2518 526 2558 si
558 2531 678 2571 quam
707 2518 865 2558 laudem
897 2524 1071 2558 meretur
1100 2518 1299 2567 inventio,
1339 2518 1451 2558 illam
1490 2530 1637 2569 magna
1668 2531 1719 2558 ex
1749 2524 1866 2569 parte

48 2577 119 2630 >ad
149 2590 219 2618 vos
250 2577 462 2630 pertinere,
496 2578 563 2629 qui
593 2583 732 2617 vestra
763 2577 1004 2616 liberalitate
1030 2582 1243 2628 vestroque
1274 2576 1473 2628 stipendio
1505 2576 1601 2616 mihi
1631 2577 1866 2616 occasiones

6 2635 13 2684 ’ς
32 2634 110 2676 ”fet
135 2637 261 2676 otium
290 2636 388 2676 haec
418 2636 478 2676 ita
514 2636 806 2676 comment-andi
843 2635 1012 2674 fecistis.
1074 2635 1260 2686 Accipite
1291 2635 1436 2686 igitur,
1480 2635 1571 2674 Viri
1601 2634 1864 2686 Amplissimi,

0 2702 13 2746 ὴζ
46 2693 140 2734 {roc
179 2694 286 2747 grati
328 2695 451 2734 animi
493 2695 739 2747 symbolum,
784 2706 923 2745 meque
966 2693 1156 2733 humilem
1195 2693 1381 2733 clientem
1409 2694 1451 2733 in
1481 2699 1660 2733 vestram
1689 2693 1865 2745 gratiam

11 2754 281 2806 ¹131'isci1›ite;
313 2759 356 2792 et
386 2753 554 2805 denique
587 2753 810 2792 assuescite
841 2752 947 2791 inter
979 2752 1183 2799 Atlantes,
1215 2751 1402 2799 Perseas‚
1434 2750 1629 2799 Oriones,
1662 2750 1864 2792 Caesares

12 2835 13 2850 2
49 2808 317 2864 ssslphonsos,
363 2811 650 2864 Rhodolphos,
701 2818 935 2862 ceterosque
979 2810 1246 2850 astronomiae
1289 2815 1538 2861 promotores
1557 2808 1617 2857 Β)
1643 2811 1860 2851 accenseri.

12 2876 15 2887 ²
57 2868 227 2911 valete.
288 2870 424 2911 Idibus
456 2870 583 2921 Maji:
617 2870 683 2923 qui
714 2871 798 2910 dies
831 2875 923 2908 ante
954 2882 1100 2908 annum
1130 2868 1284 2908 initium
1316 2869 1391 2908 fuit
1421 2868 1535 2920 hujus
1566 2868 1731 2910 laboris.

60 2939 65 2941 “
346 2929 425 2968 Αη]
455 2959 465 2968 .
495 2929 550 2968 V.

428 2941 453 2981 p
486 2986 660 3026 Humilis
690 2985 730 3025 in
762 2986 900 3026 schola
929 2989 1070 3024 vestra
1101 2984 1326 3025 Graetiana
1353 2984 1661 3026 mathematicus

1310 3043 1376 3085 M.
1405 3042 1594 3084 Joaanee
1619 3042 1833 3097 Kella-m

1442 3102 1728 3155 wittenburg.

1521 3169 1543 3204 7
1556 3171 1579 3191 «Ι»

68 931 266 980 scribunt,
303 945 381 973 non
413 932 578 982 rabulis,
610 933 784 985 regibus,
815 944 893 973 nou
924 932 1169 984 pastoribus.
1230 932 1427 973 Praedico
1458 931 1656 983 intrepide
1669 963 1681 980 ,
1719 931 1876 973 futuros
1927 976 1930 978 ,

1963 550 1980 740 ww...

182 1166 348 1208 Existet
365 1168 508 1208 iterum
529 1167 735 1210 Carolus
767 1168 924 1220 aliquis,
943 1170 983 1215 ⁸)
1014 1166 1095 1220 qni,
1125 1179 1213 1207 cnm
1233 1167 1407 1219 Europa,
1441 1166 1572 1220 quoad
1604 1166 1873 1219 imperaverit,

66 1237 146 1266 non
177 1232 401 1279 caperetur,
434 1227 565 1267 fessus
596 1227 786 1279 imperiis,
820 1226 966 1278 exigua
983 1226 1028 1267 S.
1048 1225 1159 1267 Justi
1178 1226 1323 1267 cellula
1354 1226 1563 1278 capiatur:
1597 1226 1737 1278 cuique
1766 1222 1874 1264 iuter
1926 1233 1934 1245 ³

11 1287 15 1317 ἲ
69 1290 132 1325 tot
161 1286 405 1339 spectacula,
437 1286 590 1334 titulos,
624 1285 865 1337 triumphoS,
898 1290 962 1325 tot
992 1285 1176 1333 divitias,
1210 1286 1346 1333 urbes,
1380 1297 1523 1336 regna,
1555 1285 1673 1326 unica
1702 1282 1872 1324 Turria-
1925 1306 1939 1309 >

1945 1308 1975 1498 xs*‘'“‘*⁵
