2028 3242
132 92 157 134 2
167 93 181 133 1
191 92 218 134 8
930 93 1146 125 Prooemium.

131 199 194 251 agi
227 204 411 250 coeptum
444 199 594 248 fuerat,
635 199 711 239 nisi
745 212 852 239 mors
900 201 1026 240 feram
1064 199 1171 239 illam
1221 199 1412 252 singulari
1451 200 1641 241 beneficio
1674 200 1876 242 affecisset
1907 206 1950 241 et

129 272 281 310 poenae
316 258 574 298 subduxisset
607 258 936 299 meritissimae.“
1633 289 1639 298 .

247 318 374 358 Ursus
414 318 613 371 Tyehonis
659 319 875 358 adventum
918 319 956 357 111
997 318 1130 357 aulam
1170 317 1421 369 Pragensem
1466 318 1593 358 noluit
1636 318 1830 372 opperiri,
1877 319 1947 359 sed

130 382 235 416 metu
275 376 445 416 actionis
499 377 692 417 adversus
739 391 781 416 se
825 377 995 417 forensis
1049 389 1346 429 poenarumque
1389 376 1678 418 imminentium
1714 379 1848 431 Praga
1889 391 1945 426 se,

130 436 281 487 aliquot
314 441 531 488 antequam
563 437 817 477 adversarius
851 437 954 476 hanc
988 437 1266 488 ingrederetur
1307 436 1563 487 septimanis,
1605 437 1710 478 clam
1737 437 1816 478 alio
1849 437 1947 477 sub-

129 495 254 535 duxit.
331 495 452 535 Teste
497 496 683 536 Jessenio
729 496 940 548 piofugum
986 496 1134 536 Ursum
1177 496 1296 547 paulo
1358 501 1453 548 post
1503 496 1643 537 eodem
1685 509 1788 566 anno
1835 494 1947 538 1599

128 554 319 594 incertum
353 567 427 605 quo
460 555 499 594 in
537 556 622 595 loco
655 568 760 595 mors
795 555 997 607 oppressit
1029 555 1212 606 vivisque
1246 555 1405 595 exemit.

244 614 400 654 Ansam
443 615 715 654 simultatibus
753 615 855 654 inter
896 628 983 654 eum
1025 619 1067 653 et
1098 614 1327 667 Tychonem
1372 614 1556 666 praebuit
1599 618 1797 667 systema,
1843 615 1947 667 quod

128 673 255 713 Ursus
300 673 503 713 inventum
542 688 566 713 a
598 687 640 713 se
684 687 772 713 esse
806 674 1019 726 jactabat,
1064 673 1199 726 Tycho
1239 678 1374 714 autem
1406 673 1482 713 sibi
1523 673 1573 713 ab
1611 673 1680 714 illo
1723 678 1948 727 surreptum

129 733 398 772 contendebat
437 733 766 782 astronomicum,
812 733 852 774 in
889 733 1195 782 „Fundamento
1239 732 1535 773 astronomico“
1570 746 1607 772 a.
1646 731 1758 774 1588
1791 733 1946 773 descri-

128 796 258 843 ptum,
297 791 335 831 in
385 792 699 845 „hypothesibus
746 792 1053 832 astronomicis“
1103 804 1206 831 anno
1252 789 1362 833 1597
1410 791 1585 832 dictione
1630 791 1752 832 ferme
1791 791 1947 833 scurrili
2007 838 2022 847 ,

129 851 346 891 defensum.
410 851 497 890 Hoc
530 851 569 890 in
603 852 793 892 extremis
814 852 1077 892 Pomeraniae
1109 851 1251 906 finibus
1277 851 1372 890 Kal.
1396 849 1488 891 Oct.
1521 849 1646 899 1585,
1679 864 1768 891 cum
1789 850 1946 904 coper-

126 909 202 949 nici
234 910 542 950 Revolutionum
580 911 702 951 libros
747 911 979 963 diligentius
1018 910 1257 958 evolvisset,
1306 915 1520 963 ternasque
1553 910 1800 960 Ptolemaei,
1843 910 1944 951 Ari-

127 969 277 1008 starchi
312 974 354 1008 et
385 970 590 1020 Apollonii
622 970 794 1022 Pergaei
826 971 1072 1024 hypotheses
1107 970 1211 1009 inter
1243 981 1285 1008 se
1320 969 1558 1009 contulisset
1596 974 1638 1009 et
1676 969 1816 1011 harum
1846 969 1945 1010 ulti-

127 1041 231 1067 mam
272 1028 526 1076 invertisset,
572 1030 844 1081 excogitatum
886 1045 910 1070 a
948 1043 991 1070 se
1031 1042 1121 1068 esse
1165 1029 1361 1080 perhibet.
1431 1029 1551 1069 Anno
1582 1025 1708 1070 1586
1745 1028 1945 1070 Cassellis

129 1086 343 1127 Guilielmo
378 1087 632 1139 Landgravio
666 1089 774 1129 istud
820 1103 843 1128 a
877 1103 919 1130 se
953 1093 1092 1129 narrat
1125 1088 1349 1135 detectum,
1396 1101 1420 1127 a
1450 1087 1770 1129 Rothmanno
1809 1089 1947 1141 (quem

125 1147 352 1187 Rotzmann
385 1148 562 1198 scoptice
595 1161 753 1199 semper
785 1149 984 1200 appellat)
1018 1151 1187 1187 exeunte
1221 1161 1257 1186 a.
1295 1145 1406 1188 1587
1434 1147 1652 1201 Tychoni
1683 1159 1774 1188 esse
1803 1147 1945 1202 prodi-

128 1211 223 1245 tum.
287 1205 479 1246 Ultimum
523 1207 746 1247 accessisse
789 1208 903 1247 addit
934 1208 1223 1247 Helisaeum
1255 1206 1542 1247 Roeslinum
1586 1211 1629 1246 et
1657 1207 1699 1246 in
1731 1207 1833 1247 libro
1867 1207 1944 1255 „de

127 1278 245 1316 opere
280 1264 535 1306 Creationis“
575 1265 685 1308 1597
718 1267 941 1319 publicato,
986 1266 1154 1306 eandem
1185 1265 1395 1318 Apollonii
1433 1270 1474 1306 et
1505 1265 1708 1319 Tyehonis
1741 1266 1955 1320 hypothe«

126 1325 185 1363 sin
218 1325 351 1376 plagio
384 1325 601 1376 impudenti
633 1339 705 1378 pro
739 1340 812 1366 sua
843 1327 1046 1374 vindicare
1086 1331 1127 1365 et
1157 1325 1393 1366 Raimarum
1425 1325 1542 1366 simul
1574 1324 1761 1366 convitiis
1795 1324 1946 1367 adoriri

128 1397 203 1422 1100
238 1383 459 1424 erubuisse.

244 1443 355 1482 Haec
388 1444 641 1483 Mollerus.
704 1444 815 1484 Idem
859 1444 963 1483 inter
1002 1443 1154 1495 scripta
1191 1443 1286 1484 Ursi
1326 1442 1489 1483 exhibet
1529 1442 1674 1482 librum
1712 1442 1944 1499 germanico

128 1514 308 1541 sermone
329 1503 630 1543 concinnatum:
668 1502 767 1542 Geo
783 1502 951 1543 daesia
971 1502 1292 1542 Ranzoviana
1317 1502 1430 1554 Lips.
1460 1499 1594 1554 1583,
1634 1501 1672 1541 in
1693 1502 1807 1554 quus
1826 1502 1946 1545 titulo

128 1561 278 1601 autoris
311 1574 450 1601 nomen
479 1567 520 1602 et
550 1563 684 1613 patria
717 1562 825 1603 hisce
858 1562 991 1602 verbis
1026 1562 1321 1614 exprimuntur:
1369 1560 1569 1601 Nicolai
1600 1559 1837 1615 Reymers
1867 1574 1944 1601 von

128 1621 332 1660 Henstede
365 1621 402 1660 in
435 1621 746 1661 Dithmarschen
780 1622 1070 1662 Landrechnen
1105 1622 1183 1660 und
1214 1621 1477 1661 Feldmessen
1509 1620 1580 1660 &c.

245 1680 348 1720 Huic
387 1680 507 1731 igitur
538 1681 644 1721 Urso
677 1681 941 1732 Keplerus,
986 1681 1159 1720 nondum
1212 1680 1313 1720 satis
1344 1679 1591 1732 perspiciens
1622 1679 1697 1719 viri
1729 1678 1943 1731 ingenium,

129 1743 221 1778 ante
254 1739 404 1779 editum
436 1740 695 1779 Pr·od101num
728 1741 890 1792 seiipsit
922 1740 1023 1779 hunc
1055 1740 1095 1779 in
1127 1740 1287 1779 modum
1320 1740 1368 1778 de
1401 1753 1474 1779 sua
1507 1738 1758 1779 detectione:

245 1797 326 1845 Qui
346 1799 483 1849 ignoti
493 1799 548 1849 ad
562 1799 726 1850 ignotos
749 1799 786 1838 in
816 1799 1052 1850 longinquas
1074 1799 1273 1854 regiones
1279 1798 1579 1849 transmittunt
1581 1796 1945 1850 epistolaQ

128 1856 227 1896 biles
254 1863 347 1909 sunt
371 1858 563 1898 hommes
611 1858 666 1897 Te
696 1858 789 1898 mihi
819 1863 957 1897 notum
983 1858 1135 1908 pridem
1163 1851 1273 1897 fecit
1286 1857 1562 1897 illustrissima
1586 1862 1658 1896 tua
1683 1856 1825 1908 gloria,
1866 1859 1945 1908 qua

129 1904 434 1955 mathematicos
476 1903 589 1967 hujus
629 1917 717 1956 aevi
749 1917 958 1969 praecedis
1000 1929 1119 1964 unus,
1169 1922 1359 1968 quantum
1397 1915 1608 1973 Phoebeus
1647 1915 1756 1956 orbis
1793 1915 1946 1955 minuta

129 1975 274 2014 sidera.
341 1974 421 2015 Sed
460 1989 531 2015 nec
573 1982 730 2028 tempus
774 1976 890 2027 plura
934 1976 1031 2022 fert,
1077 1988 1148 2014 nec
1188 1975 1562 2015 mathematicorum
1606 1979 1670 2014 est
1713 1973 1943 2026 garrulitas.

127 2034 214 2073 Hoc
248 2047 365 2073 unum
397 2034 512 2083 habe,
546 2035 649 2074 tanti
681 2040 721 2074 te
755 2049 779 2074 a
810 2048 872 2074 me
904 2034 1000 2082 fieri,
1037 2034 1175 2085 quanti
1195 2047 1331 2073 omnes
1366 2034 1475 2073 docti
1507 2038 1547 2073 te
1581 2033 1745 2081 faciunt,
1780 2045 1944 2086 quorum

124 2092 317 2144 judicium
350 2094 554 2145 aspernari
589 2094 814 2145 arrogantis
848 2098 928 2141 est,
978 2092 1205 2132 collaudare
1239 2093 1411 2133 modesti
1438 2093 1613 2144 juvenis.
1678 2090 1777 2132 Cum
1809 2092 1946 2144 itaque

129 2157 388 2203 praeceptore
422 2158 480 2201 te,
518 2153 559 2192 id
593 2159 656 2192 est
687 2153 799 2193 libris
832 2153 930 2200 tuis,
972 2152 1046 2192 hoc
1080 2153 1315 2204 quantulum
1348 2157 1410 2192 est
1443 2151 1682 2204 cognitionis
1715 2151 1944 2205 acquisive-

130 2211 202 2250 rim
236 2211 276 2250 in
308 2212 586 2260 mathematis,
630 2225 796 2264 aequum
819 2211 942 2260 duxi,
984 2217 1028 2251 ut
1070 2216 1110 2251 te
1159 2212 1197 2251 in
1231 2224 1273 2251 re
1306 2212 1431 2252 ardua
1468 2224 1540 2251 nec
1580 2217 1624 2251 ut
1661 2209 1758 2251 mihi
1788 2211 1947 2250 videtur

129 2271 419 2310 contemnenda
452 2271 670 2311 consulam.
735 2271 780 2311 Si
813 2271 1100 2325 approbaveris
1134 2271 1237 2323 quod
1265 2284 1359 2323 ago,
1396 2271 1558 2310 beatum
1589 2282 1651 2310 me
1683 2269 1940 2322 praedicabo,

128 2329 348 2382 proximum
382 2330 587 2371 felicitatis
620 2331 786 2382 gradum
819 2330 856 2370 111
891 2343 936 2369 00
970 2335 1117 2378 statuo,
1152 2335 1196 2369 ut
1229 2344 1253 2369 a
1284 2336 1324 2370 te
1351 2330 1541 2382 corrigar.
1605 2329 1724 2369 Tanti
1742 2333 1820 2376 fest
1850 2327 1946 2368 mihi

129 2395 238 2435 tuum
273 2389 485 2457 judicium,
532 2390 774 2443 hypotheses
815 2395 906 2430 tuas
941 2402 1050 2437 amo;
1095 2390 1166 2429 sed
1200 2388 1467 2442 Copernicum
1507 2388 1608 2428 satis
1640 2387 1829 2438 admirari
1865 2399 1944 2427 non

129 2460 310 2499 possum,
358 2450 467 2500 cujus
507 2449 750 2502 hypotheses
783 2450 857 2489 hoc
891 2450 1064 2497 habent,
1113 2450 1216 2500 quod
1257 2450 1318 2488 his
1357 2448 1538 2488 versibus
1577 2448 1807 2499 complexus
1839 2459 1942 2487 511111.

131 2505 334 2549 (Sequuntur
359 2518 480 2545 versus,
507 2518 585 2550 quos
613 2508 743 2541 exhibet
768 2519 799 2550 p.
828 2506 891 2540 96:
931 2507 1040 2548 „Quid
1063 2507 1224 2539 mundus“
1253 2506 1330 2547 610.)

248 2567 353 2606 Nam
384 2566 487 2606 inter
520 2566 735 2606 Saturnum
769 2573 810 2607 et
841 2568 918 2607 Jov
923 2580 983 2606 em
1017 2572 1079 2606 est
1112 2567 1247 2616 cubus,
1282 2567 1339 2607 sic
1371 2571 1416 2606 ut
1447 2565 1528 2605 ima
1559 2563 1724 2605 Saturni
1755 2553 1943 2615 periodus

131 2624 184 2663 sit
223 2625 329 2665 011115
368 2625 711 2678 cilcumscriptus,
751 2639 905 2666 summa
936 2626 1051 2665 Jovis
1091 2625 1328 2678 inscriptum
1368 2626 1471 2664 inter
1508 2624 1651 2664 Jovem
1689 2628 1731 2663 et
1767 2623 1943 2664 Martem

128 2684 374 2732 tetraedron,
407 2685 511 2725 inter
542 2687 719 2725 Martem
751 2691 794 2726 et
823 2686 989 2725 Terram
1023 2685 1316 2730 dodecaedron,
1348 2685 1452 2724 inter
1484 2684 1648 2723 Terram
1681 2688 1723 2722 et
1741 2682 1944 2722 Venerem

129 2741 374 2790 100511οἀ100,
410 2744 512 2784 inter
544 2745 743 2784 Venerem
781 2749 822 2784 et
853 2744 1093 2784 Mercurium
1125 2744 1358 2784 octaedron.
1424 2741 1615 2782 Ordinem
1653 2741 1755 2781 hunc
1796 2744 1941 2792 corpo·-

129 2813 212 2839 rum
245 2814 368 2853 neque
402 2803 668 2857 metaphysici
700 2805 826 2856 neque
859 2803 1133 2843 mathematici
1166 2816 1253 2843 cum
1285 2801 1441 2842 ratione
1473 2799 1785 2840 immutaverint.
1848 2797 1941 2840 Jam

130 2863 172 2897 et
203 2860 321 2899 medii
353 2867 482 2901 motus
516 2876 558 2902 se
587 2864 910 2911 accommodant;
940 2867 1003 2902 est
1036 2863 1142 2902 enim
1167 2875 1303 2902 eorum
1335 2861 1456 2912 dupla
1487 2859 1589 2899 ratio
1623 2859 1672 2898 ad
1706 2858 1939 2907 distantias,

131 2917 285 2957 scilicet
317 2920 408 2970 quia
439 2921 503 2959 vel
536 2922 675 2961 eadem
707 2927 818 2961 esset
848 2922 1030 2961 incitatio
1061 2922 1235 2974 partium
1267 2921 1307 2960 in
1339 2919 1540 2968 omnibus,
1568 2919 1632 2958 vel
1663 2922 1826 2969 propter
1849 2929 1939 2958 ma·-

126 2976 255 3026 jorem
290 2978 588 3028 amplitudinem
621 2981 778 3032 quidem
811 2980 965 3021 tardius
996 2981 1187 3020 redirent.
1249 2979 1306 3018 Et
1338 2979 1422 3031 jam
1454 2976 1611 3017 accedit
1648 2975 1874 3016 debilitatio
1899 2977 1940 3016 in

131 3035 413 3084 exterioribus,
458 3038 586 3088 qualis
621 3039 766 3078 accidit
799 3040 836 3078 in
871 3039 992 3079 lucidi
1023 3039 1124 3079 radii
1157 3038 1453 3079 extenuatione.
1517 3037 1662 3076 Parum
1699 3035 1882 3088 utrinque
1915 3048 1940 3074 a.

135 3091 355 3145 Oopernico
389 3094 618 3145 disceditur,
654 3098 744 3148 plus
776 3103 925 3145 tamen,
959 3098 994 3137 si
1026 3111 1076 3138 ex
1107 3098 1279 3138 motibus
1301 3096 1442 3137 mediis
1463 3095 1757 3136 constituantur
1778 3094 1937 3136 distan-
