2028 3242
900 88 1012 132 capnt
1030 87 1159 123 xvm.
1854 84 1934 130 165

131 197 191 239 sit
208 196 319 238 int-r
341 207 480 238 vorum
507 196 640 237 locum
669 201 713 237 et
740 196 848 236 inter
875 208 978 244 eum,
1012 208 1128 248 quem
1158 195 1337 236 calculus
1367 194 1532 243 indicat,
1562 195 1801 246 differentia,
1834 206 1936 250 quae

131 254 331 298 interdum
354 255 402 296 in
434 255 668 308 quibusdam
699 255 751 296 sd
782 253 810 295 2
840 255 1084 307 integrorum
1114 254 1309 306 graduum
1346 254 1635 306 longitudinem
1666 256 1878 297 excrescit.
1897 254 1935 304 1’)

130 313 260 362 Quod·
278 326 369 357 cun
398 314 458 355 ita
490 314 564 363 sit,
596 314 761 367 expedit
791 313 886 354 mihi
915 313 1091 354 nonnihil
1124 327 1149 353 a
1179 312 1392 364 Copernici
1423 314 1598 354 numeris
1630 314 1860 355 discedere:
1893 319 1937 355 et

47 392 61 421 ι
124 374 213 427 jam
240 385 362 426 porro
391 373 643 426 diligentium
672 373 975 414 observatorum
998 372 1149 425 jndicio
1179 372 1428 424 relinquitur,
1460 372 1538 413 utri
1566 386 1682 414 arcus
1702 386 1792 414 cum
1822 374 1934 414 coelo

73 465 84 476 .
128 432 293 486 propius
321 433 580 481 conveniant,
611 431 688 485 mei
718 445 769 472 an
801 430 1082 490 Copernicani.

246 492 434 533 Alterum
457 482 748 543 argumentum,
780 502 858 543 quo
882 489 1131 531 differentiae
1156 489 1273 541 hujus
1305 489 1464 541 culpam
1494 490 1535 529 in
1566 490 1678 542 ipsas
1696 491 1935 532 Prutenicas

130 550 345 599 trustem
373 550 573 619 praebent
598 549 695 590 mibi
726 555 938 602 suspectae
968 550 1220 602 planetarum
1238 549 1593 589 eccentricitates:
1627 550 1731 602 quod
1762 562 1809 589 eo
1841 556 1934 590 ten-

129 609 218 657 dis,
258 614 308 651 st
338 609 522 662 qumvis
556 621 630 650 nec
658 609 736 650 mei
768 621 886 650 arcus
922 608 1083 649 omnino
1122 607 1295 661 perfecti
1325 613 1369 648 et
1399 607 1500 648 certi
1530 608 1612 648 sint
1643 608 1784 655 (sicuti
1815 609 1935 650 fateri

128 669 277 722 σοαπ)
297 673 438 710 tanen
467 668 608 709 vitium
638 681 690 709 ex
718 668 957 720 contagione
988 667 1333 708 eccentricitatnm
1356 666 1645 708 contraxerint.
1690 666 1735 708 Si
1767 680 1936 719 corpora

128 738 261 781 uper
281 726 442 769 mediae
481 727 733 780 planetarum
771 727 990 768 distantiae
1028 726 1259 779 superficies
1298 726 1531 778 sphaericas
1575 732 1844 775 struerentur,
1891 732 1936 766 ut

128 787 271 828 endem
297 786 531 839 superficies
561 786 850 838 circumscripti
877 786 1056 838 eorporis
1083 790 1226 826 centra
1256 790 1298 825 et
1321 785 1502 838 inscripti
1527 786 1705 853 angulos.
1721 791 1932 837 tangeret·

129 848 233 887 tu-
236 844 343 887 nihil
370 845 468 886 miln
498 844 556 886 rei
585 851 698 885 esset
725 858 816 886 cum
846 845 999 886 orbium
1029 844 1238 892 crassitie,
1280 857 1398 897 quam
1435 845 1640 898 requirunt
1667 845 1758 884 viae
1790 845 1933 912 plane-

129 909 261 954 m
283 905 547 946 ementi-icae
609 904 710 944 Cum
741 910 877 945 autem
907 904 1006 945 iliud
1035 904 1120 944 fieri
1151 914 1229 944 non
1260 903 1437 955 potuerit
1457 906 1505 953 ⁶),
1538 910 1582 943 et
1611 903 1786 943 nondum
1817 904 1933 944 simi-

128 963 233 1005 iius·
242 975 378 1005 causa
405 963 770 1012 eccentricitatum,
802 969 846 1004 ut
875 968 918 1003 et
949 962 1281 1010 differentiarum,
1312 963 1526 1014 explorata
1556 962 1628 1011 sit,
1662 962 1839 1014 oportuit
1869 975 1933 1002 me

126 1021 286 1064 ‹nhim
316 1021 599 1089 spissitudines
629 1036 656 1063 ι
685 1021 911 1075 Copemico
942 1028 1135 1075 tanquam
1165 1027 1300 1062 certas
1331 1022 1523 1063 mutuari:
1555 1034 1656 1074 quas
1687 1026 1824 1062 tamen
1856 1034 1933 1061 non

128 1080 379 1123 samsima-s
409 1093 500 1123 esso
529 1081 571 1121 in
600 1081 787 1122 confesso
816 1087 894 1122 est.
956 1079 1154 1127 Quamvis
1184 1080 1290 1121 enim
1327 1082 1455 1122 omnis
1493 1080 1726 1121 coelestium
1756 1086 1934 1120 motuum

107 1139 300 1182 (bbulis
328 1139 479 1181 lubrico
507 1145 575 1180 est
604 1140 728 1189 aditu,
760 1153 833 1192 per
862 1140 1070 1181 diumrnas
1095 1146 1138 1180 et
1161 1139 1346 1180 difficiles
1370 1140 1688 1187 observationes,
1718 1139 1932 1193 praecipue

129 1204 267 1240 tamon
296 1198 373 1240 hoe
402 1199 444 1239 in
482 1199 774 1240 constituendis
810 1199 1179 1240 ecceutricitatibns
1214 1204 1258 1239 et
1293 1199 1393 1239 locis
1429 1211 1698 1251 apogaeorum
1735 1203 1930 1250 apparet:

129 1257 287 1300 Saluis
315 1258 405 1325 (vel
434 1258 676 1306 Terrestris)
708 1258 989 1299 eccentricitas
1014 1258 1187 1299 omnium
1211 1258 1433 1298 rectissime
1454 1258 1600 1298 habere
1620 1257 1808 1303 debebat,
1839 1269 1933 1297 nam

100 1348 103 1351 -
128 1322 176 1358 st
194 1316 440 1358 vicinissims
457 1317 667 1358 stellarum
686 1322 752 1358 est
769 1317 907 1358 Tellus
937 1317 1053 1357 nobis
1083 1317 1237 1362 incolis,
1269 1322 1311 1357 et
1340 1316 1593 1369 paucioribus
1624 1330 1743 1369 quam
1773 1322 1932 1356 ceterae

127 1375 305 1417 nefitus
334 1375 507 1417 vehitur.
525 1375 564 1425 ⁴¹)
625 1377 671 1416 In
702 1376 848 1417 mundo
877 1387 973 1416 vero
1002 1389 1074 1428 per
1103 1376 1319 1428 interJecta
1355 1388 1525 1428 corpora
1561 1376 1772 1423 struendo,
1811 1387 1933 1426 supra

128 1446 237 1488 cap
249 1432 321 1477 15-
346 1434 531 1484 vidimus,
563 1441 754 1488 quantum
786 1436 932 1476 afferat
959 1440 1204 1476 momentum
1235 1435 1287 1474 ad
1319 1447 1457 1475 omnes
1489 1435 1684 1487 sphaeras
1716 1434 1932 1475 arctandas

128 1499 202 1535 aut
228 1493 427 1535 laxandas
458 1495 582 1535 solius
613 1493 797 1546 ἐραπσκε
814 1493 989 1535 Lunaris
1007 1494 1209 1546 appositio
1228 1493 1292 1534 vel
1317 1494 1503 1542 exemtio‚
1538 1494 1604 1547 qui
1634 1494 1754 1534 valde
1787 1493 1932 1544 exigua

121 1551 380 1607 portinse-h
409 1552 632 1594 Terrestris
657 1553 770 1598 orbis
808 1553 1035 1594 crassitiem
1064 1553 1237 1594 excedit.
1297 1553 1374 1593 Hic
1417 1553 1539 1604 igitur
1581 1554 1713 1601 orbis,
1734 1555 1771 1600 ο)
1815 1564 1931 1603 quem

128 1611 353 1653 oeni-sim
376 1612 598 1653 dimensum
625 1612 772 1652 habere
798 1612 1013 1665 oportebat
1042 1618 1087 1652 et
1115 1625 1234 1665 posse
1266 1612 1483 1652 verisimile
1514 1617 1616 1659 erat,
1648 1612 1725 1659 hic,
1758 1612 1932 1663 inquam,

128 1670 236 1718 vide,
260 1670 304 1711 in
332 1677 485 1722 quanta
512 1677 697 1712 versetur
727 1671 965 1712 difficultate
997 1672 1103 1724 apud
1122 1670 1399 1723 Copernicum,
1432 1671 1496 1723 qui
1526 1671 1614 1722 ipse
1647 1671 1715 1711 lib.
1736 1671 1812 1711 III.
1845 1668 1932 1710 Re-

7 1698 18 1720 ’ἶ
81 1731 114 1758 '0
127 1729 208 1771 vol.
233 1741 321 1782 oap-
340 1726 411 1771 20.
430 1730 618 1783 queritur,
642 1730 774 1783 „qnod
795 1743 867 1782 per
888 1730 1050 1771 minima
1067 1731 1265 1784 quaedam
1282 1735 1327 1771 et
1343 1730 1412 1770 vix
1430 1730 1769 1783 apprehensibilia
1784 1741 1933 1780 magna

127 1788 360 1830 ratiocinari
398 1801 604 1841 cogamur,
650 1790 754 1842 quod
792 1789 990 1829 interdum
1027 1790 1102 1830 sub
1138 1802 1217 1830 uno
1254 1789 1501 1829 diversitatis
1532 1789 1717 1841 scrupulo
1748 1787 1775 1828 5
1807 1788 1873 1828 vel
1903 1785 1932 1829 6

128 1848 278 1900 gradus
299 1853 572 1900 praetereant,
602 1854 646 1888 et
663 1848 842 1889 modicus
861 1861 972 1888 error
997 1848 1037 1888 in
1061 1849 1296 1889 immensum
1315 1860 1405 1887 sese
1424 1850 1663 1900 propagetst‘
1684 1847 1717 1895 r)
1767 1846 1931 1893 Quanto

125 1906 244 1960 pejus
272 1906 397 1959 igitur
425 1906 631 1948 habebunt
660 1907 943 1960 spissitudines
973 1907 1129 1948 orbium
1159 1913 1202 1948 et
1241 1906 1498 1947 remotiorum
1536 1921 1563 1947 a
1595 1907 1737 1955 nobis,
1782 1912 1824 1946 et
1864 1905 1930 1958 qui

127 1965 309 2018 pluribus
334 1970 511 2006 motuum
541 1966 806 2006 varietatibus
838 1971 932 2006 sunt
962 1966 1135 2006 obnoxii.
1199 1965 1318 2012 Quod
1356 1965 1392 2005 si
1429 1971 1500 2007 aut
1537 1966 1693 2007 orbium
1731 1966 1802 2006 illa
1831 1979 1931 2016 πηχη

127 2023 351 2064 certissime
381 2025 614 2076 explorata,
659 2032 731 2066 aut
758 2038 906 2066 causae
937 2026 1083 2066 saltem
1114 2025 1341 2078 probabiles
1378 2025 1610 2076 patefactae
1649 2025 1820 2071 fuerint,
1861 2036 1930 2062 cur

127 2087 247 2123 tanta
270 2082 442 2134 singulis
471 2083 669 2124 attributa
698 2084 781 2124 sint
811 2098 836 2124 a
859 2083 1089 2131 Conditor&
1121 2091 1205 2124 tum
1236 2097 1311 2135 ego
1342 2084 1521 2135 spondeo
1553 2098 1615 2125 me
1646 2085 1929 2136 producturum

128 2153 179 2181 ex
207 2141 288 2183 his
301 2142 534 2193 corporibus
565 2156 683 2183 arcus
712 2155 784 2195 per
815 2143 949 2183 omnia
978 2143 1153 2183 motibus
1173 2155 1383 2183 consonos
1403 2144 1442 2191 ⁸)
1491 2142 1560 2183 Sic
1592 2143 1696 2183 enim
1727 2142 1928 2188 existimo,

127 2199 315 2252 qumquid
346 2205 439 2251 post
468 2201 571 2241 hanc
601 2202 899 2253 proportionem
938 2202 1140 2242 coelorum
1176 2202 1381 2242 inventam
1418 2202 1547 2242 adhuc
1588 2201 1808 2254 impediat,
1852 2212 1928 2252 quo

127 2258 259 2299 minus
287 2258 340 2298 ad
364 2264 550 2300 exactam
575 2266 753 2300 motuum
771 2260 1037 2311 cognitionem
1055 2261 1261 2308 veniatur3
1292 2261 1332 2300 id
1364 2273 1480 2301 omne
1511 2261 1552 2301 in
1584 2259 1929 2300 eccentricitatum

126 2317 230 2358 vitia
264 2317 572 2358 conferendum:
587 2317 627 2366 ¹¹)
671 2318 812 2370 quibus
855 2319 1039 2367 sublatis,
1083 2332 1227 2371 magno
1269 2319 1500 2368 adjumento
1538 2319 1756 2359 artificibus
1795 2319 1929 2358 futura

125 2381 226 2429 puto
255 2376 386 2416 solida
415 2376 515 2417 haec
546 2377 716 2429 quinque
747 2377 799 2416 ad
826 2378 1114 2418 correctionem
1138 2383 1327 2424 motuum,
1358 2390 1475 2429 quam
1505 2378 1658 2430 passim
1685 2377 1930 2417 meditantur

125 2447 205 2475 non
233 2435 351 2487 pauci
397 2434 444 2483 i).

245 2493 304 2534 Ut
331 2494 407 2534 hoc
437 2494 516 2535 illis
541 2493 761 2546 spondeam
785 2493 835 2533 de
863 2494 1230 2534 eccentricitatibus
1260 2494 1386 2535 movit
1414 2507 1477 2534 me
1509 2501 1551 2534 et
1579 2495 1667 2542 hoc,
1700 2492 1806 2545 quod
1836 2492 1930 2532 ubi-

46 2568 49 2569 ’
127 2559 204 2604 que
234 2553 285 2592 de
319 2553 462 2594 minori
497 2552 719 2604 particula,
765 2565 886 2604 quam
923 2559 987 2592 est
1022 2567 1143 2605 πηχος
1181 2553 1290 2592 orbis
1321 2553 1519 2604 integrum
1550 2551 1872 2593 controvertitur.
1886 2550 1928 2598 ¹¹)

125 2610 248 2663 Eripe
278 2624 448 2664 namque
478 2612 660 2652 omnibus
692 2623 765 2650 sex
796 2610 958 2651 orbibus
989 2624 1062 2650 sua
1090 2625 1189 2664 πηχη
1218 2617 1327 2661 nota,
1360 2618 1431 2652 aut
1461 2612 1582 2663 dupla
1609 2611 1778 2662 singulis
1808 2610 1930 2650 attri-

51 2688 53 2690 ·
125 2669 231 2711 bne-2
261 2669 416 2711 videbis
433 2671 620 2711 mundum
641 2675 683 2710 et
705 2672 1077 2720 προσθαφαιρεσεις
1106 2682 1244 2710 omnes
1273 2670 1312 2710 in
1343 2669 1579 2710 immensum
1609 2670 1691 2710 illic
1722 2669 1927 2711 considere

9 2727 54 2759 '1
127 2733 173 2768 et
213 2729 374 2781 augeri,
419 2729 483 2769 bic
524 2729 694 2769 distrahi
738 2734 781 2768 et
818 2729 1006 2768 deminui.
1067 2729 1126 2769 Ut
1154 2728 1215 2768 ita
1243 2729 1395 2769 veritas
1425 2729 1530 2768 inter
1566 2729 1663 2769 nihil
1693 2734 1735 2767 et
1766 2728 1928 2781 duplum

51 2796 53 2799 ’
127 2787 337 2836 consistat,
369 2800 495 2840 neque
526 2788 783 2828 metuendum
813 2786 886 2834 sit,
919 2800 968 2826 ne
999 2786 1159 2827 nimiam
1190 2788 1339 2827 habeat
1369 2787 1518 2827 artifex
1548 2787 1749 2828 licentiam
1780 2799 1926 2827 eccen-

48 2856 55 2883 ξ
127 2845 329 2886 tricitates
358 2847 558 2895 mutandi,
590 2847 624 2886 si
657 2846 743 2898 quis
774 2845 868 2885 illas
899 2845 960 2885 his
992 2846 1128 2897 figuris
1158 2852 1301 2897 aptare
1333 2851 1509 2886 conetur.
1574 2846 1707 2898 Atque
1738 2845 1796 2885 sic
1827 2846 1927 2886 haec

127 2904 261 2944 altera
299 2903 403 2944 rafio
445 2911 535 2953 est,
580 2918 681 2958 quae
725 2917 787 2961 me
825 2904 874 2943 de
912 2904 1113 2944 discordia
1150 2904 1255 2944 inter
1284 2917 1395 2945 meos
1426 2910 1470 2944 et
1499 2903 1710 2960 Copemici
1740 2918 1925 2945 numeros

53 2988 61 3022 3
126 2974 317 3003 excusare
346 2969 497 3015 potest.
550 2991 552 2993 ·

56 3074 58 3078 v
245 3020 425 3062 Tertiam
454 3021 549 3062 mihi
579 3022 775 3074 praebent
804 3021 881 3073 ipsi
912 3021 1062 3060 numeri
1093 3021 1396 3062 Prutenicarum
1426 3021 1641 3062 etiamnum
1671 3021 1818 3070 crassi,
1852 3034 1925 3061 nec

61 3095 65 3134 j
129 3077 188 3118 ita
222 3079 427 3132 expressi,
472 3086 517 3120 ut
553 3093 631 3120 non
665 3080 796 3132 possit
834 3079 1046 3132 aliquando
1073 3079 1188 3121 ,bona
1218 3093 1308 3121 cum
1338 3080 1455 3121 venia
1486 3081 1549 3120 vel
1579 3080 1747 3121 semisse
1777 3080 1925 3133 gradus
