2028 3242
364 605 1087 657 ILLUSTRISSIMO
1137 605 1492 656 DOMINO

438 727 508 794 n.
550 727 814 794 ιἰιιιιιο
855 726 1049 794 wox
1087 686 1413 793 unsnro.

187 851 340 892 Domus
370 851 706 905 Rosembergicae
739 852 1007 894 Gubernatori
1033 859 1111 894 etc.
1143 852 1313 893 Domino
1345 864 1433 892 meo
1464 852 1660 893 clement:

145 956 359 998 Praeclare
390 955 532 997 Cicero
563 957 664 998 libro
694 957 820 1010 primo
852 956 1084 998 Officiorum
1114 962 1276 997 monet:
1315 969 1405 997 esse
1435 956 1571 1010 magni
1609 956 1750 1006 animi,
1789 963 1857 997 et·

29 1014 154 1056 fuine
183 1015 332 1056 multos
363 1015 487 1056 etiam
516 1016 557 1055 in
593 1017 680 1056 vita
715 1016 871 1066 otiosa,
913 1016 978 1069 qui
1015 1021 1085 1056 aut
1127 1015 1439 1067 investigarent,
1482 1020 1555 1056 aut
1594 1021 1833 1056 conarentur

29 1085 176 1126 magna
206 1073 414 1126 quaedam,
447 1086 614 1126 seseque
646 1088 806 1116 suarum
837 1087 968 1115 rerum
998 1075 1139 1114 finibus
1170 1074 1433 1114 continerent.
1495 1073 1628 1120 Quam
1663 1079 1830 1114 senten-

28 1131 130 1172 tiam
170 1131 419 1173 Reinboldus
461 1138 600 1173 noster
628 1133 886 1185 peculiariter
920 1132 973 1173 ad
1002 1133 1273 1172 astronomiae
1305 1132 1479 1172 studium
1510 1133 1829 1181 accommodans,

28 1190 224 1240 hortatur,
254 1203 306 1231 ne
335 1190 529 1232 deterreri
558 1203 603 1232 se
634 1191 685 1232 ab
716 1192 780 1232 his
809 1191 954 1232 studiis
983 1196 1098 1232 recta
1126 1190 1287 1242 ingenia
1315 1190 1452 1231 sinant
1486 1191 1734 1231 indoctorum
1759 1191 1831 1243 ju-

29 1249 160 1297 dicim,
190 1249 256 1302 qui
285 1254 442 1290 tantum
474 1255 739 1302 quaestuosas
770 1256 880 1291 artes
905 1250 1108 1290 mirentur.
1167 1250 1275 1290 Nam
1306 1261 1396 1289 cum
1427 1250 1527 1290 haec
1559 1249 1643 1289 sint
1666 1249 1830 1290 virtutis

15 1306 188 1357 studia,
231 1308 508 1348 fortitudinem
550 1309 671 1349 etiam
709 1310 748 1349 in
783 1309 850 1348 ⁴eis
893 1308 1070 1349 colendis
1108 1308 1274 1360 requiri,
1319 1321 1419 1360 quae
1451 1308 1607 1348 animos
1637 1308 1830 1348 adversus

29 1366 178 1407 stultas
207 1366 318 1419 vulgi
354 1366 562 1419 opiniones
599 1367 783 1408 obfirmet
830 1373 873 1407 et
910 1379 1103 1420 perversa
1138 1366 1293 1418 judicia
1337 1371 1586 1415 contemnat,
1631 1366 1737 1419 quod
1779 1367 1830 1406 de

29 1429 197 1477 utraque
227 1425 472 1477 astrologiae
503 1431 619 1477 parte
651 1427 753 1466 dixit
783 1426 956 1478 optimus
987 1426 1066 1474 vir,
1109 1425 1152 1465 id
1190 1425 1266 1465 hoc
1295 1430 1474 1477 tempore
1503 1425 1757 1477 potissimum
1787 1425 1828 1465 in

31 1483 163 1528 altera
185 1482 436 1536 judicatrice,
470 1496 572 1536 quae
602 1485 788 1538 physices
818 1496 914 1537 pars
946 1489 1021 1532 est,
1053 1483 1150 1523 mihi
1181 1483 1330 1523 dictum
1357 1496 1446 1524 esse
1465 1483 1617 1535 putavi.
1666 1483 1828 1523 Etenim

29 1541 97 1593 qui
124 1541 383 1594 prognostica
412 1543 531 1582 officii
561 1544 717 1583 ratione
748 1543 899 1592 scribit,
932 1543 1037 1587 duas
1066 1541 1319 1594 potissimum
1348 1542 1458 1594 vulgi
1487 1540 1828 1594 opinionesinter

29 1612 77 1640 se
105 1600 328 1640 contrarias
358 1601 443 1640 alto
473 1601 604 1641 animo
635 1607 907 1650 contemnere,
928 1613 1067 1653 seque
1106 1605 1249 1640 contra
1284 1600 1382 1640 duos
1413 1600 1574 1640 humilis
1605 1604 1649 1640 et
1678 1600 1828 1652 abjecti

28 1658 152 1699 animi
193 1659 359 1700 affectus
401 1659 553 1700 munire
596 1660 737 1706 debet,
781 1660 1042 1712 cupiditatem
1084 1659 1236 1711 gloriae
1278 1665 1321 1699 et
1362 1663 1522 1699 metum.
1585 1657 1687 1698 Cum
1721 1658 1827 1699 enim

30 1729 181 1770 magna
209 1717 266 1757 sit
294 1717 406 1769 vulgi
435 1718 671 1766 curiositas,
695 1719 842 1759 'animo
885 1718 1157 1759 contaminato
1189 1723 1278 1766 est,
1322 1717 1390 1769 qui
1426 1717 1464 1756 in
1508 1716 1618 1769 vulgi
1654 1716 1827 1768 gratiam

29 1782 75 1816 et
101 1781 266 1828 propter
294 1776 554 1816 vanissimam
584 1778 750 1827 gloriam
782 1777 847 1817 vel
877 1790 927 1817 ea
954 1776 1177 1828 profitetur,
1209 1787 1310 1827 quae
1342 1780 1488 1815 natura
1511 1787 1590 1814 non
1614 1780 1828 1823 monstrat,

32 1833 113 1874 vel‘
126 1835 251 1875 etiam
279 1839 448 1875 naturae
480 1836 652 1886 genuina
682 1835 872 1876 miracula
900 1835 1101 1887 propalat,
1133 1834 1169 1874 si
1199 1846 1344 1874 causas
1368 1833 1573 1885 graviores
1597 1846 1676 1873 non
1694 1833 1829 1886 respi-

31 1892 100 1933 cit.
160 1891 314 1934 Contra
355 1898 449 1933 sunt
490 1894 556 1946 qui
596 1899 747 1946 negant
785 1906 949 1946 gravem
977 1893 1104 1933 virum
1135 1898 1178 1932 et
1205 1892 1503 1944 philosophum·
1514 1891 1681 1941 decere,
1712 1897 1759 1932 ιιι
1787 1893 1829 1932 in

30 1951 203 1992 materia
231 1955 295 1991 tot
324 1950 604 2004 nugacissimis
636 1958 680 1992 et
708 1952 938 1993 vanissimis
970 1950 1272 1991 ariolationibus
1305 1950 1519 2003 quotannis
1560 1956 1828 2002 conspurcata

32 2010 181 2051 famam
220 2009 371 2062 ingenii
410 2015 453 2050 et
493 2011 683 2051 honorem
713 2010 947 2052 eruditionis
977 2010 1221 2062 prostituat,
1253 2009 1607 2062 curiositatemque
1638 2009 1749 2062 vulgi
1785 2015 1828 2049 et

33 2067 337 2120 superstitiones
367 2068 620 2109 imbecillium
663 2070 909 2122 ingeniorum
954 2068 1259 2109 subministrato
1297 2068 1371 2107 hoc
1410 2068 1524 2120 quasi
1555 2067 1695 2107 fomite
1727 2067 1827 2107 alat.

32 2127 183 2167 Fateor
223 2126 325 2166 haec
368 2139 516 2193 magna
556 2128 900 2169 verisimilitudine
933 2127 1071 2179 objici,
1103 2132 1146 2166 et
1174 2127 1320 2166 idonea
1352 2139 1456 2174 esse,
1484 2138 1586 2179 quae
1617 2126 1829 2166 honestum

0 2231 1 2238 ἵ
33 2185 174 2251 virum,
206 2183 242 2224 ai
272 2185 477 2236 graviores
506 2197 651 2226 causas
682 2199 758 2227 nou
779 2187 941 2235 habeat,
974 2186 1025 2225 ab
1056 2185 1131 2225 hoc
1162 2197 1307 2237 genere
1340 2184 1567 2236 scriptionis
1588 2184 1828 2225 deterreant.

0 2254 1 2258 ’
33 2243 94 2284 At
124 2242 160 2283 si
189 2242 252 2283 cui
281 2242 458 2282 rationes
488 2243 662 2284 instituti
693 2245 754 2284 sui
784 2245 889 2284 tales
921 2248 1149 2295 suppetant,
1184 2255 1285 2295 quae
1315 2255 1387 2295 per
1417 2255 1506 2282 sese
1532 2241 1709 2282 cordatis
1733 2242 1831 2282 viris

34 2300 329 2354 approbentur.
372 2301 552 2352 profecto
589 2315 667 2342 non
706 2308 844 2354 potest
874 2302 951 2342 nisi
982 2302 1143 2341 timidus
1174 2300 1336 2348 haberi,
1376 2301 1442 2340 ubi
1472 2313 1516 2340 se
1548 2300 1690 2340 alienis
1721 2301 1831 2340 hisce

31 2365 81 2399 et
109 2359 359 2399 extrinsecus
402 2359 703 2400 advenientibus
747 2361 966 2400 obstaculis
997 2373 1023 2399 a
1052 2358 1256 2411 proposito
1288 2358 1480 2398 deterreri
1516 2370 1661 2409 passus
1698 2358 1831 2406 fuerit,

35 2425 213 2459 rumores
243 2429 387 2457 curans
419 2422 460 2456 et
493 2418 635 2457 falsam
666 2424 847 2458 metuens
879 2418 1098 2457 infamiam.
1158 2417 1264 2457 Nam
1301 2417 1379 2456 etsi
1410 2428 1558 2467 magna
1586 2427 1681 2466 pars
1711 2427 1833 2467 prae-

34 2480 242 2528 ceptorum
282 2475 322 2515 in
366 2475 443 2515 hac
480 2481 567 2516 arte
598 2476 779 2516 Arabum
819 2476 935 2528 nugis
968 2475 1228 2516 consumitur:
1268 2480 1313 2514 at
1348 2487 1427 2514 non
1457 2473 1549 2513 ideo
1580 2485 1682 2525 quae
1712 2474 1753 2513 in
1784 2486 1835 2513 ea

39 2539 135 2575 sunt
176 2546 325 2574 arcana
365 2538 560 2581 naturae,
603 2535 667 2574 vel
710 2547 840 2586 nugae
879 2539 995 2582 sunt,
1040 2534 1105 2573 vel
1140 2545 1229 2572 cum
1264 2532 1379 2583 nugis
1411 2531 1532 2583 abjici
1563 2531 1730 2580 debent;
1762 2532 1833 2571 sed

38 2604 220 2644 gmmae
250 2604 273 2632 e
304 2592 389 2632 luto
419 2592 667 2644 colligendae
682 2624 693 2640 ,
739 2593 864 2632 honor
898 2592 999 2639 Dei,
1041 2590 1248 2643 proposita
1277 2596 1444 2631 naturae
1483 2589 1831 2641 contemplatione,

37 2649 322 2698 ἰΙΙ-ιὴειιιᾶιιε,
352 2650 549 2690 invitandi
580 2651 761 2702 exemplo
793 2650 885 2698 alii,
918 2655 960 2688 et
991 2662 1115 2700 opera
1144 2649 1278 2688 danda
1307 2654 1396 2697 est,
1439 2653 1485 2688 ιιι
1520 2660 1621 2699 quae
1658 2647 1753 2687 olim
1782 2648 1837 2688 ad

40 2708 236 2760 insignem
267 2709 441 2761 aliquam
473 2708 632 2749 humaui
663 2709 821 2761 generis
851 2707 1070 2748 utilitatem
1109 2707 1258 2747 servire
1288 2711 1467 2759 possent,
1501 2705 1606 2754 omni
1636 2710 1783 2746 conatu
1813 2719 1836 2745 e

33 2762 219 2808 'tenebris
248 2767 497 2819 ignorantiae
527 2766 567 2806 in
593 2772 773 2818 apertum
803 2766 1068 2817 proferantur.
1130 2764 1192 2804 Ac
1223 2765 1300 2804 etsi
1331 2777 1428 2804 sane
1458 2776 1537 2803 non
1568 2763 1708 2804 statim
1743 2773 1835 2804 res*

40 2825 195 2877 pendet
224 2830 409 2873 eventus,
449 2837 672 2877 magnaque
708 2823 1025 2876 praedictionum
1060 2822 1300 2863 incertitudo
1345 2827 1410 2861 est
1450 2821 1492 2861 in
1531 2825 1595 2861 tot
1624 2834 1836 2862 causarum

42 2882 294 2923 confusione:
326 2883 584 2923 annitendum
614 2888 751 2922 tamen
781 2887 896 2922 tanto
928 2881 1070 2932 magis,
1103 2893 1191 2920 cum
1220 2880 1262 2919 in
1293 2880 1379 2920 solo
1410 2879 1547 2919 labore
1567 2879 1695 2919 virtus
1714 2892 1836 2931 spec-

43 2943 165 2980 tetur.
226 2940 346 2987 Quod
374 2953 471 2982 vero
501 2941 617 2981 multi
646 2941 757 2980 hisce
788 2940 841 2980 ad
871 2939 1148 2979 curiositatem
1178 2951 1292 2979 suam
1320 2938 1551 2986 abutuntur,
1576 2937 1836 2989 superstitio-

44 3008 192 3050 nesque
221 3011 317 3039 suas
346 2999 600 3040 confirmant:
625 2998 684 3039 ‘id
713 2998 835 3038 nihilo
865 2997 995 3049 magis
1025 3009 1088 3037 me
1120 2996 1343 3044 absterret,
1378 3007 1496 3047 quam
1531 2995 1677 3036 bonum
1707 2995 1836 3047 impe-

45 3059 222 3096 utcrem
250 3057 316 3102 (ιιι
344 3056 648 3097 innumerabilia
678 3056 863 3108 exempla
892 3055 1096 3103 omittam)
1128 3055 1180 3094 ab
1209 3053 1506 3106 oppugnatione
1530 3053 1641 3093 urbis
1660 3053 1839 3094 deterret

44 3121 259 3164 policornu
286 3114 456 3157 militum
479 3115 669 3168 jactura,
699 3126 811 3167 quos,
843 3114 879 3154 si
908 3118 1060 3166 posset,
1093 3112 1277 3166 equidem
1306 3118 1348 3152 et
1376 3112 1487 3165 ipsos
1518 3116 1702 3152 servatos
1725 3112 1840 3152 velit.

1475 3179 1519 3211 27
1533 3181 1556 3201 ἕ
