<?xml version="1.0" encoding="UTF-8"?>
<!DOCTYPE html PUBLIC "-//W3C//DTD XHTML 1.0 Transitional//EN"
    "http://www.w3.org/TR/xhtml1/DTD/xhtml1-transitional.dtd">
<html xmlns="http://www.w3.org/1999/xhtml" xml:lang="en" lang="en">
 <head>
  <title>
</title>
<meta http-equiv="Content-Type" content="text/html;charset=utf-8" />
  <meta name='ocr-system' content='tesseract 3.04.00' />
  <meta name='ocr-capabilities' content='ocr_page ocr_carea ocr_par ocr_line ocrx_word'/>
</head>
<body>
  <div class='ocr_page' id='page_1' title='image "./operaomniaedidit01kepluoft_0077.png"; bbox 0 0 1982 3268; ppageno 0'>
   <div class='ocr_carea' id='block_1_1' title="bbox 803 88 1806 133">
    <p class='ocr_par' dir='ltr' id='par_1_1' title="bbox 803 88 1806 133">
     <span class='ocr_line' id='line_1_1' title="bbox 803 88 1806 133; baseline 0.004 -4"><span class='ocrx_word' id='word_1_1' title='bbox 803 95 1018 129; x_wconf 61' lang='lat' dir='ltr'><strong>noo-sn.</strong></span> <span class='ocrx_word' id='word_1_2' title='bbox 1740 88 1806 133; x_wconf 85' lang='lat'><strong>55-</strong></span> 
     </span>
    </p>
   </div>
   <div class='ocr_carea' id='block_1_2' title="bbox 1 196 1812 1791">
    <p class='ocr_par' dir='ltr' id='par_1_2' title="bbox 1 196 1812 1791">
     <span class='ocr_line' id='line_1_2' title="bbox 12 196 1797 257; baseline -0.004 -12"><span class='ocrx_word' id='word_1_3' title='bbox 12 205 81 246; x_wconf 59' lang='grc' dir='ltr'><strong>ὼ</strong></span> <span class='ocrx_word' id='word_1_4' title='bbox 94 202 173 244; x_wconf 70' lang='lat' dir='ltr'><strong>luc</strong></span> <span class='ocrx_word' id='word_1_5' title='bbox 199 214 271 244; x_wconf 64' lang='lat' dir='ltr'><strong>a:</strong></span> <span class='ocrx_word' id='word_1_6' title='bbox 299 208 346 244; x_wconf 77' lang='grc' dir='ltr'><strong>ιι</strong></span> <span class='ocrx_word' id='word_1_7' title='bbox 374 203 467 257; x_wconf 88' lang='lat' dir='ltr'><strong>quia</strong></span> <span class='ocrx_word' id='word_1_8' title='bbox 494 202 730 256; x_wconf 68' lang='lat' dir='ltr'><strong>permrbata</strong></span> <span class='ocrx_word' id='word_1_9' title='bbox 757 202 842 244; x_wconf 83' lang='lat' dir='ltr'><strong>sint</strong></span> <span class='ocrx_word' id='word_1_10' title='bbox 869 201 1047 250; x_wconf 71' lang='lat' dir='ltr'><strong>consilia,</strong></span> <span class='ocrx_word' id='word_1_11' title='bbox 1079 204 1244 253; x_wconf 82' lang='lat' dir='ltr'><strong>propter</strong></span> <span class='ocrx_word' id='word_1_12' title='bbox 1272 200 1459 252; x_wconf 73' lang='lat' dir='ltr'><strong>expirans</strong></span> <span class='ocrx_word' id='word_1_13' title='bbox 1487 198 1679 239; x_wconf 80' lang='lat' dir='ltr'><strong>salarium</strong></span> <span class='ocrx_word' id='word_1_14' title='bbox 1696 196 1797 251; x_wconf 84' lang='lat' dir='ltr'><strong>Sty·</strong></span> 
     </span>
     <span class='ocr_line' id='line_1_3' title="bbox 1 256 1799 325; baseline -0.004 -21"><span class='ocrx_word' id='word_1_15' title='bbox 1 260 182 305; x_wconf 44' lang='lat' dir='ltr'><strong>diacum?</strong></span> <span class='ocrx_word' id='word_1_16' title='bbox 194 262 442 311; x_wconf 66' lang='lat' dir='ltr'><strong>(re-uncini</strong></span> <span class='ocrx_word' id='word_1_17' title='bbox 477 261 607 309; x_wconf 86' lang='lat' dir='ltr'><strong>enim,</strong></span> <span class='ocrx_word' id='word_1_18' title='bbox 651 261 779 301; x_wconf 83' lang='lat' dir='ltr'><strong>iturus</strong></span> <span class='ocrx_word' id='word_1_19' title='bbox 813 261 854 301; x_wconf 90' lang='lat' dir='ltr'><strong>in</strong></span> <span class='ocrx_word' id='word_1_20' title='bbox 887 260 1062 314; x_wconf 80' lang='lat' dir='ltr'><strong>patriam</strong></span> <span class='ocrx_word' id='word_1_21' title='bbox 1098 264 1141 299; x_wconf 85' lang='lat' dir='ltr'><strong>et</strong></span> <span class='ocrx_word' id='word_1_22' title='bbox 1170 258 1292 300; x_wconf 86' lang='lat' dir='ltr'><strong>alium</strong></span> <span class='ocrx_word' id='word_1_23' title='bbox 1320 258 1520 300; x_wconf 87' lang='lat' dir='ltr'><strong>dominum</strong></span> <span class='ocrx_word' id='word_1_24' title='bbox 1550 256 1799 325; x_wconf 77' lang='lat' dir='ltr'><strong>quaesiturus</strong></span> 
     </span>
     <span class='ocr_line' id='line_1_4' title="bbox 19 315 1797 376; baseline -0.004 -12"><span class='ocrx_word' id='word_1_25' title='bbox 19 319 160 370; x_wconf 63' lang='lat' dir='ltr'><strong>nune)</strong></span> <span class='ocrx_word' id='word_1_26' title='bbox 189 320 333 363; x_wconf 77' lang='lat' dir='ltr'><strong>suadet</strong></span> <span class='ocrx_word' id='word_1_27' title='bbox 360 322 626 366; x_wconf 83' lang='lat' dir='ltr'><strong>vehementer,</strong></span> <span class='ocrx_word' id='word_1_28' title='bbox 659 325 703 360; x_wconf 90' lang='grc' dir='ltr'><strong>ιιι</strong></span> <span class='ocrx_word' id='word_1_29' title='bbox 732 320 881 361; x_wconf 87' lang='lat' dir='ltr'><strong>omissa</strong></span> <span class='ocrx_word' id='word_1_30' title='bbox 898 317 1209 376; x_wconf 79' lang='lat' dir='ltr'><strong>Wirtembergia</strong></span> <span class='ocrx_word' id='word_1_31' title='bbox 1236 318 1277 358; x_wconf 90' lang='lat' dir='ltr'><strong>in</strong></span> <span class='ocrx_word' id='word_1_32' title='bbox 1300 316 1534 359; x_wconf 86' lang='lat' dir='ltr'><strong>Bohemiam</strong></span> <span class='ocrx_word' id='word_1_33' title='bbox 1564 328 1682 369; x_wconf 76' lang='lat' dir='ltr'><strong>quam</strong></span> <span class='ocrx_word' id='word_1_34' title='bbox 1698 315 1797 369; x_wconf 84' lang='lat' dir='ltr'><strong>pri-</strong></span> 
     </span>
     <span class='ocr_line' id='line_1_5' title="bbox 17 375 1798 425; baseline -0.004 -2"><span class='ocrx_word' id='word_1_35' title='bbox 17 392 122 423; x_wconf 83' lang='lat' dir='ltr'><strong>mum</strong></span> <span class='ocrx_word' id='word_1_36' title='bbox 151 381 335 422; x_wconf 84' lang='lat' dir='ltr'><strong>venirem.</strong></span> <span class='ocrx_word' id='word_1_37' title='bbox 395 381 575 422; x_wconf 81' lang='lat' dir='ltr'><strong>Incertus</strong></span> <span class='ocrx_word' id='word_1_38' title='bbox 605 380 761 420; x_wconf 86' lang='lat' dir='ltr'><strong>haereo.</strong></span> <span class='ocrx_word' id='word_1_39' title='bbox 822 378 892 420; x_wconf 92' lang='lat' dir='ltr'><strong>Sic</strong></span> <span class='ocrx_word' id='word_1_40' title='bbox 922 384 1066 425; x_wconf 87' lang='lat' dir='ltr'><strong>tamen</strong></span> <span class='ocrx_word' id='word_1_41' title='bbox 1083 376 1276 425; x_wconf 87' lang='lat' dir='ltr'><strong>meditor,</strong></span> <span class='ocrx_word' id='word_1_42' title='bbox 1313 377 1494 418; x_wconf 88' lang='lat' dir='ltr'><strong>Lincium</strong></span> <span class='ocrx_word' id='word_1_43' title='bbox 1523 375 1582 416; x_wconf 83' lang='lat' dir='ltr'><strong>ire</strong></span> <span class='ocrx_word' id='word_1_44' title='bbox 1613 387 1701 415; x_wconf 91' lang='lat' dir='ltr'><strong>cum</strong></span> <span class='ocrx_word' id='word_1_45' title='bbox 1731 375 1798 416; x_wconf 80' lang='lat' dir='ltr'><strong>fa-</strong></span> 
     </span>
     <span class='ocr_line' id='line_1_6' title="bbox 17 434 1800 507; baseline -0.004 -26"><span class='ocrx_word' id='word_1_46' title='bbox 17 440 138 487; x_wconf 75' lang='lat' dir='ltr'><strong>milia,</strong></span> <span class='ocrx_word' id='word_1_47' title='bbox 168 439 292 493; x_wconf 83' lang='lat' dir='ltr'><strong>caque</strong></span> <span class='ocrx_word' id='word_1_48' title='bbox 322 440 378 481; x_wconf 88' lang='lat' dir='ltr'><strong>ibi</strong></span> <span class='ocrx_word' id='word_1_49' title='bbox 406 440 548 481; x_wconf 79' lang='lat' dir='ltr'><strong>relicta</strong></span> <span class='ocrx_word' id='word_1_50' title='bbox 575 439 749 491; x_wconf 78' lang='lat' dir='ltr'><strong>Pragam</strong></span> <span class='ocrx_word' id='word_1_51' title='bbox 779 443 917 507; x_wconf 81' lang='lat' dir='ltr'><strong>petere</strong></span> <span class='ocrx_word' id='word_1_52' title='bbox 946 438 1068 483; x_wconf 79' lang='lat' dir='ltr'><strong>solus,</strong></span> <span class='ocrx_word' id='word_1_53' title='bbox 1098 442 1142 476; x_wconf 90' lang='lat' dir='ltr'><strong>et</strong></span> <span class='ocrx_word' id='word_1_54' title='bbox 1164 449 1239 489; x_wconf 88' lang='lat' dir='ltr'><strong>quo</strong></span> <span class='ocrx_word' id='word_1_55' title='bbox 1271 436 1359 477; x_wconf 91' lang='lat' dir='ltr'><strong>loco</strong></span> <span class='ocrx_word' id='word_1_56' title='bbox 1389 436 1464 477; x_wconf 86' lang='lat' dir='ltr'><strong>sim</strong></span> <span class='ocrx_word' id='word_1_57' title='bbox 1495 435 1674 484; x_wconf 79' lang='lat' dir='ltr'><strong>futurus,</strong></span> <span class='ocrx_word' id='word_1_58' title='bbox 1694 434 1800 488; x_wconf 90' lang='lat' dir='ltr'><strong>quod</strong></span> 
     </span>
     <span class='ocr_line' id='line_1_7' title="bbox 18 493 1800 552; baseline -0.004 -12"><span class='ocrx_word' id='word_1_59' title='bbox 18 499 220 540; x_wconf 79' lang='lat' dir='ltr'><strong>habiturus</strong></span> <span class='ocrx_word' id='word_1_60' title='bbox 250 499 451 546; x_wconf 68' lang='lat' dir='ltr'><strong>salarium,</strong></span> <span class='ocrx_word' id='word_1_61' title='bbox 482 510 599 552; x_wconf 80' lang='lat' dir='ltr'><strong>quam</strong></span> <span class='ocrx_word' id='word_1_62' title='bbox 627 510 738 551; x_wconf 88' lang='lat' dir='ltr'><strong>spem</strong></span> <span class='ocrx_word' id='word_1_63' title='bbox 762 498 846 550; x_wconf 86' lang='lat' dir='ltr'><strong>ejus</strong></span> <span class='ocrx_word' id='word_1_64' title='bbox 872 495 1142 550; x_wconf 80' lang='lat' dir='ltr'><strong>extorquendi,</strong></span> <span class='ocrx_word' id='word_1_65' title='bbox 1173 496 1416 547; x_wconf 79' lang='lat' dir='ltr'>provisurus,</span> <span class='ocrx_word' id='word_1_66' title='bbox 1447 499 1636 547; x_wconf 82' lang='lat' dir='ltr'><strong>quantum</strong></span> <span class='ocrx_word' id='word_1_67' title='bbox 1666 493 1800 534; x_wconf 86' lang='lat' dir='ltr'><strong>divina</strong></span> 
     </span>
     <span class='ocr_line' id='line_1_8' title="bbox 17 552 1812 610; baseline -0.006 -10"><span class='ocrx_word' id='word_1_68' title='bbox 17 557 148 610; x_wconf 72' lang='lat' dir='ltr'><strong>gutia</strong></span> <span class='ocrx_word' id='word_1_69' title='bbox 174 552 272 599; x_wconf 73' lang='lat' dir='ltr'><strong>mihi</strong></span> <span class='ocrx_word' id='word_1_70' title='bbox 299 558 520 600; x_wconf 85' lang='lat' dir='ltr'><strong>indulserit.</strong></span> <span class='ocrx_word' id='word_1_71' title='bbox 581 558 641 598; x_wconf 87' lang='lat' dir='ltr'><strong>At</strong></span> <span class='ocrx_word' id='word_1_72' title='bbox 670 557 705 597; x_wconf 91' lang='lat' dir='ltr'><strong>si</strong></span> <span class='ocrx_word' id='word_1_73' title='bbox 734 569 880 609; x_wconf 85' lang='lat' dir='ltr'><strong>magna</strong></span> <span class='ocrx_word' id='word_1_74' title='bbox 912 556 993 597; x_wconf 81' lang='lat' dir='ltr'><strong>sint</strong></span> <span class='ocrx_word' id='word_1_75' title='bbox 1021 555 1269 596; x_wconf 89' lang='lat' dir='ltr'><strong>incommoda</strong></span> <span class='ocrx_word' id='word_1_76' title='bbox 1298 555 1448 603; x_wconf 80' lang='lat' dir='ltr'><strong>futura,</strong></span> <span class='ocrx_word' id='word_1_77' title='bbox 1484 564 1668 592; x_wconf 87' lang='lat' dir='ltr'><strong>reversus</strong></span> <span class='ocrx_word' id='word_1_78' title='bbox 1697 552 1812 593; x_wconf 58' lang='lat' dir='ltr'><strong>Liu-</strong></span> 
     </span>
     <span class='ocr_line' id='line_1_9' title="bbox 16 606 1795 672; baseline -0.005 -12"><span class='ocrx_word' id='word_1_79' title='bbox 16 619 118 672; x_wconf 61' lang='lat' dir='ltr'><strong>cipn</strong></span> <span class='ocrx_word' id='word_1_80' title='bbox 145 630 245 659; x_wconf 78' lang='lat' dir='ltr'><strong>cnm</strong></span> <span class='ocrx_word' id='word_1_81' title='bbox 264 617 419 658; x_wconf 73' lang='lat' dir='ltr'><strong>familia</strong></span> <span class='ocrx_word' id='word_1_82' title='bbox 444 628 517 669; x_wconf 86' lang='lat' dir='ltr'><strong>per</strong></span> <span class='ocrx_word' id='word_1_83' title='bbox 545 615 771 656; x_wconf 80' lang='lat' dir='ltr'>Danubium</span> <span class='ocrx_word' id='word_1_84' title='bbox 801 615 852 656; x_wconf 89' lang='lat' dir='ltr'><strong>ad</strong></span> <span class='ocrx_word' id='word_1_85' title='bbox 881 628 954 655; x_wconf 89' lang='lat' dir='ltr'><strong>vos</strong></span> <span class='ocrx_word' id='word_1_86' title='bbox 984 614 1241 663; x_wconf 80' lang='lat' dir='ltr'><strong>contendam,</strong></span> <span class='ocrx_word' id='word_1_87' title='bbox 1273 613 1360 654; x_wconf 89' lang='lat' dir='ltr'><strong>Deo</strong></span> <span class='ocrx_word' id='word_1_88' title='bbox 1389 612 1514 652; x_wconf 84' lang='lat' dir='ltr'><strong>vitam</strong></span> <span class='ocrx_word' id='word_1_89' title='bbox 1541 606 1795 663; x_wconf 75' lang='lat' dir='ltr'><strong>prorogante.</strong></span> 
     </span>
     <span class='ocr_line' id='line_1_10' title="bbox 15 669 1797 728; baseline -0.006 -9"><span class='ocrx_word' id='word_1_90' title='bbox 15 677 238 720; x_wconf 63' lang='lat' dir='ltr'><strong>Medicinae</strong></span> <span class='ocrx_word' id='word_1_91' title='bbox 254 689 412 718; x_wconf 87' lang='lat' dir='ltr'><strong>cursum</strong></span> <span class='ocrx_word' id='word_1_92' title='bbox 430 675 678 728; x_wconf 76' lang='lat' dir='ltr'><strong>auspicabor,</strong></span> <span class='ocrx_word' id='word_1_93' title='bbox 710 674 859 716; x_wconf 87' lang='lat' dir='ltr'><strong>dabitis</strong></span> <span class='ocrx_word' id='word_1_94' title='bbox 883 674 976 715; x_wconf 86' lang='lat' dir='ltr'><strong>mihi</strong></span> <span class='ocrx_word' id='word_1_95' title='bbox 997 675 1170 715; x_wconf 85' lang='lat' dir='ltr'><strong>fortasse</strong></span> <span class='ocrx_word' id='word_1_96' title='bbox 1187 671 1567 726; x_wconf 85' lang='lat' dir='ltr'><strong>professiunculam:</strong></span> <span class='ocrx_word' id='word_1_97' title='bbox 1599 669 1693 722; x_wconf 89' lang='lat' dir='ltr'><strong>quia</strong></span> <span class='ocrx_word' id='word_1_98' title='bbox 1710 682 1797 710; x_wconf 89' lang='lat' dir='ltr'><strong>me-</strong></span> 
     </span>
     <span class='ocr_line' id='line_1_11' title="bbox 15 729 1799 803; baseline -0.004 -24.991"><span class='ocrx_word' id='word_1_99' title='bbox 15 737 175 779; x_wconf 77' lang='lat' dir='ltr'><strong>hercule</strong></span> <span class='ocrx_word' id='word_1_100' title='bbox 203 747 254 777; x_wconf 85' lang='lat' dir='ltr'><strong>ex</strong></span> <span class='ocrx_word' id='word_1_101' title='bbox 283 736 406 776; x_wconf 83' lang='lat' dir='ltr'><strong>divite</strong></span> <span class='ocrx_word' id='word_1_102' title='bbox 435 735 475 776; x_wconf 87' lang='lat' dir='ltr'><strong>in</strong></span> <span class='ocrx_word' id='word_1_103' title='bbox 506 747 577 803; x_wconf 77' lang='lat' dir='ltr'><strong>spe</strong></span> <span class='ocrx_word' id='word_1_104' title='bbox 608 734 739 774; x_wconf 84' lang='lat' dir='ltr'><strong>factus</strong></span> <span class='ocrx_word' id='word_1_105' title='bbox 770 747 857 775; x_wconf 89' lang='lat' dir='ltr'><strong>sum</strong></span> <span class='ocrx_word' id='word_1_106' title='bbox 885 732 1157 786; x_wconf 80' lang='lat' dir='ltr'><strong>pauperrimus</strong></span> <span class='ocrx_word' id='word_1_107' title='bbox 1180 744 1224 773; x_wconf 86' lang='lat' dir='ltr'><strong>re</strong></span> <span class='ocrx_word' id='word_1_108' title='bbox 1247 732 1348 784; x_wconf 88' lang='lat' dir='ltr'><strong>ipsa.</strong></span> <span class='ocrx_word' id='word_1_109' title='bbox 1388 730 1565 771; x_wconf 87' lang='lat' dir='ltr'>Uxorem</span> <span class='ocrx_word' id='word_1_110' title='bbox 1583 729 1687 770; x_wconf 87' lang='lat' dir='ltr'><strong>euim</strong></span> <span class='ocrx_word' id='word_1_111' title='bbox 1705 729 1799 770; x_wconf 90' lang='lat' dir='ltr'><strong>duxi</strong></span> 
     </span>
     <span class='ocr_line' id='line_1_12' title="bbox 15 788 1799 849; baseline -0.004 -12"><span class='ocrx_word' id='word_1_112' title='bbox 15 806 67 837; x_wconf 80' lang='lat' dir='ltr'><strong>ex</strong></span> <span class='ocrx_word' id='word_1_113' title='bbox 84 795 279 849; x_wconf 77' lang='lat' dir='ltr'>locuplete</span> <span class='ocrx_word' id='word_1_114' title='bbox 297 796 438 843; x_wconf 83' lang='lat' dir='ltr'><strong>dom03</strong></span> <span class='ocrx_word' id='word_1_115' title='bbox 469 794 582 846; x_wconf 86' lang='lat' dir='ltr'><strong>cujus</strong></span> <span class='ocrx_word' id='word_1_116' title='bbox 606 799 695 833; x_wconf 86' lang='lat' dir='ltr'><strong>tota</strong></span> <span class='ocrx_word' id='word_1_117' title='bbox 720 794 904 846; x_wconf 85' lang='lat' dir='ltr'><strong>cognatio</strong></span> <span class='ocrx_word' id='word_1_118' title='bbox 934 793 975 833; x_wconf 91' lang='lat' dir='ltr'><strong>in</strong></span> <span class='ocrx_word' id='word_1_119' title='bbox 1006 792 1146 832; x_wconf 88' lang='lat' dir='ltr'><strong>eadem</strong></span> <span class='ocrx_word' id='word_1_120' title='bbox 1176 797 1240 832; x_wconf 86' lang='lat' dir='ltr'><strong>est</strong></span> <span class='ocrx_word' id='word_1_121' title='bbox 1268 790 1372 831; x_wconf 85' lang='lat' dir='ltr'><strong>navi.</strong></span> <span class='ocrx_word' id='word_1_122' title='bbox 1416 789 1478 830; x_wconf 84' lang='lat' dir='ltr'><strong>At</strong></span> <span class='ocrx_word' id='word_1_123' title='bbox 1505 792 1595 828; x_wconf 75' lang='lat' dir='ltr'><strong>tota</strong></span> <span class='ocrx_word' id='word_1_124' title='bbox 1623 788 1799 841; x_wconf 80' lang='lat' dir='ltr'><strong>ipsorum</strong></span> 
     </span>
     <span class='ocr_line' id='line_1_13' title="bbox 14 826 1796 906; baseline -0.004 -10"><span class='ocrx_word' id='word_1_125' title='bbox 14 855 242 896; x_wconf 75' lang='lat' dir='ltr'><strong>substantia</strong></span> <span class='ocrx_word' id='word_1_126' title='bbox 269 860 334 895; x_wconf 80' lang='lat' dir='ltr'><strong>est</strong></span> <span class='ocrx_word' id='word_1_127' title='bbox 360 854 402 894; x_wconf 90' lang='lat' dir='ltr'><strong>in</strong></span> <span class='ocrx_word' id='word_1_128' title='bbox 425 826 707 902; x_wconf 69' lang='lat' dir='ltr'><strong>immobilibus,</strong></span> <span class='ocrx_word' id='word_1_129' title='bbox 739 866 840 906; x_wconf 86' lang='lat' dir='ltr'><strong>quae</strong></span> <span class='ocrx_word' id='word_1_130' title='bbox 870 858 962 893; x_wconf 88' lang='lat' dir='ltr'><strong>sunt</strong></span> <span class='ocrx_word' id='word_1_131' title='bbox 990 850 1207 899; x_wconf 88' lang='lat' dir='ltr'><strong>vilissima,</strong></span> <span class='ocrx_word' id='word_1_132' title='bbox 1239 850 1357 890; x_wconf 87' lang='lat' dir='ltr'><strong>immo</strong></span> <span class='ocrx_word' id='word_1_133' title='bbox 1387 860 1436 888; x_wconf 91' lang='lat' dir='ltr'><strong>ne</strong></span> <span class='ocrx_word' id='word_1_134' title='bbox 1467 847 1624 900; x_wconf 88' lang='lat' dir='ltr'><strong>quidem</strong></span> <span class='ocrx_word' id='word_1_135' title='bbox 1655 847 1796 888; x_wconf 86' lang='lat' dir='ltr'><strong>vendi-</strong></span> 
     </span>
     <span class='ocr_line' id='line_1_14' title="bbox 12 906 1795 964; baseline -0.005 -9"><span class='ocrx_word' id='word_1_136' title='bbox 12 914 123 955; x_wconf 71' lang='lat' dir='ltr'><strong>bilia.</strong></span> <span class='ocrx_word' id='word_1_137' title='bbox 179 912 333 955; x_wconf 81' lang='lat' dir='ltr'><strong>Omnes</strong></span> <span class='ocrx_word' id='word_1_138' title='bbox 362 913 444 954; x_wconf 89' lang='lat' dir='ltr'><strong>illis</strong></span> <span class='ocrx_word' id='word_1_139' title='bbox 473 912 627 952; x_wconf 89' lang='lat' dir='ltr'><strong>inhiant</strong></span> <span class='ocrx_word' id='word_1_140' title='bbox 656 912 742 952; x_wconf 86' lang='lat' dir='ltr'><strong>sine</strong></span> <span class='ocrx_word' id='word_1_141' title='bbox 772 912 915 964; x_wconf 87' lang='lat' dir='ltr'><strong>pretio.</strong></span> <span class='ocrx_word' id='word_1_142' title='bbox 973 910 1145 953; x_wconf 89' lang='lat' dir='ltr'><strong>Cautum</strong></span> <span class='ocrx_word' id='word_1_143' title='bbox 1174 909 1277 949; x_wconf 91' lang='lat' dir='ltr'><strong>enim</strong></span> <span class='ocrx_word' id='word_1_144' title='bbox 1307 913 1373 948; x_wconf 85' lang='lat' dir='ltr'><strong>est</strong></span> <span class='ocrx_word' id='word_1_145' title='bbox 1402 907 1563 948; x_wconf 84' lang='lat' dir='ltr'><strong>decreto</strong></span> <span class='ocrx_word' id='word_1_146' title='bbox 1593 906 1795 959; x_wconf 89' lang='lat' dir='ltr'><strong>principis,</strong></span> 
     </span>
     <span class='ocr_line' id='line_1_15' title="bbox 12 966 1795 1026; baseline -0.005 -12"><span class='ocrx_word' id='word_1_147' title='bbox 12 984 64 1014; x_wconf 84' lang='lat' dir='ltr'><strong>ne</strong></span> <span class='ocrx_word' id='word_1_148' title='bbox 94 973 182 1026; x_wconf 83' lang='lat' dir='ltr'><strong>quis</strong></span> <span class='ocrx_word' id='word_1_149' title='bbox 211 985 262 1013; x_wconf 73' lang='lat' dir='ltr'><strong>ea</strong></span> <span class='ocrx_word' id='word_1_150' title='bbox 290 973 405 1021; x_wconf 87' lang='lat' dir='ltr'><strong>bona,</strong></span> <span class='ocrx_word' id='word_1_151' title='bbox 438 984 539 1025; x_wconf 86' lang='lat' dir='ltr'><strong>quae</strong></span> <span class='ocrx_word' id='word_1_152' title='bbox 567 983 645 1011; x_wconf 94' lang='lat' dir='ltr'><strong>nou</strong></span> <span class='ocrx_word' id='word_1_153' title='bbox 675 971 898 1012; x_wconf 83' lang='lat' dir='ltr'><strong>vendiderit</strong></span> <span class='ocrx_word' id='word_1_154' title='bbox 929 971 1035 1011; x_wconf 87' lang='lat' dir='ltr'><strong>intra</strong></span> <span class='ocrx_word' id='word_1_155' title='bbox 1063 967 1121 1009; x_wconf 71' lang='lat'><strong>45</strong></span> <span class='ocrx_word' id='word_1_156' title='bbox 1152 968 1250 1014; x_wconf 87' lang='lat' dir='ltr'><strong>dies,</strong></span> <span class='ocrx_word' id='word_1_157' title='bbox 1281 966 1401 1007; x_wconf 88' lang='lat' dir='ltr'><strong>alicui</strong></span> <span class='ocrx_word' id='word_1_158' title='bbox 1428 966 1631 1019; x_wconf 83' lang='lat' dir='ltr'><strong>pontificio</strong></span> <span class='ocrx_word' id='word_1_159' title='bbox 1661 966 1795 1006; x_wconf 87' lang='lat' dir='ltr'><strong>locare</strong></span> 
     </span>
     <span class='ocr_line' id='line_1_16' title="bbox 11 1025 1795 1085; baseline -0.005 -12"><span class='ocrx_word' id='word_1_160' title='bbox 11 1031 154 1084; x_wconf 69' lang='lat' dir='ltr'><strong>possit.</strong></span> <span class='ocrx_word' id='word_1_161' title='bbox 197 1031 301 1073; x_wconf 87' lang='lat' dir='ltr'><strong>Sunt</strong></span> <span class='ocrx_word' id='word_1_162' title='bbox 318 1033 419 1072; x_wconf 84' lang='lat' dir='ltr'><strong>haec</strong></span> <span class='ocrx_word' id='word_1_163' title='bbox 438 1031 594 1085; x_wconf 90' lang='lat' dir='ltr'><strong>quidem</strong></span> <span class='ocrx_word' id='word_1_164' title='bbox 626 1030 776 1082; x_wconf 84' lang='lat' dir='ltr'><strong>gravia.</strong></span> <span class='ocrx_word' id='word_1_165' title='bbox 827 1030 887 1070; x_wconf 84' lang='lat' dir='ltr'><strong>At</strong></span> <span class='ocrx_word' id='word_1_166' title='bbox 909 1042 985 1070; x_wconf 91' lang='lat' dir='ltr'><strong>nou</strong></span> <span class='ocrx_word' id='word_1_167' title='bbox 1011 1026 1280 1075; x_wconf 80' lang='lat' dir='ltr'><strong>credidissem,</strong></span> <span class='ocrx_word' id='word_1_168' title='bbox 1312 1026 1413 1066; x_wconf 86' lang='lat' dir='ltr'><strong>adeo</strong></span> <span class='ocrx_word' id='word_1_169' title='bbox 1445 1025 1559 1066; x_wconf 84' lang='lat' dir='ltr'><strong>dulce</strong></span> <span class='ocrx_word' id='word_1_170' title='bbox 1589 1037 1693 1074; x_wconf 87' lang='lat' dir='ltr'><strong>esse,</strong></span> <span class='ocrx_word' id='word_1_171' title='bbox 1724 1036 1795 1078; x_wconf 88' lang='lat' dir='ltr'><strong>pro</strong></span> 
     </span>
     <span class='ocr_line' id='line_1_17' title="bbox 12 1085 1795 1144; baseline -0.006 -10"><span class='ocrx_word' id='word_1_172' title='bbox 12 1091 217 1143; x_wconf 70' lang='lat' dir='ltr'><strong>religione,</strong></span> <span class='ocrx_word' id='word_1_173' title='bbox 245 1103 318 1144; x_wconf 85' lang='lat' dir='ltr'><strong>pro</strong></span> <span class='ocrx_word' id='word_1_174' title='bbox 344 1089 496 1132; x_wconf 84' lang='lat' dir='ltr'><strong>Christi</strong></span> <span class='ocrx_word' id='word_1_175' title='bbox 525 1089 694 1139; x_wconf 84' lang='lat' dir='ltr'><strong>honore,</strong></span> <span class='ocrx_word' id='word_1_176' title='bbox 726 1103 814 1130; x_wconf 88' lang='lat' dir='ltr'><strong>cum</strong></span> <span class='ocrx_word' id='word_1_177' title='bbox 845 1087 1086 1141; x_wconf 86' lang='lat' dir='ltr'><strong>aliquantulo</strong></span> <span class='ocrx_word' id='word_1_178' title='bbox 1116 1092 1233 1126; x_wconf 87' lang='lat' dir='ltr'><strong>coetu</strong></span> <span class='ocrx_word' id='word_1_179' title='bbox 1264 1086 1430 1127; x_wconf 80' lang='lat' dir='ltr'><strong>fratrum</strong></span> <span class='ocrx_word' id='word_1_180' title='bbox 1461 1085 1620 1133; x_wconf 83' lang='lat' dir='ltr'><strong>damna,</strong></span> <span class='ocrx_word' id='word_1_181' title='bbox 1651 1089 1795 1125; x_wconf 88' lang='lat' dir='ltr'><strong>coutu-</strong></span> 
     </span>
     <span class='ocr_line' id='line_1_18' title="bbox 14 1143 1796 1202; baseline -0.004 -11"><span class='ocrx_word' id='word_1_182' title='bbox 14 1145 158 1191; x_wconf 77' lang='lat' dir='ltr'><strong>melias</strong></span> <span class='ocrx_word' id='word_1_183' title='bbox 181 1150 283 1202; x_wconf 85' lang='lat' dir='ltr'><strong>pati,</strong></span> <span class='ocrx_word' id='word_1_184' title='bbox 312 1151 463 1198; x_wconf 86' lang='lat' dir='ltr'><strong>domos,</strong></span> <span class='ocrx_word' id='word_1_185' title='bbox 494 1161 627 1200; x_wconf 82' lang='lat' dir='ltr'><strong>agros,</strong></span> <span class='ocrx_word' id='word_1_186' title='bbox 660 1149 827 1197; x_wconf 84' lang='lat' dir='ltr'><strong>amieos,</strong></span> <span class='ocrx_word' id='word_1_187' title='bbox 862 1148 1032 1201; x_wconf 86' lang='lat' dir='ltr'><strong>patriam</strong></span> <span class='ocrx_word' id='word_1_188' title='bbox 1063 1145 1259 1185; x_wconf 90' lang='lat' dir='ltr'><strong>deserere.</strong></span> <span class='ocrx_word' id='word_1_189' title='bbox 1322 1143 1369 1185; x_wconf 87' lang='lat' dir='ltr'><strong>Si</strong></span> <span class='ocrx_word' id='word_1_190' title='bbox 1398 1156 1534 1184; x_wconf 89' lang='lat' dir='ltr'><strong>verum</strong></span> <span class='ocrx_word' id='word_1_191' title='bbox 1562 1143 1796 1197; x_wconf 86' lang='lat' dir='ltr'><strong>martyrium</strong></span> 
     </span>
     <span class='ocr_line' id='line_1_19' title="bbox 14 1202 1795 1261; baseline -0.003 -13"><span class='ocrx_word' id='word_1_192' title='bbox 14 1215 57 1250; x_wconf 89' lang='lat' dir='ltr'><strong>et</strong></span> <span class='ocrx_word' id='word_1_193' title='bbox 85 1209 192 1250; x_wconf 75' lang='lat' dir='ltr'><strong>vitae</strong></span> <span class='ocrx_word' id='word_1_194' title='bbox 216 1210 377 1261; x_wconf 81' lang='lat' dir='ltr'><strong>jactura</strong></span> <span class='ocrx_word' id='word_1_195' title='bbox 404 1207 661 1261; x_wconf 82' lang='lat' dir='ltr'><strong>proportione</strong></span> <span class='ocrx_word' id='word_1_196' title='bbox 693 1209 862 1261; x_wconf 88' lang='lat' dir='ltr'><strong>quadam</strong></span> <span class='ocrx_word' id='word_1_197' title='bbox 891 1204 1126 1257; x_wconf 84' lang='lat' dir='ltr'><strong>respondet,</strong></span> <span class='ocrx_word' id='word_1_198' title='bbox 1166 1210 1210 1244; x_wconf 90' lang='lat' dir='ltr'><strong>ut</strong></span> <span class='ocrx_word' id='word_1_199' title='bbox 1240 1217 1315 1256; x_wconf 92' lang='lat' dir='ltr'><strong>quo</strong></span> <span class='ocrx_word' id='word_1_200' title='bbox 1346 1204 1474 1256; x_wconf 86' lang='lat' dir='ltr'><strong>majus</strong></span> <span class='ocrx_word' id='word_1_201' title='bbox 1505 1203 1691 1243; x_wconf 89' lang='lat' dir='ltr'><strong>damnum</strong></span> <span class='ocrx_word' id='word_1_202' title='bbox 1720 1202 1795 1243; x_wconf 81' lang='lat' dir='ltr'><strong>hoc</strong></span> 
     </span>
     <span class='ocr_line' id='line_1_20' title="bbox 15 1261 1796 1321; baseline -0.004 -12"><span class='ocrx_word' id='word_1_203' title='bbox 15 1269 141 1321; x_wconf 81' lang='lat' dir='ltr'><strong>major</strong></span> <span class='ocrx_word' id='word_1_204' title='bbox 167 1268 324 1309; x_wconf 70' lang='lat' dir='ltr'><strong>laetitia</strong></span> <span class='ocrx_word' id='word_1_205' title='bbox 353 1268 432 1308; x_wconf 86' lang='lat' dir='ltr'><strong>sit:</strong></span> <span class='ocrx_word' id='word_1_206' title='bbox 475 1267 591 1308; x_wconf 81' lang='lat' dir='ltr'><strong>facile</strong></span> <span class='ocrx_word' id='word_1_207' title='bbox 629 1272 692 1307; x_wconf 90' lang='lat' dir='ltr'><strong>est</strong></span> <span class='ocrx_word' id='word_1_208' title='bbox 721 1273 762 1307; x_wconf 89' lang='lat' dir='ltr'><strong>et</strong></span> <span class='ocrx_word' id='word_1_209' title='bbox 790 1265 887 1307; x_wconf 90' lang='lat' dir='ltr'><strong>mori</strong></span> <span class='ocrx_word' id='word_1_210' title='bbox 916 1276 989 1316; x_wconf 88' lang='lat' dir='ltr'><strong>pro</strong></span> <span class='ocrx_word' id='word_1_211' title='bbox 1020 1263 1224 1315; x_wconf 84' lang='lat' dir='ltr'><strong>religione.</strong></span> <span class='ocrx_word' id='word_1_212' title='bbox 1287 1262 1369 1304; x_wconf 88' lang='lat' dir='ltr'><strong>Sed</strong></span> <span class='ocrx_word' id='word_1_213' title='bbox 1404 1263 1503 1303; x_wconf 88' lang='lat' dir='ltr'><strong>haec</strong></span> <span class='ocrx_word' id='word_1_214' title='bbox 1541 1261 1686 1310; x_wconf 83' lang='lat' dir='ltr'><strong>fusius,</strong></span> <span class='ocrx_word' id='word_1_215' title='bbox 1728 1261 1796 1302; x_wconf 86' lang='lat' dir='ltr'><strong>ubi</strong></span> 
     </span>
     <span class='ocr_line' id='line_1_21' title="bbox 13 1320 1795 1372; baseline -0.005 -4"><span class='ocrx_word' id='word_1_216' title='bbox 13 1326 322 1368; x_wconf 80' lang='lat' dir='ltr'><strong>convenerimus.</strong></span> <span class='ocrx_word' id='word_1_217' title='bbox 383 1326 475 1367; x_wconf 79' lang='lat' dir='ltr'><strong>Nou</strong></span> <span class='ocrx_word' id='word_1_218' title='bbox 508 1339 624 1366; x_wconf 88' lang='lat' dir='ltr'><strong>cesso</strong></span> <span class='ocrx_word' id='word_1_219' title='bbox 662 1331 791 1366; x_wconf 88' lang='lat' dir='ltr'><strong>tamen</strong></span> <span class='ocrx_word' id='word_1_220' title='bbox 829 1323 970 1364; x_wconf 86' lang='lat' dir='ltr'><strong>luctari</strong></span> <span class='ocrx_word' id='word_1_221' title='bbox 1008 1327 1050 1362; x_wconf 91' lang='lat' dir='ltr'><strong>et</strong></span> <span class='ocrx_word' id='word_1_222' title='bbox 1085 1335 1174 1362; x_wconf 90' lang='lat' dir='ltr'><strong>cum</strong></span> <span class='ocrx_word' id='word_1_223' title='bbox 1210 1322 1468 1362; x_wconf 86' lang='lat' dir='ltr'><strong>incommodis</strong></span> <span class='ocrx_word' id='word_1_224' title='bbox 1497 1320 1795 1372; x_wconf 88' lang='lat' dir='ltr'><strong>temporalibus,</strong></span> 
     </span>
     <span class='ocr_line' id='line_1_22' title="bbox 13 1379 1794 1434; baseline -0.005 -6"><span class='ocrx_word' id='word_1_225' title='bbox 13 1392 60 1428; x_wconf 90' lang='grc' dir='ltr'><strong>ιιι</strong></span> <span class='ocrx_word' id='word_1_226' title='bbox 87 1386 226 1427; x_wconf 82' lang='lat' dir='ltr'><strong>banno</strong></span> <span class='ocrx_word' id='word_1_227' title='bbox 246 1386 392 1434; x_wconf 87' lang='lat' dir='ltr'><strong>solvar,</strong></span> <span class='ocrx_word' id='word_1_228' title='bbox 424 1399 472 1426; x_wconf 89' lang='lat' dir='ltr'><strong>ue</strong></span> <span class='ocrx_word' id='word_1_229' title='bbox 503 1385 745 1426; x_wconf 79' lang='lat' dir='ltr'><strong>decimentur</strong></span> <span class='ocrx_word' id='word_1_230' title='bbox 773 1383 878 1423; x_wconf 88' lang='lat' dir='ltr'><strong>bona</strong></span> <span class='ocrx_word' id='word_1_231' title='bbox 907 1382 1041 1422; x_wconf 85' lang='lat' dir='ltr'><strong>uxoris</strong></span> <span class='ocrx_word' id='word_1_232' title='bbox 1072 1394 1211 1421; x_wconf 90' lang='lat' dir='ltr'><strong>meae:</strong></span> <span class='ocrx_word' id='word_1_233' title='bbox 1242 1386 1476 1434; x_wconf 79' lang='lat' dir='ltr'><strong>argumento</strong></span> <span class='ocrx_word' id='word_1_234' title='bbox 1502 1394 1527 1420; x_wconf 92' lang='lat' dir='ltr'><strong>a</strong></span> <span class='ocrx_word' id='word_1_235' title='bbox 1553 1392 1644 1421; x_wconf 90' lang='lat' dir='ltr'><strong>mea</strong></span> <span class='ocrx_word' id='word_1_236' title='bbox 1671 1379 1794 1420; x_wconf 88' lang='lat' dir='ltr'><strong>resti-</strong></span> 
     </span>
     <span class='ocr_line' id='line_1_23' title="bbox 13 1438 1794 1497; baseline -0.004 -11"><span class='ocrx_word' id='word_1_237' title='bbox 13 1444 166 1490; x_wconf 71' lang='lat' dir='ltr'><strong>tutione</strong></span> <span class='ocrx_word' id='word_1_238' title='bbox 195 1450 327 1497; x_wconf 78' lang='lat' dir='ltr'><strong>capto,</strong></span> <span class='ocrx_word' id='word_1_239' title='bbox 358 1457 406 1485; x_wconf 90' lang='lat' dir='ltr'><strong>ue</strong></span> <span class='ocrx_word' id='word_1_240' title='bbox 437 1445 493 1485; x_wconf 87' lang='lat' dir='ltr'><strong>sit</strong></span> <span class='ocrx_word' id='word_1_241' title='bbox 521 1457 570 1483; x_wconf 86' lang='lat' dir='ltr'><strong>ea</strong></span> <span class='ocrx_word' id='word_1_242' title='bbox 598 1443 691 1483; x_wconf 89' lang='lat' dir='ltr'><strong>mihi</strong></span> <span class='ocrx_word' id='word_1_243' title='bbox 722 1442 851 1483; x_wconf 84' lang='lat' dir='ltr'><strong>fraudi</strong></span> <span class='ocrx_word' id='word_1_244' title='bbox 882 1441 1026 1494; x_wconf 88' lang='lat' dir='ltr'><strong>potius,</strong></span> <span class='ocrx_word' id='word_1_245' title='bbox 1060 1453 1178 1493; x_wconf 88' lang='lat' dir='ltr'><strong>quam</strong></span> <span class='ocrx_word' id='word_1_246' title='bbox 1206 1441 1324 1481; x_wconf 89' lang='lat' dir='ltr'><strong>bono.</strong></span> <span class='ocrx_word' id='word_1_247' title='bbox 1372 1441 1478 1482; x_wconf 85' lang='lat' dir='ltr'><strong>Nam</strong></span> <span class='ocrx_word' id='word_1_248' title='bbox 1503 1439 1539 1479; x_wconf 92' lang='lat' dir='ltr'><strong>si</strong></span> <span class='ocrx_word' id='word_1_249' title='bbox 1559 1444 1652 1479; x_wconf 86' lang='lat' dir='ltr'><strong>aute</strong></span> <span class='ocrx_word' id='word_1_250' title='bbox 1676 1438 1794 1479; x_wconf 89' lang='lat' dir='ltr'><strong>bien-</strong></span> 
     </span>
     <span class='ocr_line' id='line_1_24' title="bbox 12 1497 1796 1552; baseline -0.004 -6"><span class='ocrx_word' id='word_1_251' title='bbox 12 1503 119 1547; x_wconf 75' lang='lat' dir='ltr'><strong>nium</strong></span> <span class='ocrx_word' id='word_1_252' title='bbox 147 1516 224 1544; x_wconf 90' lang='lat' dir='ltr'><strong>nou</strong></span> <span class='ocrx_word' id='word_1_253' title='bbox 253 1504 475 1551; x_wconf 80' lang='lat' dir='ltr'><strong>rediissem,</strong></span> <span class='ocrx_word' id='word_1_254' title='bbox 506 1501 806 1542; x_wconf 86' lang='lat' dir='ltr'><strong>decimationem</strong></span> <span class='ocrx_word' id='word_1_255' title='bbox 825 1500 1053 1552; x_wconf 83' lang='lat' dir='ltr'><strong>effugissem</strong></span> <span class='ocrx_word' id='word_1_256' title='bbox 1070 1504 1112 1539; x_wconf 84' lang='lat' dir='ltr'><strong>et</strong></span> <span class='ocrx_word' id='word_1_257' title='bbox 1131 1500 1260 1540; x_wconf 84' lang='lat' dir='ltr'><strong>multa</strong></span> <span class='ocrx_word' id='word_1_258' title='bbox 1282 1500 1375 1540; x_wconf 87' lang='lat' dir='ltr'><strong>alia.</strong></span> <span class='ocrx_word' id='word_1_259' title='bbox 1423 1498 1491 1540; x_wconf 90' lang='lat' dir='ltr'><strong>Sic</strong></span> <span class='ocrx_word' id='word_1_260' title='bbox 1516 1503 1612 1538; x_wconf 88' lang='lat' dir='ltr'><strong>sunt</strong></span> <span class='ocrx_word' id='word_1_261' title='bbox 1638 1497 1796 1551; x_wconf 69' lang='grc' dir='ltr'><strong><em>ἐχθρω</em></strong></span> 
     </span>
     <span class='ocr_line' id='line_1_25' title="bbox 5 1556 1795 1615; baseline -0.004 -10"><span class='ocrx_word' id='word_1_262' title='bbox 5 1562 152 1615; x_wconf 61' lang='lat' dir='ltr'><strong>donea</strong></span> <span class='ocrx_word' id='word_1_263' title='bbox 180 1566 302 1614; x_wconf 69' lang='grc' dir='ltr'><strong><em>σφρα,</em></strong></span> <span class='ocrx_word' id='word_1_264' title='bbox 334 1569 375 1602; x_wconf 90' lang='lat' dir='ltr'><strong>et</strong></span> <span class='ocrx_word' id='word_1_265' title='bbox 405 1562 471 1614; x_wconf 94' lang='lat' dir='ltr'><strong>qui</strong></span> <span class='ocrx_word' id='word_1_266' title='bbox 501 1566 611 1600; x_wconf 87' lang='lat' dir='ltr'><strong>amat</strong></span> <span class='ocrx_word' id='word_1_267' title='bbox 638 1560 809 1613; x_wconf 86' lang='lat' dir='ltr'><strong>patriam</strong></span> <span class='ocrx_word' id='word_1_268' title='bbox 840 1564 882 1599; x_wconf 89' lang='lat' dir='ltr'><strong>et</strong></span> <span class='ocrx_word' id='word_1_269' title='bbox 911 1560 1034 1607; x_wconf 89' lang='lat' dir='ltr'><strong>bona,</strong></span> <span class='ocrx_word' id='word_1_270' title='bbox 1066 1558 1226 1599; x_wconf 84' lang='lat' dir='ltr'><strong>amittet</strong></span> <span class='ocrx_word' id='word_1_271' title='bbox 1254 1560 1350 1600; x_wconf 87' lang='lat' dir='ltr'><strong>illa:</strong></span> <span class='ocrx_word' id='word_1_272' title='bbox 1382 1558 1488 1612; x_wconf 86' lang='lat' dir='ltr'><strong>quod</strong></span> <span class='ocrx_word' id='word_1_273' title='bbox 1519 1557 1614 1598; x_wconf 90' lang='lat' dir='ltr'><strong>mihi</strong></span> <span class='ocrx_word' id='word_1_274' title='bbox 1644 1557 1708 1598; x_wconf 85' lang='lat' dir='ltr'><strong>fas</strong></span> <span class='ocrx_word' id='word_1_275' title='bbox 1739 1556 1795 1597; x_wconf 90' lang='lat' dir='ltr'><strong>sit</strong></span> 
     </span>
     <span class='ocr_line' id='line_1_26' title="bbox 11 1616 1795 1672; baseline -0.004 -9"><span class='ocrx_word' id='word_1_276' title='bbox 11 1622 54 1663; x_wconf 82' lang='lat' dir='ltr'><strong>in</strong></span> <span class='ocrx_word' id='word_1_277' title='bbox 83 1622 183 1663; x_wconf 81' lang='lat' dir='ltr'><strong>hunc</strong></span> <span class='ocrx_word' id='word_1_278' title='bbox 213 1634 371 1662; x_wconf 85' lang='lat' dir='ltr'><strong>sensum</strong></span> <span class='ocrx_word' id='word_1_279' title='bbox 402 1621 648 1672; x_wconf 87' lang='lat' dir='ltr'><strong>detorquere.</strong></span> <span class='ocrx_word' id='word_1_280' title='bbox 698 1620 757 1660; x_wconf 91' lang='lat' dir='ltr'><strong>Tu</strong></span> <span class='ocrx_word' id='word_1_281' title='bbox 788 1619 824 1659; x_wconf 91' lang='lat' dir='ltr'><strong>si</strong></span> <span class='ocrx_word' id='word_1_282' title='bbox 852 1631 915 1659; x_wconf 93' lang='lat' dir='ltr'><strong>me</strong></span> <span class='ocrx_word' id='word_1_283' title='bbox 947 1618 995 1658; x_wconf 91' lang='lat' dir='ltr'><strong>de</strong></span> <span class='ocrx_word' id='word_1_284' title='bbox 1026 1618 1145 1658; x_wconf 89' lang='lat' dir='ltr'><strong>rebus</strong></span> <span class='ocrx_word' id='word_1_285' title='bbox 1176 1618 1371 1672; x_wconf 87' lang='lat' dir='ltr'><strong>aliquibus</strong></span> <span class='ocrx_word' id='word_1_286' title='bbox 1396 1617 1605 1658; x_wconf 83' lang='lat' dir='ltr'><strong>certiorem</strong></span> <span class='ocrx_word' id='word_1_287' title='bbox 1628 1616 1795 1657; x_wconf 88' lang='lat' dir='ltr'><strong>reddere</strong></span> 
     </span>
     <span class='ocr_line' id='line_1_27' title="bbox 2 1675 1792 1730; baseline -0.003 -9"><span class='ocrx_word' id='word_1_288' title='bbox 2 1679 101 1730; x_wconf 72' lang='lat' dir='ltr'><strong>vis,</strong></span> <span class='ocrx_word' id='word_1_289' title='bbox 117 1679 296 1721; x_wconf 86' lang='lat' dir='ltr'><strong>Lincium</strong></span> <span class='ocrx_word' id='word_1_290' title='bbox 324 1680 438 1720; x_wconf 83' lang='lat' dir='ltr'><strong>mitte</strong></span> <span class='ocrx_word' id='word_1_291' title='bbox 466 1679 603 1719; x_wconf 81' lang='lat' dir='ltr'><strong>literas</strong></span> <span class='ocrx_word' id='word_1_292' title='bbox 629 1679 681 1718; x_wconf 92' lang='lat' dir='ltr'><strong>ad</strong></span> <span class='ocrx_word' id='word_1_293' title='bbox 705 1678 911 1719; x_wconf 85' lang='lat' dir='ltr'><strong>emeritum</strong></span> <span class='ocrx_word' id='word_1_294' title='bbox 929 1683 1125 1718; x_wconf 87' lang='lat' dir='ltr'><strong>rectorem</strong></span> <span class='ocrx_word' id='word_1_295' title='bbox 1143 1676 1431 1718; x_wconf 81' lang='lat' dir='ltr'><strong>Memhardum.</strong></span> <span class='ocrx_word' id='word_1_296' title='bbox 1474 1676 1571 1717; x_wconf 91' lang='lat' dir='ltr'><strong>Inde</strong></span> <span class='ocrx_word' id='word_1_297' title='bbox 1596 1675 1639 1716; x_wconf 89' lang='lat' dir='ltr'><strong>iu</strong></span> <span class='ocrx_word' id='word_1_298' title='bbox 1656 1676 1792 1717; x_wconf 86' lang='lat' dir='ltr'><strong>Bobe-</strong></span> 
     </span>
     <span class='ocr_line' id='line_1_28' title="bbox 6 1735 1633 1791; baseline -0.003 -11"><span class='ocrx_word' id='word_1_299' title='bbox 6 1739 133 1785; x_wconf 64' lang='grc' dir='ltr'><strong>ιιιιίιιιι</strong></span> <span class='ocrx_word' id='word_1_300' title='bbox 162 1738 267 1780; x_wconf 88' lang='lat' dir='ltr'><strong>mitti</strong></span> <span class='ocrx_word' id='word_1_301' title='bbox 295 1743 491 1791; x_wconf 86' lang='lat' dir='ltr'><strong>poterunt,</strong></span> <span class='ocrx_word' id='word_1_302' title='bbox 525 1742 595 1777; x_wconf 88' lang='lat' dir='ltr'><strong>aut</strong></span> <span class='ocrx_word' id='word_1_303' title='bbox 624 1738 736 1778; x_wconf 84' lang='lat' dir='ltr'><strong>uxori</strong></span> <span class='ocrx_word' id='word_1_304' title='bbox 767 1750 880 1778; x_wconf 87' lang='lat' dir='ltr'><strong>meae</strong></span> <span class='ocrx_word' id='word_1_305' title='bbox 914 1737 1033 1777; x_wconf 86' lang='lat' dir='ltr'><strong>tradi.</strong></span> <span class='ocrx_word' id='word_1_306' title='bbox 1095 1737 1199 1776; x_wconf 88' lang='lat' dir='ltr'><strong>Vale</strong></span> <span class='ocrx_word' id='word_1_307' title='bbox 1232 1742 1273 1777; x_wconf 90' lang='lat' dir='ltr'><strong>et</strong></span> <span class='ocrx_word' id='word_1_308' title='bbox 1302 1749 1374 1789; x_wconf 92' lang='lat' dir='ltr'><strong>pro</strong></span> <span class='ocrx_word' id='word_1_309' title='bbox 1405 1735 1519 1776; x_wconf 90' lang='lat' dir='ltr'><strong>nobis</strong></span> <span class='ocrx_word' id='word_1_310' title='bbox 1550 1747 1633 1775; x_wconf 87' lang='lat' dir='ltr'><strong>ora.</strong></span> 
     </span>
    </p>
   </div>
   <div class='ocr_carea' id='block_1_3' title="bbox 62 1794 1733 1906">
    <p class='ocr_par' dir='ltr' id='par_1_3' title="bbox 62 1794 1733 1906">
     <span class='ocr_line' id='line_1_29' title="bbox 62 1794 1415 1852; baseline -0.003 -13"><span class='ocrx_word' id='word_1_311' title='bbox 62 1824 101 1852; x_wconf 44' lang='grc' dir='ltr'>χ</span> <span class='ocrx_word' id='word_1_312' title='bbox 128 1795 171 1839; x_wconf 84' lang='grc'><strong>9.</strong></span> <span class='ocrx_word' id='word_1_313' title='bbox 204 1795 270 1839; x_wconf 74' lang='grc'><strong>19.</strong></span> <span class='ocrx_word' id='word_1_314' title='bbox 302 1797 415 1850; x_wconf 83' lang='lat' dir='ltr'><strong>Sept.</strong></span> <span class='ocrx_word' id='word_1_315' title='bbox 453 1794 577 1839; x_wconf 82' lang='lat'><strong>1600.</strong></span> <span class='ocrx_word' id='word_1_316' title='bbox 858 1796 910 1836; x_wconf 86' lang='grc' dir='ltr'><strong>Η.</strong></span> <span class='ocrx_word' id='word_1_317' title='bbox 943 1796 990 1836; x_wconf 91' lang='grc' dir='ltr'><strong>Τ.</strong></span> <span class='ocrx_word' id='word_1_318' title='bbox 1053 1794 1165 1836; x_wconf 87' lang='lat' dir='ltr'><strong>Grat.</strong></span> <span class='ocrx_word' id='word_1_319' title='bbox 1200 1795 1415 1848; x_wconf 89' lang='lat' dir='ltr'><strong>discipulus</strong></span> 
     </span>
     <span class='ocr_line' id='line_1_30' title="bbox 1398 1849 1733 1906; baseline -0.012 -11"><span class='ocrx_word' id='word_1_320' title='bbox 1398 1853 1459 1895; x_wconf 72' lang='lat' dir='ltr'><strong>M.</strong></span> <span class='ocrx_word' id='word_1_321' title='bbox 1490 1853 1534 1895; x_wconf 88' lang='lat' dir='ltr'><strong>J.</strong></span> <span class='ocrx_word' id='word_1_322' title='bbox 1562 1849 1733 1906; x_wconf 80' lang='lat' dir='ltr'><strong>Kepler.</strong></span> 
     </span>
    </p>
   </div>
   <div class='ocr_carea' id='block_1_4' title="bbox 787 1946 1027 1954">
    <p class='ocr_par' dir='ltr' id='par_1_4' title="bbox 787 1946 1027 1954">
     <span class='ocr_line' id='line_1_31' title="bbox 787 1946 1027 1954; baseline 0 1314"><span class='ocrx_word' id='word_1_323' title='bbox 787 1946 1027 1954; x_wconf 95' lang='lat' dir='ltr'><strong> </strong></span> 
     </span>
    </p>
   </div>
   <div class='ocr_carea' id='block_1_5' title="bbox 799 2019 1005 2061">
    <p class='ocr_par' dir='ltr' id='par_1_5' title="bbox 799 2019 1005 2061">
     <span class='ocr_line' id='line_1_32' title="bbox 799 2019 1005 2061; baseline 0 -1"><span class='ocrx_word' id='word_1_324' title='bbox 799 2019 844 2060; x_wconf 90' lang='lat' dir='ltr'><strong>S.</strong></span> <span class='ocrx_word' id='word_1_325' title='bbox 876 2020 922 2061; x_wconf 92' lang='lat' dir='ltr'><strong>P.</strong></span> <span class='ocrx_word' id='word_1_326' title='bbox 955 2020 1005 2060; x_wconf 91' lang='lat' dir='ltr'><strong>D.</strong></span> 
     </span>
    </p>
   </div>
   <div class='ocr_carea' id='block_1_6' title="bbox 0 2087 1794 3147">
    <p class='ocr_par' dir='ltr' id='par_1_6' title="bbox 0 2087 1794 3013">
     <span class='ocr_line' id='line_1_33' title="bbox 128 2087 1794 2142; baseline -0.003 -9"><span class='ocrx_word' id='word_1_327' title='bbox 128 2090 289 2133; x_wconf 70' lang='lat' dir='ltr'><strong>literas</strong></span> <span class='ocrx_word' id='word_1_328' title='bbox 311 2096 416 2139; x_wconf 85' lang='lat' dir='ltr'><strong>tuas,</strong></span> <span class='ocrx_word' id='word_1_329' title='bbox 450 2089 678 2131; x_wconf 88' lang='lat' dir='ltr'><strong>Clarissime</strong></span> <span class='ocrx_word' id='word_1_330' title='bbox 702 2091 775 2138; x_wconf 90' lang='lat' dir='ltr'><strong>vir,</strong></span> <span class='ocrx_word' id='word_1_331' title='bbox 805 2091 1048 2142; x_wconf 85' lang='lat' dir='ltr'><strong>Praeceptor</strong></span> <span class='ocrx_word' id='word_1_332' title='bbox 1071 2089 1312 2138; x_wconf 89' lang='lat' dir='ltr'><strong>honorande,</strong></span> <span class='ocrx_word' id='word_1_333' title='bbox 1343 2102 1390 2129; x_wconf 92' lang='lat' dir='ltr'><strong>eo</strong></span> <span class='ocrx_word' id='word_1_334' title='bbox 1416 2089 1495 2137; x_wconf 90' lang='lat' dir='ltr'><strong>die,</strong></span> <span class='ocrx_word' id='word_1_335' title='bbox 1525 2101 1600 2141; x_wconf 92' lang='lat' dir='ltr'><strong>quo</strong></span> <span class='ocrx_word' id='word_1_336' title='bbox 1619 2087 1794 2140; x_wconf 77' lang='lat' dir='ltr'><strong>Pragam</strong></span> 
     </span>
     <span class='ocr_line' id='line_1_34' title="bbox 14 2146 1792 2201; baseline -0.002 -11"><span class='ocrx_word' id='word_1_337' title='bbox 14 2150 118 2200; x_wconf 84' lang='lat' dir='ltr'><strong>veni,</strong></span> <span class='ocrx_word' id='word_1_338' title='bbox 149 2163 207 2190; x_wconf 87' lang='lat' dir='ltr'><strong>sc.</strong></span> <span class='ocrx_word' id='word_1_339' title='bbox 237 2149 278 2192; x_wconf 89' lang='grc'><strong>9.</strong></span> <span class='ocrx_word' id='word_1_340' title='bbox 314 2148 380 2192; x_wconf 87' lang='grc'><strong>19.</strong></span> <span class='ocrx_word' id='word_1_341' title='bbox 413 2148 505 2190; x_wconf 84' lang='lat' dir='ltr'><strong>Oet.</strong></span> <span class='ocrx_word' id='word_1_342' title='bbox 537 2150 708 2201; x_wconf 86' lang='lat' dir='ltr'><strong>scriptas</strong></span> <span class='ocrx_word' id='word_1_343' title='bbox 740 2151 830 2196; x_wconf 84' lang='lat' dir='ltr'><strong>(eae</strong></span> <span class='ocrx_word' id='word_1_344' title='bbox 861 2149 1065 2189; x_wconf 87' lang='lat' dir='ltr'><strong>Maestlini</strong></span> <span class='ocrx_word' id='word_1_345' title='bbox 1096 2149 1237 2189; x_wconf 86' lang='lat' dir='ltr'><strong>literae</strong></span> <span class='ocrx_word' id='word_1_346' title='bbox 1268 2149 1443 2196; x_wconf 75' lang='lat' dir='ltr'><strong>desunt),</strong></span> <span class='ocrx_word' id='word_1_347' title='bbox 1476 2147 1613 2200; x_wconf 86' lang='lat' dir='ltr'><strong>accepi</strong></span> <span class='ocrx_word' id='word_1_348' title='bbox 1635 2146 1792 2199; x_wconf 87' lang='lat' dir='ltr'><strong>Pragae</strong></span> 
     </span>
     <span class='ocr_line' id='line_1_35' title="bbox 16 2207 1794 2259; baseline -0.003 -9"><span class='ocrx_word' id='word_1_349' title='bbox 16 2207 58 2250; x_wconf 90' lang='grc'><strong>9.</strong></span> <span class='ocrx_word' id='word_1_350' title='bbox 90 2209 330 2250; x_wconf 77' lang='lat' dir='ltr'><strong>Decembris,</strong></span> <span class='ocrx_word' id='word_1_351' title='bbox 387 2209 493 2249; x_wconf 86' lang='lat' dir='ltr'><strong>Nam</strong></span> <span class='ocrx_word' id='word_1_352' title='bbox 527 2209 586 2249; x_wconf 88' lang='lat' dir='ltr'><strong>ita</strong></span> <span class='ocrx_word' id='word_1_353' title='bbox 622 2214 859 2249; x_wconf 88' lang='lat' dir='ltr'><strong>convenerat</strong></span> <span class='ocrx_word' id='word_1_354' title='bbox 895 2222 982 2248; x_wconf 87' lang='lat' dir='ltr'><strong>cum</strong></span> <span class='ocrx_word' id='word_1_355' title='bbox 1019 2207 1261 2259; x_wconf 80' lang='lat' dir='ltr'><strong>Schiningo‚</strong></span> <span class='ocrx_word' id='word_1_356' title='bbox 1306 2214 1349 2248; x_wconf 88' lang='lat' dir='ltr'><strong>ut</strong></span> <span class='ocrx_word' id='word_1_357' title='bbox 1385 2207 1515 2252; x_wconf 86' lang='lat' dir='ltr'><strong>Lincii</strong></span> <span class='ocrx_word' id='word_1_358' title='bbox 1553 2207 1794 2258; x_wconf 86' lang='lat' dir='ltr'><strong>relinqueret</strong></span> 
     </span>
     <span class='ocr_line' id='line_1_36' title="bbox 16 2265 1793 2320; baseline -0.002 -11"><span class='ocrx_word' id='word_1_359' title='bbox 16 2268 176 2316; x_wconf 83' lang='lat' dir='ltr'><strong>literas,</strong></span> <span class='ocrx_word' id='word_1_360' title='bbox 207 2269 240 2307; x_wconf 86' lang='lat' dir='ltr'><strong>si</strong></span> <span class='ocrx_word' id='word_1_361' title='bbox 272 2280 333 2308; x_wconf 87' lang='lat' dir='ltr'><strong>me</strong></span> <span class='ocrx_word' id='word_1_362' title='bbox 364 2266 507 2307; x_wconf 87' lang='lat' dir='ltr'><strong>Gratio</strong></span> <span class='ocrx_word' id='word_1_363' title='bbox 539 2267 770 2307; x_wconf 84' lang='lat' dir='ltr'><strong>discessisse</strong></span> <span class='ocrx_word' id='word_1_364' title='bbox 803 2268 931 2308; x_wconf 88' lang='lat' dir='ltr'><strong>Lincii</strong></span> <span class='ocrx_word' id='word_1_365' title='bbox 964 2267 1234 2318; x_wconf 86' lang='lat' dir='ltr'><strong>comperisset.</strong></span> <span class='ocrx_word' id='word_1_366' title='bbox 1297 2265 1473 2320; x_wconf 90' lang='lat' dir='ltr'><strong>Cumque</strong></span> <span class='ocrx_word' id='word_1_367' title='bbox 1504 2280 1567 2306; x_wconf 91' lang='lat' dir='ltr'><strong>me</strong></span> <span class='ocrx_word' id='word_1_368' title='bbox 1598 2271 1793 2318; x_wconf 85' lang='lat' dir='ltr'><strong>quartana</strong></span> 
     </span>
     <span class='ocr_line' id='line_1_37' title="bbox 13 2325 1792 2379; baseline -0.003 -10"><span class='ocrx_word' id='word_1_369' title='bbox 13 2327 209 2370; x_wconf 75' lang='lat' dir='ltr'><strong>invaserit</strong></span> <span class='ocrx_word' id='word_1_370' title='bbox 235 2326 275 2366; x_wconf 90' lang='lat' dir='ltr'><strong>in</strong></span> <span class='ocrx_word' id='word_1_371' title='bbox 304 2326 458 2373; x_wconf 83' lang='lat' dir='ltr'><strong>itinere,</strong></span> <span class='ocrx_word' id='word_1_372' title='bbox 491 2326 568 2365; x_wconf 87' lang='lat' dir='ltr'><strong>dici</strong></span> <span class='ocrx_word' id='word_1_373' title='bbox 598 2339 674 2366; x_wconf 90' lang='lat' dir='ltr'><strong>non</strong></span> <span class='ocrx_word' id='word_1_374' title='bbox 704 2332 859 2378; x_wconf 87' lang='lat' dir='ltr'><strong>potest,</strong></span> <span class='ocrx_word' id='word_1_375' title='bbox 893 2339 1009 2379; x_wconf 80' lang='lat' dir='ltr'><strong>quam</strong></span> <span class='ocrx_word' id='word_1_376' title='bbox 1036 2325 1358 2366; x_wconf 87' lang='lat' dir='ltr'><strong>melancholicum</strong></span> <span class='ocrx_word' id='word_1_377' title='bbox 1387 2325 1482 2366; x_wconf 88' lang='lat' dir='ltr'><strong>mihi</strong></span> <span class='ocrx_word' id='word_1_378' title='bbox 1511 2335 1792 2379; x_wconf 82' lang='lat' dir='ltr'><strong>paroxysmum</strong></span> 
     </span>
     <span class='ocr_line' id='line_1_38' title="bbox 4 2383 1789 2436; baseline -0.002 -9"><span class='ocrx_word' id='word_1_379' title='bbox 4 2386 219 2427; x_wconf 58' lang='lat' dir='ltr'><strong>{affecerint</strong></span> <span class='ocrx_word' id='word_1_380' title='bbox 245 2390 339 2425; x_wconf 87' lang='lat' dir='ltr'><strong>tuae</strong></span> <span class='ocrx_word' id='word_1_381' title='bbox 368 2384 527 2433; x_wconf 77' lang='lat' dir='ltr'><strong>literae,</strong></span> <span class='ocrx_word' id='word_1_382' title='bbox 565 2385 667 2435; x_wconf 92' lang='lat' dir='ltr'><strong>quod</strong></span> <span class='ocrx_word' id='word_1_383' title='bbox 703 2398 855 2424; x_wconf 90' lang='lat' dir='ltr'><strong>omnem</strong></span> <span class='ocrx_word' id='word_1_384' title='bbox 894 2386 994 2424; x_wconf 88' lang='lat' dir='ltr'><strong>adeo</strong></span> <span class='ocrx_word' id='word_1_385' title='bbox 1031 2397 1142 2436; x_wconf 88' lang='lat' dir='ltr'><strong>spem</strong></span> <span class='ocrx_word' id='word_1_386' title='bbox 1171 2384 1212 2424; x_wconf 90' lang='lat' dir='ltr'><strong>in</strong></span> <span class='ocrx_word' id='word_1_387' title='bbox 1248 2385 1455 2425; x_wconf 84' lang='lat' dir='ltr'><strong>academia</strong></span> <span class='ocrx_word' id='word_1_388' title='bbox 1489 2390 1627 2424; x_wconf 85' lang='lat' dir='ltr'><strong>vestra</strong></span> <span class='ocrx_word' id='word_1_389' title='bbox 1654 2383 1789 2435; x_wconf 83' lang='lat' dir='ltr'><strong>proci-</strong></span> 
     </span>
     <span class='ocr_line' id='line_1_39' title="bbox 5 2443 1789 2500; baseline -0.003 -13.987"><span class='ocrx_word' id='word_1_390' title='bbox 5 2444 171 2500; x_wconf 78' lang='grc' dir='ltr'><strong>ᾖειιιιιι.</strong></span> <span class='ocrx_word' id='word_1_391' title='bbox 211 2443 319 2487; x_wconf 84' lang='lat' dir='ltr'><strong>Nam</strong></span> <span class='ocrx_word' id='word_1_392' title='bbox 337 2444 399 2483; x_wconf 90' lang='lat' dir='ltr'><strong>hic</strong></span> <span class='ocrx_word' id='word_1_393' title='bbox 418 2443 573 2495; x_wconf 87' lang='lat' dir='ltr'><strong>Pragae</strong></span> <span class='ocrx_word' id='word_1_394' title='bbox 602 2444 734 2483; x_wconf 86' lang='lat' dir='ltr'><strong>iuveni</strong></span> <span class='ocrx_word' id='word_1_395' title='bbox 762 2445 894 2483; x_wconf 89' lang='lat' dir='ltr'><strong>omnia</strong></span> <span class='ocrx_word' id='word_1_396' title='bbox 922 2443 1184 2483; x_wconf 85' lang='lat' dir='ltr'><strong>incertissima</strong></span> <span class='ocrx_word' id='word_1_397' title='bbox 1214 2449 1256 2483; x_wconf 86' lang='lat' dir='ltr'><strong>et</strong></span> <span class='ocrx_word' id='word_1_398' title='bbox 1285 2444 1334 2483; x_wconf 90' lang='lat' dir='ltr'><strong>de</strong></span> <span class='ocrx_word' id='word_1_399' title='bbox 1358 2456 1445 2484; x_wconf 86' lang='lat' dir='ltr'><strong>meo</strong></span> <span class='ocrx_word' id='word_1_400' title='bbox 1474 2444 1591 2484; x_wconf 91' lang='lat' dir='ltr'><strong>vivo·</strong></span> <span class='ocrx_word' id='word_1_401' title='bbox 1623 2454 1789 2483; x_wconf 88' lang='lat' dir='ltr'><strong>manen-</strong></span> 
     </span>
     <span class='ocr_line' id='line_1_40' title="bbox 1 2495 1789 2559; baseline -0.003 -13.942"><span class='ocrx_word' id='word_1_402' title='bbox 1 2495 111 2559; x_wconf 47' lang='lat' dir='ltr'><strong>{dum</strong></span> <span class='ocrx_word' id='word_1_403' title='bbox 132 2516 226 2544; x_wconf 88' lang='lat' dir='ltr'><strong>vero</strong></span> <span class='ocrx_word' id='word_1_404' title='bbox 251 2503 342 2543; x_wconf 90' lang='lat' dir='ltr'><strong>dum</strong></span> <span class='ocrx_word' id='word_1_405' title='bbox 366 2503 643 2542; x_wconf 81' lang='lat' dir='ltr'><strong>convalescam</strong></span> <span class='ocrx_word' id='word_1_406' title='bbox 661 2508 731 2541; x_wconf 84' lang='lat' dir='ltr'><strong>aut</strong></span> <span class='ocrx_word' id='word_1_407' title='bbox 748 2503 903 2543; x_wconf 88' lang='lat' dir='ltr'><strong>moriar.</strong></span> <span class='ocrx_word' id='word_1_408' title='bbox 948 2501 1094 2542; x_wconf 79' lang='lat' dir='ltr'><strong>Omnia</strong></span> <span class='ocrx_word' id='word_1_409' title='bbox 1125 2503 1341 2558; x_wconf 85' lang='lat' dir='ltr'><strong>quadruplo</strong></span> <span class='ocrx_word' id='word_1_410' title='bbox 1372 2508 1465 2543; x_wconf 88' lang='lat' dir='ltr'><strong>sunt</strong></span> <span class='ocrx_word' id='word_1_411' title='bbox 1492 2501 1634 2555; x_wconf 86' lang='lat' dir='ltr'><strong>pretio.</strong></span> <span class='ocrx_word' id='word_1_412' title='bbox 1679 2500 1789 2540; x_wconf 87' lang='lat' dir='ltr'><strong>Tan-</strong></span> 
     </span>
     <span class='ocr_line' id='line_1_41' title="bbox 0 2537 1790 2620; baseline -0.003 -15.983"><span class='ocrx_word' id='word_1_413' title='bbox 0 2537 103 2620; x_wconf 45' lang='lat' dir='ltr'><strong>3}an</strong></span> <span class='ocrx_word' id='word_1_414' title='bbox 131 2562 264 2603; x_wconf 77' lang='lat' dir='ltr'><strong>uxoris</strong></span> <span class='ocrx_word' id='word_1_415' title='bbox 293 2575 355 2602; x_wconf 92' lang='lat' dir='ltr'><strong>me</strong></span> <span class='ocrx_word' id='word_1_416' title='bbox 387 2562 559 2608; x_wconf 85' lang='lat' dir='ltr'><strong>miseret,</strong></span> <span class='ocrx_word' id='word_1_417' title='bbox 593 2573 710 2612; x_wconf 88' lang='lat' dir='ltr'><strong>quam</strong></span> <span class='ocrx_word' id='word_1_418' title='bbox 740 2574 891 2601; x_wconf 89' lang='lat' dir='ltr'><strong>mecum</strong></span> <span class='ocrx_word' id='word_1_419' title='bbox 920 2561 1062 2601; x_wconf 86' lang='lat' dir='ltr'><strong>habeo.</strong></span> <span class='ocrx_word' id='word_1_420' title='bbox 1104 2561 1276 2613; x_wconf 85' lang='lat' dir='ltr'><strong>Pragam</strong></span> <span class='ocrx_word' id='word_1_421' title='bbox 1294 2574 1387 2603; x_wconf 85' lang='lat' dir='ltr'><strong>vero</strong></span> <span class='ocrx_word' id='word_1_422' title='bbox 1407 2562 1471 2611; x_wconf 86' lang='lat' dir='ltr'><strong>ivi,</strong></span> <span class='ocrx_word' id='word_1_423' title='bbox 1503 2566 1573 2601; x_wconf 83' lang='lat' dir='ltr'><strong>aut</strong></span> <span class='ocrx_word' id='word_1_424' title='bbox 1595 2565 1642 2600; x_wconf 88' lang='lat' dir='ltr'><strong>ut</strong></span> <span class='ocrx_word' id='word_1_425' title='bbox 1669 2571 1790 2611; x_wconf 85' lang='lat' dir='ltr'><strong>prae-</strong></span> 
     </span>
     <span class='ocr_line' id='line_1_42' title="bbox 0 2610 1790 2674; baseline -0.003 -11.966"><span class='ocrx_word' id='word_1_426' title='bbox 0 2610 169 2666; x_wconf 41' lang='lat' dir='ltr'><strong>&amp;starem</strong></span> <span class='ocrx_word' id='word_1_427' title='bbox 186 2620 361 2674; x_wconf 84' lang='lat' dir='ltr'><strong>Tychoni</strong></span> <span class='ocrx_word' id='word_1_428' title='bbox 378 2620 483 2673; x_wconf 90' lang='lat' dir='ltr'><strong>quod</strong></span> <span class='ocrx_word' id='word_1_429' title='bbox 511 2620 685 2672; x_wconf 88' lang='lat' dir='ltr'><strong>promisi,</strong></span> <span class='ocrx_word' id='word_1_430' title='bbox 717 2619 753 2659; x_wconf 90' lang='lat' dir='ltr'><strong>si</strong></span> <span class='ocrx_word' id='word_1_431' title='bbox 782 2620 911 2659; x_wconf 85' lang='lat' dir='ltr'><strong>victus</strong></span> <span class='ocrx_word' id='word_1_432' title='bbox 941 2620 1068 2668; x_wconf 85' lang='lat' dir='ltr'><strong>detur,</strong></span> <span class='ocrx_word' id='word_1_433' title='bbox 1101 2623 1170 2660; x_wconf 85' lang='lat' dir='ltr'><strong>aut</strong></span> <span class='ocrx_word' id='word_1_434' title='bbox 1198 2626 1244 2660; x_wconf 88' lang='lat' dir='ltr'><strong>ut</strong></span> <span class='ocrx_word' id='word_1_435' title='bbox 1270 2621 1568 2673; x_wconf 86' lang='lat' dir='ltr'><strong>praecipuarum</strong></span> <span class='ocrx_word' id='word_1_436' title='bbox 1598 2619 1790 2659; x_wconf 85' lang='lat' dir='ltr'><strong>observa-</strong></span> 
     </span>
     <span class='ocr_line' id='line_1_43' title="bbox 105 2676 1790 2732; baseline -0.002 -12"><span class='ocrx_word' id='word_1_437' title='bbox 105 2693 169 2720; x_wconf 89' lang='lat' dir='ltr'><strong>um</strong></span> <span class='ocrx_word' id='word_1_438' title='bbox 199 2692 359 2732; x_wconf 88' lang='lat' dir='ltr'><strong>compos</strong></span> <span class='ocrx_word' id='word_1_439' title='bbox 388 2680 534 2719; x_wconf 82' lang='lat' dir='ltr'><strong>fierem.</strong></span> <span class='ocrx_word' id='word_1_440' title='bbox 596 2679 643 2718; x_wconf 92' lang='lat' dir='ltr'><strong>Id</strong></span> <span class='ocrx_word' id='word_1_441' title='bbox 682 2678 734 2717; x_wconf 87' lang='lat' dir='ltr'><strong>ad</strong></span> <span class='ocrx_word' id='word_1_442' title='bbox 767 2678 968 2718; x_wconf 86' lang='lat' dir='ltr'><strong>minimum</strong></span> <span class='ocrx_word' id='word_1_443' title='bbox 1004 2691 1133 2730; x_wconf 89' lang='lat' dir='ltr'><strong>spero.</strong></span> <span class='ocrx_word' id='word_1_444' title='bbox 1195 2679 1242 2720; x_wconf 90' lang='lat' dir='ltr'><strong>Si</strong></span> <span class='ocrx_word' id='word_1_445' title='bbox 1272 2692 1443 2732; x_wconf 89' lang='lat' dir='ltr'><strong>unquam</strong></span> <span class='ocrx_word' id='word_1_446' title='bbox 1472 2679 1522 2718; x_wconf 88' lang='lat' dir='ltr'><strong>ad</strong></span> <span class='ocrx_word' id='word_1_447' title='bbox 1560 2683 1602 2717; x_wconf 85' lang='lat' dir='ltr'><strong>te</strong></span> <span class='ocrx_word' id='word_1_448' title='bbox 1632 2677 1692 2717; x_wconf 89' lang='lat' dir='ltr'><strong>de</strong></span> <span class='ocrx_word' id='word_1_449' title='bbox 1711 2676 1790 2717; x_wconf 78' lang='lat' dir='ltr'><strong>tuis</strong></span> 
     </span>
     <span class='ocr_line' id='line_1_44' title="bbox 51 2735 1791 2791; baseline -0.002 -11.913"><span class='ocrx_word' id='word_1_450' title='bbox 51 2739 202 2779; x_wconf 87' lang='lat' dir='ltr'><strong>stolis</strong></span> <span class='ocrx_word' id='word_1_451' title='bbox 229 2738 476 2791; x_wconf 87' lang='lat' dir='ltr'><strong>publicandis</strong></span> <span class='ocrx_word' id='word_1_452' title='bbox 506 2737 661 2790; x_wconf 85' lang='lat' dir='ltr'><strong>scripsi,</strong></span> <span class='ocrx_word' id='word_1_453' title='bbox 693 2750 755 2777; x_wconf 91' lang='lat' dir='ltr'><strong>me</strong></span> <span class='ocrx_word' id='word_1_454' title='bbox 785 2737 911 2789; x_wconf 83' lang='lat' dir='ltr'><strong>ipsum</strong></span> <span class='ocrx_word' id='word_1_455' title='bbox 940 2738 1191 2778; x_wconf 86' lang='lat' dir='ltr'><strong>vehementer</strong></span> <span class='ocrx_word' id='word_1_456' title='bbox 1220 2739 1351 2786; x_wconf 90' lang='lat' dir='ltr'><strong>miror,</strong></span> <span class='ocrx_word' id='word_1_457' title='bbox 1384 2739 1497 2777; x_wconf 89' lang='lat' dir='ltr'><strong>unius</strong></span> <span class='ocrx_word' id='word_1_458' title='bbox 1526 2736 1646 2776; x_wconf 87' lang='lat' dir='ltr'><strong>horae</strong></span> <span class='ocrx_word' id='word_1_459' title='bbox 1675 2735 1791 2788; x_wconf 84' lang='lat' dir='ltr'><strong>Kep-</strong></span> 
     </span>
     <span class='ocr_line' id='line_1_45' title="bbox 0 2762 1792 2865; baseline -0.002 -27"><span class='ocrx_word' id='word_1_460' title='bbox 0 2762 147 2865; x_wconf 40' lang='lat' dir='ltr'><strong>&amp;erum</strong></span> <span class='ocrx_word' id='word_1_461' title='bbox 175 2797 274 2837; x_wconf 81' lang='lat' dir='ltr'><strong>adeo</strong></span> <span class='ocrx_word' id='word_1_462' title='bbox 309 2797 507 2837; x_wconf 90' lang='lat' dir='ltr'><strong>diversum</strong></span> <span class='ocrx_word' id='word_1_463' title='bbox 542 2810 631 2837; x_wconf 88' lang='lat' dir='ltr'><strong>esse</strong></span> <span class='ocrx_word' id='word_1_464' title='bbox 668 2796 718 2836; x_wconf 93' lang='lat' dir='ltr'><strong>ab</strong></span> <span class='ocrx_word' id='word_1_465' title='bbox 755 2795 924 2836; x_wconf 86' lang='lat' dir='ltr'><strong>omnium</strong></span> <span class='ocrx_word' id='word_1_466' title='bbox 958 2796 1141 2836; x_wconf 88' lang='lat' dir='ltr'><strong>horarum</strong></span> <span class='ocrx_word' id='word_1_467' title='bbox 1170 2797 1359 2848; x_wconf 76' lang='lat' dir='ltr'><strong>Keplero.</strong></span> <span class='ocrx_word' id='word_1_468' title='bbox 1418 2796 1647 2848; x_wconf 84' lang='lat' dir='ltr'><strong>Nunquam,</strong></span> <span class='ocrx_word' id='word_1_469' title='bbox 1687 2795 1792 2847; x_wconf 84' lang='lat' dir='ltr'><strong>quod</strong></span> 
     </span>
     <span class='ocr_line' id='line_1_46' title="bbox 0 2851 1790 2922; baseline -0.001 -27"><span class='ocrx_word' id='word_1_470' title='bbox 0 2858 159 2922; x_wconf 57' lang='lat' dir='ltr'><em>Q</em></span> <span class='ocrx_word' id='word_1_471' title='bbox 193 2857 361 2896; x_wconf 86' lang='lat' dir='ltr'><strong>animum</strong></span> <span class='ocrx_word' id='word_1_472' title='bbox 390 2856 545 2904; x_wconf 79' lang='lat' dir='ltr'><strong>induxi,</strong></span> <span class='ocrx_word' id='word_1_473' title='bbox 581 2862 626 2895; x_wconf 89' lang='lat' dir='ltr'><strong>ut</strong></span> <span class='ocrx_word' id='word_1_474' title='bbox 654 2855 696 2895; x_wconf 89' lang='lat' dir='ltr'><strong>id</strong></span> <span class='ocrx_word' id='word_1_475' title='bbox 727 2855 916 2903; x_wconf 84' lang='lat' dir='ltr'><strong>facerem,</strong></span> <span class='ocrx_word' id='word_1_476' title='bbox 946 2868 1143 2907; x_wconf 89' lang='lat' dir='ltr'><strong>nunquam</strong></span> <span class='ocrx_word' id='word_1_477' title='bbox 1174 2855 1268 2894; x_wconf 89' lang='lat' dir='ltr'><strong>mihi</strong></span> <span class='ocrx_word' id='word_1_478' title='bbox 1299 2867 1383 2894; x_wconf 91' lang='lat' dir='ltr'><strong>mos</strong></span> <span class='ocrx_word' id='word_1_479' title='bbox 1411 2855 1489 2894; x_wconf 87' lang='lat' dir='ltr'><strong>iste</strong></span> <span class='ocrx_word' id='word_1_480' title='bbox 1518 2851 1687 2906; x_wconf 82' lang='lat' dir='ltr'><strong>placuit,</strong></span> <span class='ocrx_word' id='word_1_481' title='bbox 1716 2866 1790 2894; x_wconf 87' lang='lat' dir='ltr'><strong>nec</strong></span> 
     </span>
     <span class='ocr_line' id='line_1_47' title="bbox 94 2913 1791 2967; baseline 0 -13"><span class='ocrx_word' id='word_1_482' title='bbox 94 2915 229 2954; x_wconf 88' lang='lat' dir='ltr'><strong>borum</strong></span> <span class='ocrx_word' id='word_1_483' title='bbox 257 2914 424 2954; x_wconf 89' lang='lat' dir='ltr'><strong>memini.</strong></span> <span class='ocrx_word' id='word_1_484' title='bbox 485 2915 547 2955; x_wconf 85' lang='lat' dir='ltr'><strong>Ac&#39;</strong></span> <span class='ocrx_word' id='word_1_485' title='bbox 576 2927 722 2967; x_wconf 88' lang='lat' dir='ltr'><strong>quaeso</strong></span> <span class='ocrx_word' id='word_1_486' title='bbox 753 2913 892 2962; x_wconf 86' lang='lat' dir='ltr'><strong>verba,</strong></span> <span class='ocrx_word' id='word_1_487' title='bbox 928 2919 1100 2964; x_wconf 86' lang='lat' dir='ltr'><strong>tempus,</strong></span> <span class='ocrx_word' id='word_1_488' title='bbox 1139 2914 1289 2962; x_wconf 89' lang='lat' dir='ltr'><strong>locum,</strong></span> <span class='ocrx_word' id='word_1_489' title='bbox 1326 2914 1390 2953; x_wconf 88' lang='lat' dir='ltr'><strong>vel</strong></span> <span class='ocrx_word' id='word_1_490' title='bbox 1418 2913 1551 2965; x_wconf 86' lang='lat' dir='ltr'><strong>potius</strong></span> <span class='ocrx_word' id='word_1_491' title='bbox 1579 2913 1791 2966; x_wconf 81' lang='lat' dir='ltr'><strong>epistolam</strong></span> 
     </span>
     <span class='ocr_line' id='line_1_48' title="bbox 180 2973 475 3013; baseline 0 0"><span class='ocrx_word' id='word_1_492' title='bbox 180 2973 232 3013; x_wconf 84' lang='lat' dir='ltr'><strong>ad</strong></span> <span class='ocrx_word' id='word_1_493' title='bbox 259 2986 320 3013; x_wconf 90' lang='lat' dir='ltr'><strong>me</strong></span> <span class='ocrx_word' id='word_1_494' title='bbox 350 2973 475 3013; x_wconf 81' lang='lat' dir='ltr'><strong>mitte.</strong></span> 
     </span>
    </p>

    <p class='ocr_par' dir='ltr' id='par_1_7' title="bbox 0 3029 1791 3145">
     <span class='ocr_line' id='line_1_49' title="bbox 7 3029 1787 3081; baseline -0.001 -8"><span class='ocrx_word' id='word_1_495' title='bbox 7 3072 10 3073; x_wconf 14' lang='grc' dir='ltr'><em>γ</em></span> <span class='ocrx_word' id='word_1_496' title='bbox 42 3075 45 3079; x_wconf 21' lang='grc' dir='ltr'><strong><em>Δ</em></strong></span> <span class='ocrx_word' id='word_1_497' title='bbox 119 3031 202 3072; x_wconf 89' lang='lat' dir='ltr'><strong>De</strong></span> <span class='ocrx_word' id='word_1_498' title='bbox 231 3032 309 3072; x_wconf 85' lang='lat' dir='ltr'><strong>filio</strong></span> <span class='ocrx_word' id='word_1_499' title='bbox 339 3032 412 3072; x_wconf 88' lang='lat' dir='ltr'><strong>tibi</strong></span> <span class='ocrx_word' id='word_1_500' title='bbox 443 3031 631 3072; x_wconf 89' lang='lat' dir='ltr'><strong>condoleo</strong></span> <span class='ocrx_word' id='word_1_501' title='bbox 662 3043 711 3071; x_wconf 82' lang='lat' dir='ltr'><strong>ex</strong></span> <span class='ocrx_word' id='word_1_502' title='bbox 742 3029 882 3077; x_wconf 81' lang='lat' dir='ltr'><strong>animo,</strong></span> <span class='ocrx_word' id='word_1_503' title='bbox 915 3031 986 3069; x_wconf 90' lang='lat' dir='ltr'><strong>sed</strong></span> <span class='ocrx_word' id='word_1_504' title='bbox 1018 3043 1094 3070; x_wconf 88' lang='lat' dir='ltr'><strong>non</strong></span> <span class='ocrx_word' id='word_1_505' title='bbox 1124 3030 1275 3070; x_wconf 86' lang='lat' dir='ltr'><strong>infirma</strong></span> <span class='ocrx_word' id='word_1_506' title='bbox 1304 3042 1374 3081; x_wconf 89' lang='lat' dir='ltr'><strong>spe</strong></span> <span class='ocrx_word' id='word_1_507' title='bbox 1404 3042 1503 3079; x_wconf 90' lang='lat' dir='ltr'><strong>sum,</strong></span> <span class='ocrx_word' id='word_1_508' title='bbox 1534 3030 1602 3072; x_wconf 89' lang='lat' dir='ltr'><strong>ubi</strong></span> <span class='ocrx_word' id='word_1_509' title='bbox 1630 3030 1787 3080; x_wconf 77' lang='lat' dir='ltr'><strong>viderit,</strong></span> 
     </span>
     <span class='ocr_line' id='line_1_50' title="bbox 0 3088 1791 3147; baseline 0 -16"><span class='ocrx_word' id='word_1_510' title='bbox 0 3088 176 3147; x_wconf 57' lang='lat' dir='ltr'><strong>§gunt-2</strong></span> <span class='ocrx_word' id='word_1_511' title='bbox 194 3090 513 3131; x_wconf 83' lang='lat' dir='ltr'><strong>incommoditate</strong></span> <span class='ocrx_word' id='word_1_512' title='bbox 530 3090 686 3130; x_wconf 85' lang='lat' dir='ltr'><strong>vivatur</strong></span> <span class='ocrx_word' id='word_1_513' title='bbox 703 3089 806 3142; x_wconf 90' lang='lat' dir='ltr'><strong>apud</strong></span> <span class='ocrx_word' id='word_1_514' title='bbox 827 3094 996 3137; x_wconf 83' lang='lat' dir='ltr'><strong>exteros,</strong></span> <span class='ocrx_word' id='word_1_515' title='bbox 1029 3088 1255 3142; x_wconf 84' lang='lat' dir='ltr'><strong>rediturum,</strong></span> <span class='ocrx_word' id='word_1_516' title='bbox 1286 3094 1357 3129; x_wconf 88' lang='lat' dir='ltr'><strong>aut</strong></span> <span class='ocrx_word' id='word_1_517' title='bbox 1378 3088 1414 3128; x_wconf 91' lang='lat' dir='ltr'><strong>si</strong></span> <span class='ocrx_word' id='word_1_518' title='bbox 1436 3089 1603 3135; x_wconf 80' lang='lat' dir='ltr'><strong>maxime</strong></span> <span class='ocrx_word' id='word_1_519' title='bbox 1627 3089 1791 3131; x_wconf 79' lang='lat' dir='ltr'><strong>servitia</strong></span> 
     </span>
    </p>
   </div>
  </div>
 </body>
</html>
