2028 3242
150 99 237 141 260
881 97 1042 140 Apologia
1068 96 1233 138 Tychonis

151 212 214 245 est
259 204 408 256 primus
456 203 659 255 perfectus
693 200 737 251 6,
784 216 971 243 numerus
1016 202 1316 243 restituentium
1355 199 1382 253 l}
1427 205 1467 241 et
1506 201 1572 251 ’λῃ
1618 206 1683 242 est
1721 202 1964 255 quaternarii

151 264 387 316 quadratum
417 261 492 311 16,
535 275 721 302 numerus
753 262 1053 302 restituentium
1085 261 1123 302 in
1156 259 1183 302 4
1217 261 1395 309 ultimis3
1440 266 1503 300 est
1529 260 1695 313 quinarii
1729 262 1965 314 quadratum

149 322 216 371 25,
252 335 438 362 numerus
471 322 683 361 ferentium
714 321 754 361 in
788 319 812 362 5
847 322 1028 370 ultimis;
1077 327 1141 361 est
1173 321 1340 374 denique
1375 320 1592 372 septenarii
1624 321 1862 373 quadratum
1892 318 1963 370 49,

151 395 305 422 summa
344 381 536 430 omnium,
585 380 729 420 demtis
776 381 897 420 etiam
931 379 1089 432 Galippi
1130 380 1399 420 additionibus
1438 379 1478 419 in
1510 378 1605 420 Sole
1639 385 1681 420 et
1710 380 1847 428 Luna,
1893 393 1964 420 nec

149 446 315 493 patente
349 454 471 482 causa
502 441 596 489 ulla,
633 441 704 479 sed
736 453 785 480 ne
819 440 1044 491 suspicione
1078 440 1249 492 quidem,
1284 453 1351 479 cur
1373 438 1618 479 Aristoteles
1650 439 1752 480 hanc
1785 439 1963 480 additio-

150 514 239 541 nem
264 500 302 540 in
331 500 425 540 Sole
460 505 501 539 et
526 500 641 540 Luna
671 512 962 551 supervacuam
981 499 1196 551 putaverit,
1229 511 1306 538 non
1329 499 1424 538 item
1456 497 1496 538 in
1517 498 1675 548 ceteris,
1708 503 1755 539 ut
1778 498 1964 539 videatur

152 560 397 600 Aristoteles
430 559 558 599 solum
590 572 795 599 numerum
823 558 1086 612 quaesivisse.
1149 558 1238 599 Nisi
1263 558 1385 599 toties
1405 557 1964 612 AristotelesPythagoricos

151 619 396 671 explosisset
427 631 624 667 numeros,
659 619 875 667 crederem,
908 617 1019 658 illum
1053 619 1102 658 de
1134 617 1334 658 industria
1362 616 1596 670 conquisitis
1627 614 1864 658 ratiunculis
1895 617 1961 657 af-

151 679 301 718 fectare
343 678 580 730 quadratum
619 678 855 731 septenarii,
902 689 1015 729 quem
1053 677 1230 717 Deorum
1273 689 1488 725 numerum,
1518 677 1652 717 forsan
1699 690 1749 718 ex
1792 676 1961 729 alicujus

149 737 353 790 religionis
384 737 574 790 mysterio
606 749 841 788 persuasum
873 736 1070 776 habuerit.
1133 737 1239 778 Num
1272 736 1370 776 liber
1405 749 1430 775 a
1459 735 1794 792 superstitionum
1824 735 1963 789 suspi-

94 812 97 813 ’
149 798 260 836 cione
293 795 552 843 Aristoteles,
587 809 638 835 an
671 796 769 848 haec
799 795 858 835 ita
891 795 1110 857 scripserit,
1138 808 1230 855 Jure
1242 795 1413 852 υ(ιιιὶιιιο.
1478 794 1643 835 Summa
1671 796 1795 836 haec:
1863 808 1957 836 rae-

150 855 299 896 clarum
339 856 436 907 ejus
443 854 688 894 institutum
730 855 822 903 fuit,
868 867 939 907 per
971 848 1290 895 astronomorum
1317 855 1452 895 oculos
1491 860 1533 894 et
1570 854 1875 895 observationes
1906 854 1958 895 ad

149 917 360 955 obscuram
394 919 752 971 rerum‘pQ—a-m*
772 914 1038 959 contendere.
1072 914 1380 967 vituperandum
1411 925 1519 959 vero,
1553 914 1658 967 quod
1678 913 1958 955 astronomicis

148 973 496 1014 obse1vationibus
541 987 614 1013 sua
658 973 818 1014 miscuit
868 973 1081 1013 ratiocinia
1094 974 1408 1028 philosophica
1461 977 1548 1014 toto
1593 985 1739 1026 genere
1783 972 1955 1014 diversa.

148 1033 253 1079 Quid
294 1034 398 1073 enim
430 1045 635 1072 commune
669 1031 718 1073 31
758 1033 919 1073 orbibus
953 1031 1113 1085 Calippi
1151 1033 1322 1073 totidem
1361 1037 1538 1073 motuum
1583 1045 1672 1076 cum
1703 1031 1755 1074 21
1791 1031 1958 1074 Aristo-

147 1093 258 1141 telis,
307 1092 371 1144 qui
408 1105 555 1131 novum
594 1092 742 1132 nullum
783 1098 933 1132 motum
971 1091 1177 1132 inserunt?
1239 1092 1295 1132 Et
1335 1091 1392 1132 sic
1425 1104 1468 1132 se
1511 1091 1636 1132 habet
1673 1091 1844 1132 celebris
1879 1091 1958 1132 iste

147 1153 256 1191 locus
288 1151 537 1200 Aristotelis,
583 1164 633 1190 ex
665 1151 776 1203 cujus
810 1151 1074 1204 explicatione
1108 1157 1278 1204 apparet
1310 1151 1415 1205 quod
1440 1151 1536 1201 dixi,
1570 1150 1784 1192 confidenti
1813 1150 1959 1192 Ursum

146 1211 326 1251 oratione
360 1224 472 1250 usum
505 1210 544 1250 in
577 1224 649 1250 sua
682 1211 730 1250 de
763 1211 1053 1265 hypothesibus
1086 1211 1273 1260 historia,
1319 1211 1411 1251 dum
1443 1209 1520 1259 ait,
1552 1210 1765 1255 Eudoxum
1796 1215 1839 1251 et
1870 1208 1956 1251 Ca-

144 1271 293 1322 lippum
325 1270 590 1310 concentricis
622 1283 727 1318 usos,
764 1271 866 1322 quod
899 1271 1009 1311 nulla
1039 1270 1194 1310 ratione
1227 1283 1277 1310 ex
1297 1275 1412 1311 textu
1441 1270 1637 1311 deducere
1658 1269 1801 1323 potuit.
1851 1269 1956 1310 Eta-

144 1336 352 1370 castoreus
385 1343 479 1369 vero
512 1329 629 1381 hujus
650 1329 708 1369 rei
741 1335 881 1370 auctor
913 1335 1084 1375 estnon
1116 1330 1296 1377 idoneus,
1329 1329 1584 1370 concentrica
1615 1342 1704 1369 cum
1735 1327 1954 1382 scripserit,

143 1395 303 1429 veteres
337 1390 386 1428 ad
420 1401 463 1428 se
498 1389 708 1429 traducere
743 1388 893 1429 nititur.
956 1389 1017 1429 De
1051 1394 1185 1430 cetero
1219 1390 1369 1429 fatetur
1399 1388 1500 1441 ipse,
1532 1388 1629 1428 nihil
1661 1389 1710 1428 de
1736 1387 1816 1429 iliis
1849 1387 1954 1437 sciri,

142 1448 216 1488 nisi
237 1458 287 1488 ex
307 1449 474 1488 obscuro
496 1449 581 1487 loco
602 1448 854 1488 Aristotelis.
876 1444 930 1497 ¹²)
994 1447 1112 1494 Quod
1135 1461 1229 1489 vero
1251 1449 1320 1497 ait,
1354 1448 1661 1502 Pythagoraeos
1690 1452 1787 1501 post
1811 1447 1954 1488 Plato-

143 1521 251 1556 nem,
287 1508 462 1560 explosis
494 1507 651 1547 Eudoxi
683 1513 726 1547 et
758 1507 916 1560 Calippi
949 1520 1026 1548 non
1061 1507 1348 1548 sufficientibus
1382 1507 1668 1554 concentricis,
1709 1506 1955 1548 eccentricos

144 1567 398 1616 assumsisse,
433 1566 560 1606 tribus
595 1567 821 1607 nominibus
854 1567 1126 1607 temeritatem
1160 1566 1401 1607 narrationis
1434 1580 1531 1607 suae
1569 1566 1717 1619 prodit.
1779 1565 1956 1607 Primum

143 1626 181 1665 id
216 1625 408 1678 Calippus
440 1626 525 1678 ipse
559 1626 656 1666 fecit
687 1626 723 1665 in
751 1626 908 1666 Eudoxi
940 1626 1230 1680 hypothesibus
1262 1626 1524 1678 corrigendis,
1554 1631 1601 1666 ut
1633 1626 1814 1667 defectus
1845 1624 1956 1679 ipsas

146 1679 343 1737 aigueret,
377 1686 590 1737 orbemque
623 1699 754 1731 unum,
789 1685 855 1737 qui
887 1687 1062 1726 maxima
1088 1685 1434 1726 verisimilitudine
1467 1685 1809 1726 eccentricitatem
1838 1683 1955 1725 inve-

142 1745 250 1784 xisse
283 1745 391 1785 credi
422 1750 570 1796 potest,
605 1745 798 1793 adder3et
846 1757 921 1784 non
956 1745 1030 1785 fuit
1062 1746 1185 1798 igitur
1215 1758 1401 1793 necesse,
1445 1750 1490 1786 ut
1521 1745 1595 1786 hoc
1628 1743 1789 1798 Calippi
1820 1756 1957 1785 corre-

144 1804 265 1844 ctioni
298 1804 500 1844 accideret
537 1810 630 1855 post
661 1804 893 1852 Platonem,
940 1804 1017 1844 nisi
1058 1805 1160 1844 forte
1202 1805 1241 1844 in
1274 1801 1300 1855 ij
1335 1810 1377 1844 et
1407 1804 1467 1854 Q,
1513 1817 1678 1857 quorum
1714 1808 1846 1844 motus
1867 1815 1955 1844 non

144 1864 243 1902 bene
282 1864 368 1915 ipse
408 1864 703 1915 exploraverat
766 1835 922 1902 Deinde
963 1864 1054 1904 dum
1085 1864 1296 1904 Eudoxum
1329 1877 1353 1903 a
1383 1863 1955 1930 Pyth339130ismassssff10'

145 1935 243 1970 sum,
279 1935 356 1962 non
388 1922 446 1962 ita
479 1922 577 1962 bene
612 1935 725 1962 suam
757 1922 982 1962 mationem
1002 1923 1259 1963 historiarum
1279 1921 1447 1962 notitiae
1474 1918 1731 1976 attemperat,
1764 1921 1823 1963 uti
1849 1921 1956 1963 iuius

147 1986 284 2021 tenore
317 1982 419 2021 hanc
445 1981 591 2033 jactat.
654 1980 847 2022 Eudoxus
879 1980 985 2022 enim
1018 1987 1059 2022 et
1089 1981 1175 2034 ipse
1209 1981 1284 2022 fuit
1316 1995 1415 2021 unus
1447 1982 1495 2021 de
1516 1987 1630 2022 secta
1648 1971 1956 2041 Pythagoraeo-

143 2053 242 2088 rum,
276 2041 474 2080 referente
506 2040 684 2081 laertio.
747 2041 806 2081 At
839 2041 925 2094 quis
958 2041 1057 2081 haec
1090 2054 1139 2081 ex
1159 2041 1254 2082 Ursi
1280 2041 1460 2081 oratione
1492 2037 1726 2094 colligeret?
1774 2033 1956 2094 Denique

146 2099 263 2138 velim
295 2101 345 2139 ab
378 2099 445 2139 illo
480 2100 647 2145 disceie,
682 2113 779 2152 quos
814 2100 992 2152 appellet
1011 2100 1346 2154 Pythagoraeos?
1401 2099 1447 2140 Si
1480 2113 1747 2153 quoscunque,
1780 2099 1848 2153 qui
1878 2098 1956 2140 ali-

147 2159 248 2210 quod
295 2159 548 2211 Pythagorae
594 2159 824 2210 dogmatum
868 2160 1180 2211 amplectuntur,
1227 2159 1530 2213 Pythagoraeos
1569 2159 1710 2208 habet,
1750 2159 1837 2212 jam
1878 2171 1955 2199 non

147 2217 320 2269 loquitur
366 2219 414 2257 ad
454 2218 781 2258 consuetudinem
819 2218 1034 2267 historiae,
1076 2219 1188 2271 cujus
1221 2218 1486 2271 cognitionem
1526 2218 1602 2259 sibi
1641 2223 1819 2272 arrogat.
1882 2214 1955 2259 Sin

147 2289 215 2316 eos
248 2290 337 2316 cum
369 2276 571 2317 historicis
602 2277 908 2330 Pythagoraeos
941 2278 1058 2326 dicit,
1091 2278 1156 2330 qui
1189 2283 1326 2318 sectae
1359 2278 1448 2318 huic
1481 2277 1651 2327 addicti,
1688 2278 1840 2330 placita
1871 2277 1958 2330 ejus

147 2336 506 2386 disputationibus,
541 2336 727 2376 instituto
754 2337 882 2385 vitae,
916 2337 1091 2378 moribus
1124 2337 1205 2377 suis
1238 2337 1481 2390 exprimunt,
1525 2337 1665 2378 audiat
1696 2349 1746 2376 ex
1775 2334 1953 2384 Laertio,

147 2402 298 2434 sectam
331 2396 440 2434 illam
476 2396 512 2435 in
546 2395 760 2447 Epicurum
794 2396 975 2436 desiisse.
1039 2397 1171 2437 Natus
1199 2396 1334 2437 autem
1366 2402 1430 2436 est
1454 2395 1650 2448 Epicurus
1677 2396 1767 2448 jam
1798 2396 1954 2436 demum

148 2455 436 2494 inclmescente
470 2455 715 2503 Aristotele,
759 2456 824 2508 qui
866 2456 1004 2496 eodem
1045 2457 1126 2496 fele
1166 2461 1345 2508 tempore
1378 2455 1589 2495 Platonem
1626 2454 1838 2494 audiverat
1880 2465 1956 2506 quo

143 2513 346 2553 Eudoxus.
410 2514 516 2553 Ecce
531 2519 684 2561 autem
706 2487 866 2555 Eudoxi
898 2515 1050 2567 placita
1081 2516 1199 2566 longo
1231 2519 1324 2566 post
1346 2520 1546 2569 tempore,
1574 2513 1662 2572 jam
1694 2512 1954 2570 adujtp—Epi-

142 2585 247 2617 cano,
282 2564 527 2612 A1istoteles
562 2574 719 2613 celeber
750 2570 1028 2627 philosophus
1052 2572 1294 2626 usurpabat
1301 2573 1440 2626 inque
1452 2566 1586 2616 libros
1592 2566 1735 2620 ,ἐιῖᾷἐ
1738 2572 1815 2623 de
1818 2571 1978 2628 Coelo*

144 2638 183 2668 ιι
216 2631 498 2684 Metaphysica
531 2633 746 2673 refeiebat.
810 2634 1005 2693 Epicurus
1037 2646 1145 2683 vem,
1179 2631 1754 2699 Pythagmaeorumfflultnmus,
1789 2630 1954 2686 quidm
1914 2629 1953 2670 in

144 2692 387 2730 Q18t101101nia
420 2691 640 2742 scripserit,
674 2692 738 2743 qui
771 2688 965 2734 muudum
990 2705 1039 2733 ex
1050 2688 1215 2732 atomis
1242 2688 1546 2741 constituebat?
1607 2691 1750 2746 Itaque
1783 2695 1843 2730 et
1856 2690 1955 2730 haec

145 2750 322 2788 narratio
356 2751 539 2790 vanescit
571 2751 700 2790 instar
732 2751 841 2801 fumi.
871 2772 924 2778 —-
971 2751 1054 2791 Sed
1084 2740 1392 2802 Hipparchus
1424 2734 1526 2789 forte
1557 2762 1630 2801 pro
1664 2748 1823 2801 Calippi
1855 2760 1954 2789 con·
2022 2768 2028 2778 *—

144 2809 327 2847 contricis
361 2809 606 2848 eccentlicos
642 2796 859 2850 lesumsit‘?
922 2810 983 2849 De
1020 2809 1179 2862 Calippi
1211 2808 1472 2849 concentricis
1517 2808 1695 2847 fabulam
1727 2820 1849 2860 supra
1879 2819 1953 2847 ex·

142 2866 286 2915 pedivi.
351 2868 569 2919 Hippaichi
594 2881 686 2908 vero
721 2882 913 2921 quosnam
940 2869 1185 2908 eccentricos
1219 2869 1519 2919 (praeterquam
1550 2867 1590 2906 in
1611 2865 1953 2907 demonstratione

143 2926 310 2975 apogaei
343 2927 456 2965 unius
478 2926 598 2975 Solis,
635 2928 987 2968 demonstrationis
1021 2928 1217 2968 facilitate
1250 2927 1412 2966 schema
1439 2925 1706 2966 eccentricum
1738 2925 1953 2972 suadente)

140 2982 396 3022 Ptolemaeus
431 2985 580 3029 innuat,
614 2987 797 3027 nesciunt
829 2987 915 3038 ejus
949 2988 1143 3036 lectores3
1176 2991 1218 3025 et
1244 2984 1496 3026 Uardanus
1529 2984 1599 3033 (de
1618 2983 1770 3025 Rerum
1800 2983 1952 3025 Varie-

52 3036 66 3086 ι’
139 3047 224 3079 tate
247 3042 297 3080 ΙΙ.
326 3041 397 3089 ll)
432 3043 550 3096 fidem
575 3044 692 3095 hujus
726 3046 964 3085 assertionis
998 3047 1048 3085 ad
1070 3049 1275 3086 auctorem
1295 3045 1606 3084 Fracastoreum
1633 3043 1816 3084 remittit.
1865 3042 1952 3083 Hoc

50 3087 81 3147 Q„
139 3099 272 3153 potius
307 3102 410 3152 apud
443 3099 548 3142 Ptol.
584 3103 746 3156 Almag.
781 3105 848 3145 lib.
883 3105 956 3144 IX.
992 3116 1078 3156 cap.
1115 3103 1156 3144 2.
1191 3103 1417 3151 inveniunt,
1449 3102 1721 3156 Hipparchum
1753 3100 1953 3143 erroribus
2000 3145 2002 3147 ,
