1982 3268
130 151 185 195 30
920 153 1135 186 Prooemium.

247 260 415 309 (Errata
447 264 608 312 praeter
639 273 687 300 ea
720 273 819 313 quae
850 261 1027 313 proxime
1058 259 1163 308 misi,
1195 265 1288 300 sunt
1306 260 1429 301 haecz
1461 261 1499 301 in
1525 261 1678 302 tabella
1704 262 1725 302 I
1754 261 1883 302 lineae
1903 259 1930 302 2

129 334 153 359 a
184 318 210 370 5
244 326 284 359 et
314 319 354 368 21
386 319 571 360 circulum
605 319 637 368 Q
671 325 858 371 tangunt,
900 333 987 360 cum
1021 321 1052 369 ὅ
1087 319 1279 360 deberent
1315 321 1450 361 orbem
1480 325 1663 374 tangere.
1722 321 1769 362 P.
1802 320 1859 361 49
1889 321 1930 361 in

128 379 327 432 margine,
361 379 490 419 scribe
523 377 691 425 Quarta.
755 379 800 419 P.
835 377 892 420 80
925 379 974 419 ad
1006 376 1032 430 15
1065 385 1129 419 est
1163 378 1214 420 15
1247 378 1311 429 Υ,
1352 386 1484 421 utrum
1516 381 1589 421 hoc
1619 381 1679 421 ita
1711 380 1931 422 correxeris

129 439 274 478 nescio.
325 438 412 490 Ego
444 451 482 479 n.
516 438 658 492 scripsi
694 437 746 478 10
778 438 837 488 Υ.
898 439 943 478 Ρ.
978 437 1027 479 81
1067 439 1092 478 1.
1131 437 1182 480 18
1214 439 1414 490 sortiatur,
1450 440 1475 480 l.
1509 437 1566 480 22
1597 440 1731 482 boreo.
1793 440 1839 480 P.
1874 437 1931 481 82

130 499 155 538 l.
189 496 244 539 20
277 497 417 547 didita,
449 510 488 549 p.
522 495 578 538 83
613 499 638 539 l.
672 496 697 539 3
730 498 917 547 Maxime,
953 498 978 538 l.
1012 496 1052 539 8.
1087 498 1348 548 diademate.)

245 580 331 632 Ego
365 594 460 637 saue
493 594 568 620 non
602 580 660 620 ita
692 593 821 620 essem
852 580 1077 632 impudens,
1117 586 1162 620 ut
1191 581 1243 621 H.
1278 585 1387 620 tuam
1416 580 1546 620 instar
1583 581 1721 621 famuli
1763 581 1931 633 alicujus

129 653 216 680 cum
243 640 341 680 meis
367 640 522 680 scilicet
541 639 740 679 mandatis
762 640 813 679 ad
835 639 1211 692 Gruppenbachium
1232 640 1479 692 ablegarem3
1513 642 1603 693 quin
1635 640 1768 693 potius
1801 641 1930 692 ipsum

129 712 203 752 ego
222 712 293 751 per
313 699 523 751 epistolam
543 699 787 751 alloquerer:
821 699 908 747 nisi,
944 699 1036 751 quid
1056 699 1160 739 inter
1186 712 1255 739 vos
1283 699 1369 751 jam
1395 705 1517 739 antea
1537 699 1779 748 convenerit,
1814 699 1930 752 quid-

129 772 202 812 que
234 759 327 799 mihi
359 759 607 799 scribendum
640 758 705 806 sit,
738 758 974 809 ignorarem.
1020 758 1075 798 Et
1105 772 1201 798 sane
1228 772 1346 812 quam
1371 757 1696 799 molestissimum
1728 759 1823 799 mihi
1854 764 1930 805 est,

128 831 264 858 omnes
296 823 380 858 tres
413 818 658 866 tabellarios,
693 818 757 870 qui
789 831 860 857 nos
893 818 1038 857 isthinc
1071 819 1229 868 adeunt,
1265 818 1474 858 advenisse
1508 819 1591 858 sine
1624 818 1931 870 exemplaribus.

129 877 285 918 Obnixe
305 890 415 930 rogo,
448 883 493 918 ut
522 877 690 930 primum
721 877 787 929 qui
819 890 861 916 se
894 877 1083 917 obtulerit-
1113 878 1367 918 tabellarium
1398 883 1461 918 tot
1480 877 1654 918 oneretis
1689 877 1931 931 exemplari-

128 938 215 986 bus,
250 943 346 989 quot
376 938 442 977 ille
476 936 679 976 commode
712 936 814 976 serre
845 942 992 988 potest.
1036 937 1126 977 Nisi
1157 938 1258 978 enim
1291 937 1447 977 octiduo
1474 941 1567 989 post
1590 937 1743 990 pascha
1763 937 1932 978 habeam

129 997 398 1048 exemplaria:
432 996 594 1036 comitia
626 996 695 1035 illa
726 996 951 1047 neglexero,
1009 995 1229 1036 Steinlinus
1261 996 1359 1037 1111111
1391 997 1443 1036 ad
1474 1009 1537 1036 me
1569 996 1644 1037 nisi
1676 1009 1774 1049 opus
1807 997 1930 1045 abso-

131 1057 255 1096 lutum
287 1069 390 1096 esse.
441 1056 502 1096 De
534 1055 652 1095 titulo
684 1055 830 1107 figurae
863 1068 1011 1095 aeneae
1043 1055 1141 1096 nihil
1173 1055 1357 1096 existimo
1383 1056 1644 1104 scribendum,
1679 1068 1858 1108 sperans,
1891 1056 1933 1096 id

129 1116 330 1168 negotium
359 1121 428 1156 tuo
462 1115 627 1155 consilio
654 1114 741 1167 jam
766 1120 887 1155 antea
911 1115 1011 1155 bene
1032 1115 1203 1156 habere:
1238 1128 1325 1155 cum
1345 1115 1552 1169 negaverit
1572 1114 1932 1168 Gruppenbachius

129 1175 167 1214 in
200 1175 327 1216 literis
360 1175 411 1214 ad
444 1184 505 1215 me
540 1174 645 1214 datis
678 1187 813 1214 mense
845 1173 1056 1224 Januario,
1097 1187 1140 1214 se
1171 1187 1290 1227 posse
1323 1174 1469 1215 diutius
1507 1174 1688 1225 differre,
1733 1187 1850 1228 quam
1881 1173 1933 1215 ad

129 1234 338 1275 nundinas.
402 1233 447 1274 Si
479 1239 612 1274 tamen
645 1233 771 1273 adhuc
805 1234 843 1273 in
878 1247 922 1274 eo
964 1235 1148 1274 haereret
1185 1234 1485 1288 typographus:
1521 1234 1608 1287 jam
1646 1246 1720 1286 ego
1758 1234 1933 1275 animum

129 1307 257 1334 meum
289 1293 456 1346 explico,
490 1298 686 1333 staturum
717 1292 894 1333 vestrum
926 1294 1122 1334 communi
1154 1293 1332 1334 consilio.
1389 1293 1518 1333 Vides
1550 1293 1726 1334 rationes
1758 1293 1934 1334 instituti

129 1353 218 1394 mei.
271 1353 445 1393 Primam
475 1353 627 1392 inventi
653 1352 865 1404 imaginem
892 1354 1112 1393 obtuleram
1138 1353 1329 1405 principi:
1362 1358 1501 1406 typum
1532 1352 1716 1406 imaginis
1750 1353 1935 1393 nolebam

130 1413 241 1465 quasi
276 1413 470 1461 suffurari,
505 1412 575 1452 sed
607 1417 827 1452 mutuatum
854 1413 1045 1452 confiteri.
1098 1411 1143 1453 Si
1176 1412 1293 1452 aliter
1324 1412 1397 1452 11111
1430 1412 1597 1462 ν11101111·,
1632 1413 1737 1452 1110111
1768 1417 1810 1453 01
1839 1412 1934 1454 1111111
1970 1435 1973 1439 -

130 1472 340 1512 videbitur.
406 1471 541 1512 Causa
573 1471 672 1511 levis
706 1476 780 1511 est.
833 1472 942 1512 Deus
977 1471 1071 1524 Opt.
1104 1473 1214 1512 MaX.
1277 1472 1328 1511 H.
1361 1478 1471 1512 tuam
1502 1472 1552 1512 ad
1584 1471 1699 1524 Reip.
1733 1471 1934 1512 literariae

130 1532 377 1572 commodum
410 1531 632 1571 diutissime
667 1536 887 1571 conservet.
951 1532 1069 1572 Vale.
1137 1529 1190 1572 10
1220 1532 1316 1572 Feb.
1351 1537 1403 1572 st.
1436 1544 1475 1572 n.
1509 1544 1599 1572 ann.
1642 1529 1763 1573 1597.
1980 1533 1982 1538 “

246 1609 298 1648 D.
330 1608 382 1648 D.
414 1607 478 1648 Jo.
515 1607 844 1647 Oberndorfferus
885 1608 1061 1648 medicus
1097 1608 1397 1660 provincialium
1439 1609 1575 1660 ignoto
1612 1608 1687 1649 tibi
1726 1608 1935 1661 plurimam
1972 1659 1976 1663 Κ

131 1669 300 1708 salutem
333 1667 453 1715 dicit,
499 1680 545 1707 ac
577 1679 697 1719 saepe
730 1680 780 1706 ex
811 1680 871 1707 me
913 1667 1090 1720 quaerit,
1131 1674 1262 1708 utrum
1295 1667 1525 1708 Calendarii
1563 1667 1766 1720 negotium
1805 1668 1935 1708 adhuc

131 1741 265 1768 verses
298 1727 370 1767 sub
402 1726 602 1771 manibus,
636 1727 698 1766 cui
730 1726 822 1778 quid
853 1727 1133 1778 respondeam,
1172 1727 1278 1767 aliud
1311 1740 1387 1767 non
1421 1727 1568 1775 habeo,
1609 1740 1727 1780 quam
1759 1740 1934 1780 occupa-

130 1788 259 1827 tiones
298 1793 412 1835 tuas,
459 1786 708 1838 potissimum
746 1799 844 1838 quas
882 1798 955 1838 ego
995 1787 1070 1826 tibi
1111 1800 1253 1826 creem.
1315 1787 1356 1826 Is
1391 1787 1479 1838 jam
1511 1787 1734 1827 discessum
1764 1801 1788 1827 a
1818 1786 1933 1827 nobis
1972 1803 1973 1808 ¹

129 1847 394 1899 Ratisponam
428 1846 549 1894 (unde
584 1845 768 1885 oriundus
810 1846 893 1892 est)
937 1845 1177 1885 meditatur:
1224 1851 1265 1886 et
1307 1851 1497 1898 quantum
1535 1846 1680 1899 colligo
1719 1846 1825 1899 apud
1859 1856 1970 1894 vos-j.

129 1905 368 1958 professoris
400 1905 616 1944 stationem
647 1904 862 1944 desiderat.
928 1904 1079 1945 Scribit
1110 1905 1233 1944 libros
1266 1906 1314 1944 de
1347 1906 1531 1955 venenis,
1572 1905 1671 1945 item
1700 1906 1934 1946 nomencla-
1963 1923 1970 1959 ῥ

130 1958 259 2005 turam
292 1964 553 2016 simplicium:
588 1964 866 2003 celeberrimus
898 1964 936 2004 in
970 1970 1068 2012 arte,
1104 1964 1297 2004 celebrior
1329 1965 1418 2004 ideo
1452 1966 1607 2005 futurus
1632 1964 1674 2004 in
1699 1965 1867 2015 theoria,
1900 1963 1966 2004 siz.

130 2025 255 2064 vivat.
319 2023 400 2064 Sed
432 2024 480 2063 de
514 2036 559 2063 eo
591 2023 642 2063 D.
677 2022 980 2075 Schweiggerus
1012 2025 1128 2076 plura
1159 2024 1233 2064 tibi
1265 2026 1411 2064 referre
1442 2029 1593 2077 potest.
1963 2024 1966 2029 '

248 2101 301 2141 D.
335 2101 673 2140 Zimmermannus
705 2099 857 2151 pridem
889 2100 961 2139 tibi
993 2113 1105 2140 suam
1143 2100 1316 2140 salutem
1352 2101 1499 2141 ascribi
1530 2100 1681 2152 jussit:
1722 2100 1797 2140 hoc
1828 2093 1935 2141 teni-

131 2174 225 2214 pore
258 2161 307 2200 ob
341 2161 542 2200 decretum
575 2163 738 2198 senatus
770 2159 808 2198 in
848 2172 970 2199 causa
1007 2159 1078 2199 filii
1116 2160 1177 2199 sui
1213 2159 1406 2212 iniquiore
1440 2164 1503 2199 est
1535 2159 1678 2200 animo.
1741 2158 1817 2201 Oui
1848 2167 1963 2200 cum*

133 2233 206 2272 ego
237 2219 345 2260 hisce
380 2219 518 2259 diebus
550 2218 822 2257 vehementius
855 2218 1059 2270 aliquanto
1098 2218 1359 2268 restitissem,
1403 2219 1559 2271 culpam
1597 2218 1668 2259 filii
1705 2219 1881 2272 corrupti
1911 2215 1965 2274 a}

76 2313 79 2315 .
134 2279 327 2320 facultate
359 2277 636 2331 philosophica
665 2278 703 2317 in
737 2278 837 2317 alios
870 2278 1140 2318 transferens:
1172 2290 1244 2330 per
1273 2279 1578 2330 imprudentiam
1596 2277 1691 2318 mihi
1710 2278 1814 2320 irato
1839 2290 1935 2320 ver·
1959 2290 1966 2310 ⁷-

132 2340 222 2379 bum
253 2340 326 2379 hoc
359 2338 529 2378 excidit:
563 2336 626 2376 vel
655 2337 872 2376 Maestlino
904 2342 1009 2377 teste
1043 2337 1199 2389 culpam
1229 2337 1268 2377 in
1301 2343 1428 2378 matre
1449 2338 1649 2386 residere,
1683 2350 1783 2390 quae
1814 2338 1936 2379 filium

132 2399 293 2439 licentia
332 2396 561 2449 corruperit.
631 2395 718 2435 Hoc
755 2396 861 2436 dicto
907 2397 1034 2437 facem
1073 2397 1225 2436 camino
1267 2397 1450 2447 subdidi,
1496 2410 1571 2450 quo
1612 2396 1703 2449 igne
1740 2394 1968 2451 Dominae}

133 2459 285 2498 animus
318 2456 432 2497 simul
466 2468 552 2496 cum
584 2460 654 2495 tua
687 2456 794 2495 fama
825 2456 984 2508 flagrat,
1018 2456 1090 2496 sed
1120 2456 1211 2508 igne
1244 2458 1353 2497 fatuo
1364 2469 1376 2505 3
1410 2469 1525 2510 quem
1556 2456 1829 2497 tantominus
1861 2469 1960 2497 cu-²

132 2518 253 2562 rabis,
287 2529 361 2570 quo
393 2514 639 2568 perspectior
669 2515 743 2554 tibi
775 2520 839 2555 est
864 2515 989 2567 ipsius
1011 2515 1177 2556 animus.
1230 2515 1490 2556 scribendum
1509 2521 1642 2556 autem
1661 2515 1809 2566 censui,
1842 2515 1935 2569 quia
1959 2519 1965 2545 ἰ

132 2577 283 2616 minata
314 2581 396 2624 est,
429 2588 471 2615 se
505 2575 578 2614 hoc
611 2573 683 2613 tibi
715 2574 778 2614 vel
809 2586 880 2626 per
912 2575 1051 2614 literas
1083 2575 1147 2615 vel
1177 2588 1248 2628 per
1279 2575 1462 2616 nuncium
1494 2575 1844 2627 exprobraturam:
1884 2587 1962 2626 ne.

134 2636 287 2676 scilicet
319 2635 470 2675 sinistri
502 2633 596 2686 quid
628 2633 676 2672 de
708 2646 770 2673 me
802 2633 1083 2685 suspicareris,
1123 2639 1243 2686 atque
1282 2640 1327 2675 111
1356 2635 1458 2675 1111110
1491 2647 1662 2675 errorem
1692 2634 1789 2675 mihi
1818 2639 1933 2675 tanto

134 2695 318 2735 libentius
353 2694 619 2742 condonares,
654 2692 712 2742 si,
746 2706 821 2746 quo
852 2699 972 2745 pacto
1005 2693 1213 2743 acciderit,
1247 2694 1356 2748 prius
1388 2706 1499 2733 esses
1531 2694 1710 2734 edoctus.
1952 2699 1954 2703 ’

250 2772 368 2813 Vale.
825 2769 877 2810 H.
912 2770 1020 2811 Tuae
1495 2769 1611 2811 Grat.
1642 2770 1754 2811 Disc.
1805 2746 1808 2750 ¹

824 2837 837 2845 ”
1366 2856 1369 2857 ’
1421 2841 1482 2881 Μ.
1516 2841 1612 2882 Joh.
1642 2840 1817 2895 Kepler.

227 2970 419 3003 Absolutum
443 2980 522 3012 opus
549 2968 821 3002 Maestlinus
848 2969 878 3001 d.
907 2967 938 3001 9.
966 2968 1043 3010 (19)
1069 2969 1252 3017 Μ3ῐ111>1118
1276 2969 1380 3001 verbis
1405 2970 1542 3002 nunciat
1565 2969 1730 3012 Keplero:

231 3035 360 3074 „Quam
384 3035 504 3071 laetor,
531 3034 572 3065 D.
600 3035 700 3066 frater
725 3035 940 3072 amicissime,
975 3035 1141 3067 Prodromi
1165 3035 1213 3066 tui
1236 3034 1379 3066 libellum
1402 3034 1536 3067 tandem
1563 3035 1606 3067 ad
1630 3035 1729 3067 finem
1754 3035 1930 3068 deductum

136 3094 218 3117 esse.
266 3083 384 3124 Longa
407 3091 499 3113 mora
522 3082 593 3112 fuit.
643 3081 777 3122 Speravi
801 3082 834 3114 id
859 3083 943 3114 brevi
971 3082 1232 3126 abSOthumjriJ
1258 3081 1471 3126 11100930οω
1497 3092 1590 3126 011111εΔ
1605 3087 1651 3125 111
1658 3083 1798 3125 ,1111οζ03
1809 3093 1936 3129 ι11101119,

120 3132 288 3175 -.scriptum
314 3129 504 3164 differretur,
529 3128 624 3170 idque
648 3139 720 3160 meo
746 3130 871 3171 ingenti
897 3139 970 3160 cum
994 3123 1205 3161 incommodo.
1250 3128 1336 3160 Nam
1361 3128 1437 3160 inde
1463 3123 1593 3168 accidit,
1619 3134 1658 3161 ut
1681 3139 1790 3162 meum
1815 3122 1929 3162 οόῐῐὲῗα

137 3177 359 3214 calendarium
382 3184 499 3208 novum
523 3176 675 3216 scriptum
702 3179 779 3207 ante
804 3177 967 3208 nundinas
986 3176 1107 3209 absolvi
1123 3185 1188 3208 non
1203 3177 1355 3218 potuerit,
1380 3178 1473 3217 cujus
1491 3178 1600 3220 gratia
1616 3178 1650 3210 in
1667 3185 1825 3220 magnam
1841 3176 1929 3219 apud
