2028 3242
857 67 968 110 ειμι
989 66 1047 100 lx.
1775 63 1856 108 133

169 174 306 217 Etiam
325 173 525 217 Saturnus
548 173 754 215 solitarius
776 179 841 214 est
853 186 1005 231 amans
1032 186 1081 226 ue
1106 172 1349 224 solitudini&
1380 174 1500 226 plane
1530 177 1576 213 ιιι
1606 172 1691 239 ejus
1722 160 1873 224 anguli

53 233 252 275 rectitudo
281 247 359 275 non
390 238 529 286 potest
560 233 663 273 ferre
695 232 861 273 ullam
889 245 938 273 ae
1096 238 1179 282 tem
1210 232 1274 272 vel
1311 233 1531 280 minimam,
1573 231 1686 283 cnjus
1723 230 1860 283 gratia

51 292 261 345 multiplex
289 292 372 334 fiat.
425 291 578 332 Contra
597 291 757 342 Jupiter
780 305 802 330 e
833 304 982 344 genere
1013 290 1253 331 infinitorum
1283 297 1490 331 acutorum
1521 303 1639 330 unum
1671 289 1877 341 angulum‘

51 355 195 392 nactus
222 350 430 404 popularis
461 350 551 390 ideo
583 350 715 390 factus
752 355 836 398 est,
874 350 1080 391 moderate
1118 354 1253 389 tamen
1285 355 1326 390 et
1357 354 1641 402 temperanter.
1703 349 1859 389 Auctor

51 409 157 453 enim
186 415 254 451 est
289 409 557 451 amicitiarum
594 408 878 449 honestiorum.
940 410 1007 450 Ita
1037 408 1150 448 Mars
1191 413 1234 448 et
1265 408 1404 449 Venus
1447 408 1660 461 populares
1698 413 1742 448 et
1780 407 1859 459 ipsi

51 466 158 520 snut,
188 468 263 511 sed
280 468 455 510 nimium.
499 468 606 510 Nam
624 466 791 507 obtusus
810 471 853 507 et
876 467 1066 519 prodigus
1096 466 1273 519 ipsorum
1305 467 1475 519 angulus
1506 466 1859 519 intemperantiam

51 532 179 572 notat.
222 527 446 568 Mercurius
477 526 527 566 de
557 530 702 566 natura
733 525 898 567 Saturni
931 531 974 566 et
1001 524 1118 566 Jovis
1149 530 1214 566 est
1245 525 1401 579 ratione
1434 525 1584 579 anguli.
1634 525 1691 565 Et
1721 530 1859 566 amant

50 585 202 628 literati
231 585 390 640 quidem
419 584 687 633 solitudinem,
721 585 793 625 sed
823 584 1028 625 inhumani
1058 588 1194 625 tamen
1228 597 1305 624 non
1337 590 1447 625 sunt.
1496 585 1650 625 Amant
1676 597 1759 633 eos,
1792 583 1858 636 qui

50 644 193 687 i'udem
210 644 355 687 studiis
374 643 639 691 oblectantur,
667 643 903 696 modumque
924 648 1110 685 statuunt
1139 642 1179 683 in
1200 643 1586 689 conversationibus,
1618 643 1708 695 plus
1740 655 1858 696 quam

49 702 222 759 Jupiter,
253 703 364 757 cujus
395 702 523 744 omnis
555 702 662 743 actio
693 707 758 742 est
786 702 826 743 in
858 702 1052 743 coetubus
1082 702 1285 743 hominum
1315 702 1498 755 interque
1529 707 1785 755 purpuratos.

103 760 105 763 ’
165 760 328 817 Jupiter
350 761 552 804 etVenus
584 760 766 802 foecundi
797 766 906 802 sunt.
968 760 1076 803 Sane
1109 761 1203 814 quia
1230 760 1391 814 Jupiter
1421 761 1521 802 facit
1552 761 1603 801 ad
1635 760 1859 813 plerorum-

39 833 126 877 que
157 820 504 877 compositionem,
535 819 677 861 Venus
709 825 841 861 autem
871 819 988 861 Jovis
1019 819 1134 873 qnasi
1166 819 1327 861 soboles
1359 825 1444 869 est,
1485 833 1575 860 cnm
1606 833 1686 860 una
1716 819 1859 860 Venus

50 877 195 934 viginti
222 879 350 922 Joves
380 879 653 920 breviusculos
684 879 721 919 in
754 892 798 919 se
829 879 1046 920 contineat.
1088 878 1250 931 Jupiter
1279 884 1414 920 autem
1443 879 1484 919 in
1515 891 1648 919 mares
1681 878 1856 931 aequior,

0 972 6 980 .
51 938 192 986 Venus
221 938 261 981 in
293 938 516 980 foeminas:
561 938 665 978 unde
702 938 770 978 ille
813 951 897 978 mas
938 938 1109 987 dicitur,
1153 938 1253 978 haec
1285 938 1474 979 foemina.
1535 937 1721 991 Pyramis
1752 937 1859 977 enim

0 1048 2 1050 ‚
50 994 196 1039 efficax
224 1002 313 1047 est,
358 996 594 1039 icosaedron
633 997 816 1037 effectum
855 1002 896 1038 et
936 996 1111 1038 soboles,
1173 996 1238 1037 Ex
1268 997 1332 1038 his
1363 997 1509 1038 iisdem
1538 995 1746 1049 principiis
1778 996 1857 1036 ali-

0 1090 5 1107 2
51 1061 200 1111 quanto
235 1057 476 1111 explicatior
517 1068 642 1097 causa
677 1055 878 1104 redditur,
922 1069 1043 1110 quare
1075 1055 1297 1096 Mercurius
1334 1055 1551 1109 promiscui
1581 1069 1702 1096 sexus
1732 1055 1788 1096 sit
1818 1060 1860 1095 et

0 1112 6 1160 ἶ
51 1128 173 1170 qnare
201 1114 243 1158 in
274 1114 544 1157 foecunditate
576 1114 802 1156 mediocris.

165 1173 281 1217 Jovis
309 1175 499 1228 primum,
538 1173 629 1215 dein
660 1172 847 1223 Saturni,
887 1179 930 1213 et
966 1173 1123 1214 demum
1154 1173 1344 1214 Mercurii
1380 1171 1653 1227 'tranquillitas
1685 1178 1728 1213 et
1758 1185 1857 1213 con·
1884 1172 1889 1224 ξ

51 1232 205 1276 stantia
233 1246 386 1275 morum
417 1239 481 1274 est
510 1247 536 1274 a
565 1232 770 1285 paucitate
800 1233 1033 1286 planorum:
1076 1232 1249 1282 Veneris
1286 1238 1328 1273 et
1357 1233 1506 1274 Martis
1537 1232 1785 1273 turbulentia
1815 1229 1889 1272 et
1887 1259 1928 1306 ἃ,

50 1351 158 1393 neris
187 1350 361 1392 omnium
391 1351 563 1392 maxime
594 1350 708 1391 varia
738 1356 782 1391 et
812 1349 1012 1391 volubilis.
1061 1349 1199 1404 Atque
1231 1349 1273 1391 hi
1303 1351 1454 1403 gradus
1485 1356 1598 1391 sunt:
1633 1349 1736 1390 unde
1768 1362 1857 1390 me-
1886 1355 1892 1403 j
1926 1376 1940 1384 .-

8 1431 12 1439 ε
50 1410 139 1452 dius
169 1409 412 1459 Mercurius,
444 1409 578 1451 media
607 1409 699 1450 fide.

166 1469 356 1511 Mercurii
386 1468 578 1510 versatile
610 1473 652 1509 et
682 1468 811 1509 celere
843 1467 1044 1520 ingenium
1070 1467 1195 1508 refert
1218 1467 1400 1509 octaedri
1422 1467 1640 1509 mobilitas.
1683 1466 1790 1507 Nam
1822 1465 1855 1507 si

49 1540 171 1582 super
210 1528 312 1569 duos
354 1528 522 1580 angulos
561 1526 728 1574 volvas,
772 1531 943 1580 quatuor
987 1526 1175 1567 continua
1217 1527 1348 1568 latera
1383 1539 1455 1579 per
1493 1526 1667 1567 medium
1707 1526 1882 1579 figurae·

17 1598 19 1603 ·
50 1586 244 1629 dilectum
282 1586 362 1628 iter
397 1591 619 1628 transeunt.
696 1585 867 1627 Ceteras
907 1586 1055 1638 figuras
1099 1587 1451 1640 quomodocunque
1489 1586 1654 1635 volvas,
1699 1584 1856 1626 videbis

48 1658 120 1700 per
149 1645 324 1687 medium
354 1650 588 1686 transversa
618 1650 661 1684 et
692 1644 885 1697 impedita
915 1644 1100 1686 incedere
1132 1645 1274 1687 latera.

76 1737 95 1742 -
165 1705 280 1745 Mars
309 1704 446 1746 multis
476 1703 671 1746 lateribus
712 1704 904 1756 pauciora
940 1704 1063 1756 plana
1101 1704 1244 1753 efficit,
1288 1704 1429 1744 Venus
1462 1704 1631 1744 totidem
1663 1702 1856 1743 lateribus

17 1790 19 1794 Α
49 1758 168 1817 plura
197 1763 344 1816 plana:
387 1763 536 1804 Martis
567 1763 690 1803 etiam
722 1763 836 1804 multi
877 1768 1045 1804 conatus
1082 1763 1185 1804 irriti
1221 1769 1339 1804 sunt:
1386 1763 1524 1803 Venus
1557 1762 1767 1802 conatibus
1797 1761 1857 1802 illi

50 1834 137 1878 par,
167 1822 421 1875 prosperiore
453 1827 589 1863 tamen
620 1822 746 1863 utitur
777 1823 950 1863 fortuna.
1004 1822 1091 1863 Nec
1122 1821 1162 1862 id
1193 1822 1336 1863 mirum
1367 1834 1457 1862 esse
1490 1822 1623 1862 debet.
1678 1820 1857 1861 Facilius

49 1881 156 1925 enim
183 1881 353 1923 choreae
379 1881 641 1923 instituuntur
665 1894 783 1934 quam
809 1880 929 1928 bella,
961 1886 1002 1922 et
1031 1894 1106 1934 par
1136 1887 1236 1930 erat,
1271 1882 1388 1922 citius
1421 1881 1472 1921 ad
1504 1881 1621 1922 finem
1650 1881 1856 1932 pervenire

26 1951 222 1988 'ultiouis⁹
250 1953 370 1994 quam
399 1940 503 1987 iras,
534 1941 628 1993 quia
657 1940 733 1980 hae
764 1940 963 1992 perimunt
995 1940 1186 1990 homines,
1220 1941 1277 1982 illi
1308 1940 1489 1992 gignunt.
1552 1940 1706 1981 Eodem
1735 1943 1855 1992 pacto

27 2015 29 2017 ’
48 1996 272 2040 Mercurius
302 1997 480 2040 Saturno
511 1999 665 2040 felicior
697 2004 773 2040 est.
796 2000 831 2046 ο)

697 2116 756 2157 IN
789 2113 975 2157 CAPUT
1003 2115 1208 2157 NONUM

742 2196 896 2230 noun
922 2196 1159 2230 Anc'roms.

1114 2308 1180 2317 —n-
1181 2311 1226 2316 *⁴-
1236 2309 1293 2319 *ke
1316 2313 1381 2330 ,.·-—·
1384 2312 1474 2321 ‘vv-2

5 2352 7 2354 ,
27 2366 31 2370 ⁴
81 2347 116 2367 „-
176 2338 225 2368 μ,
249 2321 341 2365 mim
350 2325 546 2369 censeQ:
574 2321 682 2367 idque
701 2332 782 2356 cum
801 2322 848 2356 ob
868 2321 963 2356 alias
980 2322 1156 2363 rationes,
1186 2327 1264 2357 tum
1283 2322 1440 2357 maxime
1458 2319 1618 2368 lsi-&tei-
1623 2323 1748 2364 Κιίἰίὀῑ
1768 2334 1855 2369 quia
1903 2343 1907 2345 >
1927 2367 1929 2369 q

21 2393 35 2422 4
60 2395 63 2405 ·
82 2373 202 2410 minis
226 2373 341 2420 ipsius
368 2378 504 2409 natura
529 2379 587 2408 est
614 2374 674 2408 hic
698 2373 734 2408 in
762 2374 877 2408 Terra
899 2385 1064 2416 versans,
1098 2386 1191 2421 quae
1222 2375 1488 2410 radiationibus
1515 2377 1751 2420 planetarum
1769 2387 1854 2410 con-
1929 2371 1933 2378 ¹

27 2424 153 2467 Qeiliat
178 2428 347 2462 effectum
373 2427 411 2461 in
429 2438 531 2466 sese;
560 2427 655 2461 sicut
680 2426 837 2467 auditus,
870 2426 1069 2462 instructus
1101 2428 1282 2462 facultate
1310 2428 1546 2474 dignoscendi
1574 2429 1852 2464 concordantias

218 2479 390 2515 conciliat
408 2479 568 2515 musicae
587 2480 683 2514 hanc
700 2480 783 2521 vim,
815 2480 944 2515 utilia
968 2479 1097 2515 incitet
1115 2481 1327 2516 audientem
1353 2483 1399 2515 ad
1419 2482 1638 2516 saltandum.
1694 2482 1752 2516 De
1780 2482 1853 2516 hac
1907 2497 1921 2510 κ

26 2527 51 2567 53
77 2558 81 2561 -
115 2533 179 2580 egi
195 2532 319 2568 multis
344 2533 622 2578 inresponso
648 2534 693 2567 ad
719 2533 867 2577 objecta
891 2533 1062 2568 Doctoris
1087 2533 1302 2568 Roeslini
1343 2539 1471 2568 contra
1508 2534 1640 2569 librum
1668 2535 1712 2568 de
1741 2535 1855 2569 stella
1905 2580 1907 2582 q

60 2602 87 2613 2·
128 2611 131 2614 <
185 2590 226 2620 et
243 2585 332 2621 alibi
351 2586 498 2631 passim,
519 2586 702 2631 etiamque
730 2585 765 2620 in
785 2586 848 2620 lib.
869 2586 931 2620 IV.
964 2586 1263 2622 Harmonicorum
1291 2587 1438 2632 passim,
1465 2587 1683 2632 praesertim
1714 2598 1795 2632 cap.
1817 2586 1852 2622 7.
1900 2583 1908 2612 s

63 2657 66 2659 >
104 2664 107 2669 ι
153 2636 195 2681 b)
221 2640 303 2674 Hoc
326 2639 529 2685 allegorice
556 2639 785 2673 intellectum
811 2638 974 2684 physicis
1003 2639 1208 2675 rationibus
1228 2640 1373 2674 defendi
1393 2644 1540 2684 potest:
1568 2645 1612 2674 ut
1634 2640 1666 2674 si
1685 2641 1753 2674 sub
1782 2639 1853 2675 odii

104 2713 113 2721 ν
141 2692 230 2727 bulo
256 2691 448 2727 discrimen
482 2693 734 2738 qualecunque
771 2690 1006 2736 intelligatur
1042 2692 1145 2734 situs,
1185 2697 1315 2734 motus,
1353 2692 1508 2733 luminis,
1549 2692 1692 2727 coloris.
1746 2692 1871 2735 Vide„

133 2759 148 2771 v
165 2771 176 2786 ,
202 2749 317 2790 caput
332 2745 499 2780 ultimum
515 2745 697 2780 Ptolemai
724 2743 1024 2785 harmonicorum,
1054 2745 1115 2779 ubi
1134 2745 1346 2790 prodierint,
1376 2756 1543 2791 quaeque
1569 2745 1607 2780 in
1634 2745 1671 2780 id
1697 2751 1852 2781 annota-

27 2818 30 2821 Δ
202 2797 420 2843 praesertim
444 2798 610 2833 ultimam
634 2808 751 2832 meam
779 2796 1066 2843 speculationem
1093 2799 1139 2832 de
1157 2798 1305 2833 Saturni
1330 2802 1370 2833 et
1387 2798 1518 2832 Martis
1537 2798 1672 2833 mutuis
1691 2800 1852 2835 excessi-

107 2877 110 2879 μ
144 2851 204 2885 vel
232 2850 446 2892 defectibus.
474 2851 576 2886 Jovis
602 2862 691 2886 vero
717 2849 980 2885 mediocritate.
1011 2845 1060 2895 ³⁸)

154 2901 190 2946 c)
216 2902 299 2938 Etsi
326 2902 417 2938 nihil
453 2908 512 2938 est
538 2905 608 2939 hoc
635 2908 767 2949 caput,
805 2903 874 2938 nisi
910 2903 1012 2938 lusus
1043 2903 1304 2949 astrologicus,
1344 2915 1411 2938 nec
1444 2913 1531 2949 pars
1560 2904 1691 2949 operis.
1709 2906 1848 2940 censeri

94 2967 96 2969 '
128 2973 144 2985 a
199 2957 263 2990 sed
289 2967 487 2991 excursus:
515 2957 683 2992 conferat
709 2961 832 2992 tamen
859 2955 948 2990 illud
976 2957 1094 2991 lector
1120 2967 1200 2991 cum
1227 2956 1431 2991 Ptolemaei
1456 2957 1680 2999 rationibus,
1709 2962 1787 2994 tam
1812 2959 1852 2994 in

172 3008 274 3049 iblo,
302 3019 410 3054 quam
435 3009 473 3044 in
491 3009 740 3053 naerieis:
769 3009 908 3044 videbit
935 3013 1079 3044 nostras
1098 3009 1332 3044 Ptolemaicis
1359 3021 1431 3045 non
1458 3009 1661 3053 inferiores,
1689 3021 1734 3046 ac
1752 3012 1847 3047 forte

119 3074 123 3090 τ
144 3076 159 3088 ··
185 3072 217 3096 -s
243 3072 338 3096 esse.

50 1292 199 1336 levitas
229 1305 256 1333 ι
284 1292 551 1334 multitudine.
607 1291 778 1332 Varium
808 1296 851 1332 et
880 1290 1071 1332 mutabile
1102 1304 1259 1344 semper
1290 1291 1474 1332 foemina.
1523 1291 1581 1332 Et
1610 1291 1739 1343 figura
1768 1291 1856 1330 Ve-
1890 1307 1927 1351 'f

153 2264 199 2312 a)
223 2267 372 2314 Loquor
398 2278 478 2302 cum
509 2268 720 2314 astrologis.
775 2268 884 2317 Q
897 2269 929 2303 si
949 2279 1098 2315 meQ
1109 2269 1332 2319 sententiam
1361 2269 1495 2311 dicam,
1527 2270 1651 2305 nullus
1683 2269 1721 2305 in
1751 2271 1855 2305 coelo
1907 2286 1991 2309 cz„
