2028 3242
823 86 941 115 eontra
963 81 1092 115 Ursum.
1775 71 1862 116 249

824 223 984 290 Caput
1017 222 1083 283 Π.
1102 215 1127 252 ·’

629 331 707 373 De
734 329 933 372 Historia
960 329 1279 386 Hypovmiwm

139 426 218 467 In
258 425 431 468 historia
478 427 758 486 hypothesium
802 427 979 468 texenda
1008 426 1137 468 Ursus
1194 424 1364 466 artificio
1406 396 1535 465 utitur
1576 437 1655 464 non
1697 423 1858 465 inscito.

53 484 94 527 Δ
120 485 230 527 veris
260 485 364 527 enim
393 492 557 527 exortus
585 486 809 527 rationibus
840 486 956 526 fldem
977 485 1053 526 sibi
1085 484 1185 525 facit
1203 484 1446 536 cognitionis
1473 483 1749 523 historiarum.
1783 496 1863 536 qua

53 544 246 594 obtenta,
288 544 385 586 nihil
420 550 575 587 mutam
605 545 671 586 filo
701 545 895 586 orationis
926 545 979 585 ad
1010 550 1236 585 commenta
1272 557 1347 583 sua
1379 542 1596 590 delabitur,
1643 555 1768 594 eaque
1801 543 1863 582 le·-

53 603 156 644 ctori
183 616 257 657 pro
291 603 551 646 relationibus
582 604 783 646 historicis
815 604 1006 646 obtrudit.
1068 604 1130 644 De
1162 603 1388 651 Thalete,
1435 601 1502 654 qui
1530 601 1683 654 primus
1721 607 1786 641 est
1823 601 1863 641 in

52 664 130 704 hnc
165 667 480 704 summorum
521 663 624 704 serie
662 664 701 704 in
734 662 910 705 Graecia
940 663 1143 716 (quamvis
1174 662 1346 703 Linum
1385 666 1427 701 et
1458 661 1710 701 Musaeum
1751 660 1862 700 anti-

54 720 282 775 qm’ssimus,
313 721 418 762 hunc
448 722 695 763 inventorem
722 723 933 776 sphaerae,
965 723 1076 763 illum
1106 727 1283 763 motuum
1304 720 1413 761 Solis
1444 725 1487 761 et
1515 720 1655 760 Lunae
1688 718 1866 759 celebret

52 781 259 832 Diogenes
287 780 520 830 Laertius),
557 782 591 822 si
623 795 720 823 vera
751 789 863 831 sunt,
904 796 1005 835 quae
1038 782 1086 822 de
1116 780 1390 834 praedictione
1422 779 1621 831 eclipseos
1652 778 1864 832 prodidere

52 839 206 882 Plinius
236 843 280 880 et
307 839 562 882 Herodotus:
604 847 713 882 certe
747 842 933 894 equidem
963 842 1066 882 hanc
1097 839 1368 880 astronomiae
1409 844 1567 891 partem
1598 843 1743 878 exacte
1774 838 1862 878 cal-

54 899 177 941 luisse
206 910 371 940 necesse
402 905 481 940 est.
542 899 599 940 Et
630 901 819 941 Laertius
851 901 1028 954 quidem,
1069 900 1235 966 primum
1268 898 1514 966 astrologiae
1545 902 1706 938 secreta
1735 896 1865 937 rima-

52 965 151 1007 m,
181 949 292 999 Solis
321 970 481 999 cursum
513 972 539 998 a
569 959 745 1000 solstitio
775 960 815 999 in
846 960 1064 1000 solstitium
1096 958 1315 1011 reperisse,
1348 957 1441 997 anni
1474 956 1744 1010 quantitatem
1777 953 1864 997 365

53 1018 206 1059 dierum
249 1017 527 1066 constituisse,
572 1019 621 1059 de
658 1019 848 1059 solstitiis
890 1024 934 1059 et
964 1018 1229 1072 aequinoctiis
1272 1016 1507 1069 scripsisse,
1552 1015 1645 1056 anni
1683 1020 1866 1068 tempora

53 1089 235 1118 mensum
269 1076 384 1123 esse,
429 1075 540 1118 Solis
573 1082 616 1118 et
646 1078 784 1118 Lunae
825 1078 1120 1130 magnitudines
1163 1088 1419 1129 comparasse
1464 1075 1651 1127 Solisque
1684 1075 1867 1115 defectus

53 1135 308 1189 praedixisse
338 1135 500 1176 asserit.
562 1137 705 1190 Neque
737 1143 871 1178 tamen
903 1137 1133 1178 methodum
1164 1137 1337 1189 eclipses
1356 1134 1613 1188 praedicendi
1647 1148 1673 1173 a
1702 1147 1746 1174 se
1776 1134 1866 1186 ipso

52 1200 195 1249 petere
222 1194 378 1248 potuit,
423 1207 512 1236 cum
535 1196 610 1236 hoc
642 1209 719 1236 non
751 1197 805 1237 sit
835 1197 951 1238 unius
983 1196 1152 1246 aetatis,
1198 1197 1414 1237 observare
1445 1194 1692 1235 sufficientes
1725 1194 1864 1234 Lunae

58 1253 284 1296 anomia
313 1254 365 1294 ad
397 1254 563 1308 eclipsin
596 1254 706 1296 Solis
738 1256 1062 1308 praedicendam.

176 1310 380 1355 Credibile
411 1313 547 1366 igitur,
578 1327 668 1355 cum
687 1316 807 1367 paulo
839 1320 933 1356 ante
966 1328 1056 1355 eam
1075 1315 1202 1369 ipsam
1223 1312 1391 1365 eclipsin
1423 1311 1609 1363 bellaque
1639 1323 1741 1364 quae
1773 1316 1867 1351 tunc

55 1377 175 1424 gesta
204 1380 488 1414 commemorat
517 1373 766 1424 Herodotus,
806 1387 886 1426 pax
916 1375 1051 1427 utique
1085 1372 1206 1414 fuerit
1228 1372 1366 1426 Lydos
1396 1371 1502 1411 inter
1533 1375 1576 1411 et
1605 1369 1867 1423 Babylonios,

56 1431 206 1472 Thales
243 1443 340 1472 vero
370 1431 496 1485 Lydis
533 1432 687 1473 vicinus
725 1434 763 1473 in
795 1434 938 1474 Mileto
975 1433 1199 1480 habitaret,
1243 1436 1372 1471 artem
1410 1430 1581 1482 eclipses
1612 1429 1869 1481 computandi

63 1489 253 1532 didicisse
283 1503 311 1530 a
339 1490 595 1545 Babyloniis.
659 1493 713 1532 Et
745 1492 934 1533 Laertius
965 1493 1123 1544 quidem
1162 1496 1302 1531 auctor
1321 1495 1407 1538 est,
1439 1490 1672 1542 Aegyptum
1703 1488 1866 1529 adiisse.

56 1549 120 1591 Ac
147 1549 236 1603 ipse
265 1549 415 1590 'l'hales
451 1550 556 1602 apud
588 1556 791 1592 auctorem
822 1551 933 1592 illum
963 1551 1022 1591 sic
1060 1551 1113 1591 ad
1131 1549 1404 1603 Pherecydem
1423 1549 1473 1588 de
1493 1561 1566 1588 se:
1599 1548 1864 1600 „Aegyptum

0 1653 1 1660 ,
55 1608 364 1662 penemvimus,
395 1615 441 1649 ut
470 1610 591 1650 isthic
611 1610 887 1651 sacerdotibus
908 1616 949 1651 et
969 1610 1210 1657 astronomis
1230 1607 1606 1661 congrederemur.“
1669 1605 1750 1652 Qui
1773 1607 1864 1646 fue-

60 1733 145 1781 tum
173 1726 399 1779 profectum
431 1733 570 1769 narrat
600 1729 705 1781 apud
738 1727 968 1770 Chaldaeos
1000 1733 1293 1768 conversatum.
1354 1726 1458 1766 Erat
1489 1737 1629 1774 nempe
1654 1726 1871 1778 Aegyptus

58 1785 132 1827 suli
159 1784 474 1839 Babyloniorum
497 1787 611 1838 jugo.
672 1788 718 1828 In
750 1778 952 1829 flag-*Uro
985 1787 1181 1840 epistolae
1207 1787 1293 1838 jam
1325 1785 1530 1837 allegatae
1552 1784 1702 1824 Thales
1734 1784 1867 1824 addit:

14 1854 28 1894 ἴ
57 1849 132 1894 „at
149 1856 224 1885 nos
242 1844 307 1897 qui
327 1844 384 1884 nil
403 1845 625 1895 scribimus
659 1846 876 1887 Graeciam
900 1848 1122 1899 Asiamque
1142 1845 1449 1898 peragramu8.“
1478 1845 1543 1884 Ita
1563 1844 1647 1883 sive
1674 1843 1713 1883 in
1741 1842 1869 1884 Chal-

57 1904 202 1944 caeam
230 1915 305 1954 per
332 1903 621 1954 continentem,
655 1906 740 1946 sive
773 1906 874 1946 mari
904 1907 945 1947 in
976 1908 1209 1959 Aegyptum
1238 1903 1376 1952 iverit,
1410 1902 1705 1944 Chaldaeorum
1737 1902 1868 1942 utrin-

58 1975 135 2016 que
165 1961 321 2014 copiam
350 1962 492 2003 habuit
522 1969 563 2004 et
596 1966 882 2005 astronomiam
914 1966 1005 2006 inde
1038 1966 1076 2006 in
1099 1964 1316 2005 Graeciam
1335 1963 1474 2003 efferre
1502 1962 1648 2014 potuit.
1710 1961 1871 2001 Etenim

59 2021 216 2062 consuli
246 2020 388 2062 solitos
419 2035 445 2061 a
477 2021 647 2063 Graecis
678 2024 923 2078 Babylonios
955 2025 1004 2064 de
1037 2029 1144 2064 motu
1175 2023 1335 2071 Lunae,
1368 2022 1464 2062 illud
1494 2021 1732 2074 persuadet,
1766 2021 1869 2073 quod

60 2091 197 2120 omnes
225 2091 328 2132 pene
360 2078 544 2121 Graecae
576 2082 760 2123 nationes
792 2096 896 2123 anno
921 2084 1073 2124 Lunari
1105 2088 1326 2122 uterentur.
1389 2081 1477 2121 Huc
1496 2082 1602 2121 refer
1621 2079 1745 2119 verba
1770 2079 1869 2119 Ari-

61 2137 222 2178 stotelis
251 2137 344 2186 (lib.
377 2139 432 2178 11.
466 2140 515 2179 de
548 2139 672 2181 Coelo
703 2154 791 2194 cap.
833 2140 940 2190 ¹2.):
980 2141 1100 2182 simili
1131 2141 1287 2181 ratione
1321 2141 1370 2181 de
1402 2140 1548 2180 ceteris
1587 2139 1708 2179 etiam
1740 2138 1870 2178 stellis

62 2197 286 2249 loquuntur,
318 2197 383 2248 qui
415 2210 551 2238 earum
583 2199 779 2239 rationem
805 2201 1006 2252 quondam
1023 2200 1202 2253 plurimis
1224 2198 1339 2239 annis
1358 2199 1637 2246 observarunt,
1673 2196 1868 2250 Aegyptii

66 2260 109 2296 et
137 2254 365 2308 Babylonii,
397 2269 423 2294 a
452 2257 594 2308 quibus
613 2258 752 2298 ‘multa
784 2259 861 2298 fide
894 2259 1014 2311 digna
1046 2260 1095 2299 de
1127 2258 1295 2310 siugulis
1326 2257 1524 2297 sideribus
1556 2256 1799 2308 accepimus.

181 2312 295 2359 Quas
338 2326 449 2354 meas
481 2315 733 2367 conjecturas
772 2317 836 2356 hic
867 2330 956 2357 cum
987 2318 1080 2358 Ursi
1112 2315 1352 2368 conjecturis
1383 2316 1564 2356 conferre
1597 2315 1732 2363 libuit,
1777 2315 1869 2366 quia

60 2372 99 2413 is
128 2385 207 2413 non
238 2385 344 2421 sum,
384 2373 449 2424 qui
481 2373 581 2413 bene
612 2374 723 2414 dicta
752 2387 916 2427 carpere
946 2376 1079 2415 velim.
1143 2374 1225 2415 Sed
1257 2375 1341 2426 jam
1374 2374 1514 2414 statim
1552 2378 1697 2426 peccat
1727 2373 1869 2419 Ursus

62 2431 322 2486 hypotheses,
355 2444 454 2484 quas
485 2432 738 2485 physicorum
770 2446 860 2473 esse
892 2434 963 2481 ait,
994 2434 1113 2487 paulo
1132 2438 1227 2485 post
1256 2438 1438 2484 tempora
1456 2432 1694 2472 Aristotelis
1717 2432 1871 2471 demum

69 2490 315 2530 constitutas
347 2491 602 2539 existimans,
635 2504 707 2531 nec
739 2492 822 2532 ulla
852 2492 1007 2533 ratione
1040 2493 1133 2532 sciri
1163 2504 1297 2543 posse,
1330 2492 1561 2543 qualesnam
1587 2490 1735 2531 fuerint
1765 2495 1871 2530 tem-

43 2548 229 2602 moribus
260 2549 443 2589 Thaletis
488 2556 530 2590 et
564 2524 823 2603 Pythagorae
866 2557 1184 2591 astronomorum
1222 2550 1480 2603 hypotheses.
1544 2549 1635 2595 Quo
1667 2550 1754 2589 loco
1792 2561 1870 2588 non

47 2603 227 2648 fmdetur
261 2607 432 2648 Plinium
470 2609 616 2661 legisse
656 2609 722 2649 lib.
757 2610 811 2649 II.
853 2622 941 2661 cap.
974 2609 1045 2650 22.
1105 2609 1267 2649 Etenim
1303 2609 1396 2649 illae
1434 2609 1648 2649 hodiernae
1679 2607 1871 2660 physico-

48 2663 168 2715 lium,
199 2671 245 2706 ut
273 2672 394 2706 vocat
419 2668 560 2716 Ursus,
594 2668 854 2721 hypotheses,
888 2681 959 2708 seu
989 2669 1061 2709 illa
1092 2668 1355 2720 sphaerarum
1387 2668 1600 2712 ordinatio,
1634 2679 1751 2719 quam
1770 2667 1873 2706 Pto-

60 2723 246 2768 {lenaeus
282 2730 347 2765 est
377 2726 604 2778 amplexus,
637 2727 890 2780 Pythagorae
929 2727 1083 2767 usitata
1123 2726 1211 2767 fuit.
1274 2726 1382 2766 Audi
1418 2726 1547 2767 lector
1578 2726 1701 2779 verba
1730 2725 1872 2765 Plinii·

61 2781 155 2829 Sed
182 2783 450 2836 Pythagoras,
481 2785 621 2837 inquit,
654 2784 852 2826 interdum
883 2798 934 2825 ex
966 2786 1117 2826 musica
1148 2785 1302 2825 ratione
1334 2785 1514 2836 appellat
1542 2790 1698 2833 tonum,
1743 2796 1874 2835 quan-

54 2845 156 2898 {tun
185 2841 295 2882 absit
323 2857 349 2882 a
378 2843 504 2884 Terra
535 2844 662 2884 Luna.
725 2844 791 2884 Ab
823 2857 871 2884 ea
909 2845 959 2884 ad
991 2844 1261 2892 Mercurium‚·
1295 2844 1416 2895 spatii
1449 2843 1536 2894 ejus
1568 2843 1791 2890 dimidium,
1832 2847 1876 2882 et

63 2899 125 3010 {gi
154 2912 203 2940 eo
233 2900 287 2940 ad
317 2901 518 2942 Venerem
549 2903 631 2942 fere
663 2903 923 2949 tantundem,
955 2916 980 2942 a
1010 2915 1088 2955 qna
1119 2902 1170 2942 ad
1192 2902 1328 2943 Solem
1361 2902 1616 2954 sesquiplum,
1649 2915 1675 2941 a
1699 2901 1796 2942 Sole
1822 2901 1874 2941 ad

68 3004 73 3011 ¹
117 2963 247 2999 artem
270 2963 419 3008 tonum,
452 2961 504 3000 ab
535 2973 583 3001 eo
614 2962 666 3001 ad
684 2962 827 3002 Jovem
858 2961 1062 3002 dimidium
1092 2968 1133 3002 et
1165 2962 1216 3000 ab
1248 2974 1296 3001 eo
1328 2961 1381 3000 ad
1407 2959 1623 3001 Saturnum
1655 2959 1859 3000 dimidium

67 3015 118 3075 {t
145 3017 236 3057 inde
267 3018 511 3070 sesquiplum
542 3020 595 3059 ad
625 3020 869 3073 signiferum.

70 3078 92 3140 ξι
191 3076 322 3120 Audis
351 3077 529 3118 ordinem
559 3079 815 3132 sphaerarum
846 3080 973 3119 lector
1003 3090 1052 3118 ex
1083 3078 1226 3122 Plinio,
1284 3076 1369 3118 Aut
1405 3077 1528 3133 igitur
1558 3077 1712 3118 Plinius
1742 3078 1872 3124 malae

55 1668 136 1709 rint
164 1671 299 1708 autem
322 1666 382 1708 illi
407 1669 639 1718 astronomi,
665 1670 853 1710 Laertius
879 1670 917 1710 in
937 1670 1171 1724 Pythagora
1191 1668 1328 1715 innuit,
1363 1680 1478 1719 quem
1505 1666 1674 1706 eundem
1694 1666 1865 1719 Aegyp-
1905 1686 1919 1695 x
