2028 3242
746 60 790 93 de
812 61 909 93 rebus
936 61 1150 104 astrologicis.
1764 58 1850 102 357

51 171 88 212 si
117 173 164 212 tu
187 166 397 222 muigis,
430 165 612 219 Oedipus
643 166 739 206 mihi
769 172 877 215 esto;
909 166 995 218 ipse
1026 178 1104 205 nou
1137 166 1330 218 intelligo,
1363 179 1436 206 nec
1462 166 1625 218 scripsi,
1658 171 1703 206 ut
1733 166 1847 219 lege-

51 233 200 281 reum,
227 226 301 281 ped
330 231 377 271 ut
404 238 468 266 me
500 238 727 266 exercerem
758 230 838 266 una
867 225 971 265 vice.
1030 223 1219 264 Extorsit
1248 223 1436 265 Schelius
1466 224 1715 265 mirabiliter.

142 296 308 334 Tadu.
329 296 530 329 concludens
554 295 718 338 Keplems
739 294 802 327 has
825 294 938 326 litem
961 294 1130 337 longiores
1149 291 1213 334 (40
1236 294 1436 336 paginarum
1467 295 1502 326 in
1526 292 1639 334 folio),
1673 295 1717 327 ad
1746 304 1848 336 quae·

50 347 189 381 sti-‘un
225 343 480 380 monnicam
516 342 684 384 respondit
707 341 849 375 Fabricii
874 340 911 382 (,,
915 340 1007 374 Scire
1041 341 1155 383 cupio,
1190 350 1235 373 au
1257 340 1449 382 hypothesis
1475 337 1507 383 Ω
1542 346 1578 374 et
1602 338 1628 380 ξ
1664 341 1708 374 ad
1738 352 1849 374 verum

47 395 174 431 m
195 389 283 426 Solis
310 391 419 432 potius
441 390 637 432 respondere
668 389 789 422 debeat
810 393 868 421 tuo
897 388 1042 429 ᾒιιᾱὶξίο,
1075 392 1116 420 ut
1146 389 1345 430 superiores.
1383 389 1434 420 vel
1467 388 1513 421 ad
1544 389 1688 420 medium
1710 395 1847 422 motum.

48 437 197 480 onas.
215 438 264 471 ni
285 437 567 480 manus-ime
592 441 627 469 et
648 436 746 468 timul
770 436 997 468 amanus-ime
1019 435 1183 476 Kopion.
1221 445 1280 476 pro
1304 434 1454 468 Uraniea
1477 436 1625 468 amicitia
1648 436 1848 477 respondeas

113 487 326 529 W
346 484 483 519 &ernis
503 484 607 517 uteris
629 483 824 525 propositas.
873 481 930 515 Sic
959 491 1014 514 me
1037 482 1210 524 plurimum
1239 482 1369 522 juvabis
1394 487 1430 514 et
1457 492 1511 514 me
1542 482 1586 514 ad
1610 483 1722 514 omnia
1754 482 1847 515 alae·

194 527 323 566 nde&
372 530 528 564 'tumihi
561 529 766 571 ιὶιΔροΙΙο,
803 528 1153 570 ίνῦγιιοιιιιιιοοιο,
1187 529 1380 567 unoculus,
1414 529 1612 562 tubaculus
1644 539 1736 561 meus
1763 534 1845 561 esto.

175 578 341 616 milia
370 578 611 620 wummagis
642 576 807 609 satisfacit
843 581 879 608 et
912 575 1106 609 satisfacere
1129 580 1257 618 potest,
1289 580 1461 618 quantu.
1509 576 1735 618 Valeigitur,
1772 578 1847 618 vige

241 628 281 662 d
301 624 472 659 unum
493 624 680 657 felicissime
706 627 743 656 et
765 624 920 656 citissime
946 623 1099 659 absolve.
1122 627 1158 655 et
1180 624 1312 665 saepius
1335 622 1400 655 buc
1423 623 1607 665 perscribe,
1642 633 1705 655 nec
1730 624 1844 655 amici

45 347 269 797 {Fi²

45 674 131 708 t-
149 667 319 717 fi*
336 671 468 708 daut.
491 671 575 704 torte
597 675 671 713 post
695 679 819 703 mum
841 681 896 704 me
920 681 987 703 non
1010 669 1147 704 habebis
1171 671 1401 712 superstitum
1440 669 1475 710 d
1501 670 1636 703 directio
1660 678 1739 712 prae
1767 670 1844 702 fori-

45 719 157 755 Β-Ξ·
171 718 266 755 Β.
287 717 369 752 fib
391 718 496 753 Q!
543 718 684 750 Auem*

75 783 83 799 v
138 765 176 802 8.
196 763 292 808 (¹2.)
313 763 687 808 Αμ.1605.οιωιιο
712 764 899 797 rariorum.
1144 763 1262 796 Tuae
1286 763 1799 844 ΡιΒοἭῖιῐξΰείιὲιέιοκίωἰιιινι

160 876 323 911 Achaeo
346 886 425 919 «go
450 870 723 922 Keplerus·
767 869 919 910 Verum
958 869 1067 910 Solis
1105 874 1253 909 motum
1291 882 1366 920 ego
1404 882 1477 921 per
1513 863 1647 909 omnia
1685 882 1841 922 sequor,

46 931 170 975 etim
191 930 243 972 in
269 930 430 970 Venere
461 935 505 970 et
533 929 744 978 Mercurio,
777 940 849 968 ceu
880 928 1082 968 Ariadnes
1114 929 1235 968 filum.
1297 927 1402 968 Nam
1433 941 1521 968 cum
1546 929 1717 968 medium
1737 927 1840 968 Pto-

43 990 221 1038 lemme
251 993 496 1042 sequeretur,
529 1000 628 1040 opus
659 987 737 1039 ipsi
767 987 843 1028 fuit
870 992 1083 1039 praeterea
1112 986 1316 1041 epicyclio
1330 1000 1401 1026 seu
1421 993 1768 1028 eceentreccentro
1793 987 1843 1026 ob

46 1052 285 1102 aequantem
315 1045 431 1088 Solis
456 1046 694 1098 ignoratum.

157 1106 296 1160 Atque
313 1105 374 1147 ita
402 1105 469 1145 vel
499 1105 663 1145 taudem
683 1104 785 1144 vale.
842 1102 995 1155 Scripsi
1020 1103 1087 1144 11.
1109 1102 1202 1144 Oct.
1229 1101 1354 1144 1605„
1422 1103 1569 1144 Saluta
1587 1104 1638 1144 D.
1663 1102 1840 1144 Cancel-

46 1164 205 1214 larium.
250 1159 403 1205 Scribe
434 1163 555 1204 situm
586 1162 755 1204 Ostelae
785 1163 837 1202 ad
868 1162 1057 1242 Emdam,
1090 1161 1280 1203 Anticum
1311 1163 1383 1202 διο.
1423 1167 1463 1202 et
1495 1163 1608 1203 mitte
1640 1163 1842 1202 crastinae

48 1222 211 1278 eclipsis
240 1221 469 1264 observata.
1425 1221 1521 1262 Joh.
1551 1220 1722 1274 Καρίαν.

145 1292 340 1330 Proximo.
375 1301 461 1335 qnae
485 1291 548 1324 bn
584 1291 781 1324 subsecutae
811 1295 888 1322 sunt
922 1290 1037 1323 literae
1062 1290 1197 1332 Kepleri
1226 1291 1328 1323 datae
1353 1289 1845 1334 d.1.Aug.1607.1naxima

4 1356 9 1361 ·
46 1350 90 1375 ex
110 1343 206 1383 parte
228 1337 349 1372 Martis
371 1339 533 1371 theoriam
558 1338 713 1374 attinent,
738 1346 839 1379 quare
862 1337 924 1369 has
947 1337 1010 1369 hoc
1033 1338 1106 1370 loco
1129 1340 1431 1379 praetermittentes
1454 1340 1631 1370 nausimus
1650 1339 1693 1370 ad
1709 1339 1844 1371 ultimas

46 1397 69 1420 a
90 1386 238 1431 Koplm
260 1386 306 1419 nd
327 1386 514 1418 Fabricium
538 1385 635 1417 datas
660 1384 691 1416 d.
719 1383 774 1416 10.
799 1384 883 1416 Nov.
915 1382 1014 1420 1608,
1041 1395 1059 1416 e
1084 1386 1199 1426 quibus
1223 1395 1332 1426 pauca
1354 1385 1418 1418 huc
1446 1385 1622 1417 referenda
1645 1390 1734 1417 sunt.
1774 1386 1840 1417 Ini-

42 1434 128 1476 h'um
149 1432 367 1476 nqueo-iffi
390 1432 474 1464 facit
496 1432 541 1465 ad
562 1431 676 1464 litem
701 1431 842 1464 Fabricii
867 1432 900 1464 d.
925 1432 957 1463 d.
983 1430 1015 1462 2.
1043 1430 1134 1472 (12.)
1161 1431 1235 1464 Oct.
1265 1430 1372 1470 ¹608,
1404 1433 1439 1464 in
1464 1433 1580 1475 quibus
1603 1433 1694 1464 haud
1716 1442 1842 1505 paucas

45 1479 316 1523 m
339 1479 548 1523 quaestiones
574 1478 619 1511 ad
643 1478 855 1521 astrologiam
878 1479 1092 1520 pertinentes,
1118 1480 1283 1530 scribens:

23 1547 26 1550 ’
165 1538 290 1587 Quod
313 1545 503 1591 aspectus
533 1544 750 1590 operantur
779 1537 819 1577 in
850 1537 949 1590 ipsis
979 1529 1151 1590 punctiS‚
1184 1538 1236 1584 id,
1270 1537 1342 1586 ais,
1377 1550 1466 1577 esse
1498 1537 1685 1578 indicium
1715 1549 1841 1590 pecu-

44 1588 173 1639 neris
190 1594 450 1639 ordinationis
479 1596 571 1636 Dei.
634 1595 723 1643 Quo
754 1596 888 1636 verius
920 1596 1058 1636 dixisti
1088 1596 1406 1648 theologice,
1452 1596 1527 1636 hoc
1558 1597 1705 1638 minus
1719 1609 1841 1636 accu-

45 1664 136 1698 rate
166 1656 220 1697 nd
246 1656 486 1712 physicas
516 1656 640 1722 leges:
702 1655 804 1695 Levi
834 1655 1114 1695 emendatione
1154 1654 1279 1694 coibit
1320 1660 1391 1694 tua
1422 1655 1623 1694 sententia
1649 1668 1739 1696 cum
1767 1667 1841 1694 ve-

51 1715 184 1756 ritate.
256 1714 450 1755 Indicium
494 1720 557 1753 est
599 1714 801 1762 nimirum,
847 1726 924 1753 non
968 1726 1058 1753 esse
1098 1713 1346 1752 materialem
1396 1713 1689 1761 conditionem,
1740 1726 1840 1766 quae

50 1771 258 1843 ιὲᾗιξείνω
286 1771 547 1821 determinat,
580 1771 683 1812 sicut
714 1778 778 1812 est
808 1772 1028 1812 materialis
1059 1771 1260 1821 conditio,
1294 1784 1394 1824 quae
1427 1771 1666 1812 determinat
1698 1785 1843 1823 opera-

47 1827 200 1886 ,tionem
229 1828 333 1873 radii
353 1829 475 1879 Solis,
502 1804 656 1871 sdilicet
687 1837 798 1871 recta
830 1830 988 1882 objecta
1007 1831 1155 1870 Terrae
1182 1830 1425 1882 superficies.
1486 1831 1594 1871 Nam
1620 1843 1695 1882 quo
1716 1831 1843 1870 minus

46 1894 165 1936 recte
186 1889 347 1943 objecta
377 1894 441 1930 est
471 1889 607 1942 aliqua
638 1889 881 1942 superficies,
913 1890 987 1929 hoc
1007 1890 1137 1929 minus
1170 1890 1313 1928 efficax
1333 1895 1396 1928 est
1416 1889 1519 1928 ictus
1552 1890 1653 1929 radii
1675 1889 1843 1929 Solaris

45 1947 131 1990 Sed
145 1954 303 1990 eoum
334 1949 374 1989 iu
406 1948 658 2001 aspectibus,
703 1948 795 2000 quia
825 1961 900 1988 non
934 1948 1243 2000 aequiparantur
1280 1947 1338 1987 illi
1371 1947 1581 1987 continuae
1614 1947 1842 2000 quantitati,

46 2003 127 2047 sed
138 2007 288 2076 potius
324 2006 543 2054 discretae,
586 2019 664 2046 nou
702 2012 870 2058 agentes
907 2007 1037 2058 magis
1076 2012 1117 2046 et
1154 2006 1284 2046 minus
1320 2018 1392 2057 pro
1429 2006 1569 2058 majori
1606 2007 1670 2046 vel
1702 2007 1844 2046 minori

47 2055 304 2115 inclinatione
335 2065 499 2105 duorum
517 2065 729 2114 radiorum,
760 2065 850 2104 ideo
875 2065 1068 2112 indicant,
1102 2065 1231 2104 Deum
1252 2065 1459 2105 ordinasse
1479 2065 1697 2105 facultates
1718 2078 1842 2117 quas-

52 2123 156 2172 dam
171 2123 372 2175 animales
402 2123 443 2163 in
472 2122 536 2163 his
562 2123 712 2172 Terris,
742 2124 889 2164 mentis
921 2124 1211 2181 quodammodo
1242 2123 1461 2175 participes
1485 2124 1536 2163 ad
1567 2124 1844 2176 percipiendas

47 2181 314 2235 geometricas
346 2181 675 2234 pulchritudines,
709 2195 780 2221 seu
812 2183 933 2222 etiam
965 2182 1212 2235 quantitates
1233 2183 1445 2230 discretas,
1479 2182 1620 2234 quibus
1639 2183 1840 2234 perceptis

47 2239 160 2292 ipsae
191 2244 331 2280 esseut
359 2251 553 2291 operosae
585 2240 624 2279 in
658 2240 898 2280 exsudandis
928 2241 1156 2292 vaporibus.
1218 2241 1328 2280 Haec
1368 2246 1434 2280 est
1463 2239 1584 2291 igitur
1615 2241 1685 2280 illa
1715 2254 1840 2293 pecu-

8 2329 21 2341 ,
46 2298 157 2339 liaris
186 2297 265 2338 Dei
295 2297 504 2346 ordinatio,
539 2298 755 2338 facultates
785 2298 878 2338 illae
910 2305 1005 2338 suut
1034 2299 1230 2349 imagines
1254 2299 1343 2346 Dei,
1376 2298 1642 2350 percipientes
1674 2312 1839 2350 geome-

20 2347 194 2407 {trinam
221 2355 565 2408 pulchritudinem,
593 2360 638 2395 ut
666 2355 790 2396 Deus.

14 2415 37 2421 ”
60 2414 74 2422 ”’
104 2419 106 2422 ’
159 2419 309 2454 Deinde:
340 2414 599 2466 Astrologica
615 2413 831 2466 ἰιιιοῃίοἰεε
865 2414 929 2465 qui
949 2413 1114 2465 planeta
1145 2414 1195 2452 ab
1227 2413 1306 2452 alio
1325 2415 1515 2465 patiatur,
1551 2427 1600 2453 an
1628 2415 1692 2466 qui
1712 2414 1840 2455 minor

32 2456 105 2513 οι
116 2472 337 2522 obscurior,
370 2486 420 2512 an
451 2485 547 2512 vero
579 2472 644 2524 qui
674 2472 863 2512 inferior?
921 2471 1010 2523 Ego
1042 2471 1303 2523 astrologiam
1333 2471 1437 2511 inter
1468 2473 1685 2511 facultates
1706 2478 1837 2513 terre-

4 2535 151 2588 ‚fistres
182 2544 363 2592 exerceo.
432 2531 478 2571 In
512 2531 623 2570 coelo
654 2531 764 2570 nulla
795 2537 858 2570 est
886 2535 1022 2569 mutua
1052 2530 1202 2581 passio,
1236 2530 1309 2569 sed
1339 2529 1379 2569 in
1400 2530 1660 2581 imaginativa
1680 2518 1838 2571 occulta

1 2566 305 2637 nssnascentium.
367 2588 451 2630 Sed
481 2588 643 2641 propius
681 2589 732 2628 ad
762 2588 958 2640 principia
989 2588 1247 2640 astrologica.
1310 2586 1609 2640 Significatoris'
1640 2595 1704 2628 est
1735 2589 1835 2642 pati,

43 2648 297 2698 promissoris
328 2660 463 2700 agere.
522 2647 632 2699 Ergo
664 2659 752 2687 cum
782 2647 822 2686 in
854 2646 1001 2686 saniori
1032 2647 1253 2698 astrologia
1283 2646 1573 2698 significatores
1613 2647 1709 2686 nulli
1741 2648 1834 2692 siut,

0 2704 120 2746 ‘vuiti
150 2705 240 2755 Sol,
284 2707 418 2754 Luna,
458 2706 632 2746 medium
662 2705 781 2751 coeli,
827 2705 1067 2754 ascendens,
1098 2705 1173 2744 soli
1204 2705 1324 2756 igitur
1360 2705 1401 2743 hi
1431 2706 1646 2772 patientur.
1708 2705 1835 2746 Simul

0 2753 174 2805 &limen
205 2769 248 2804 et-
277 2764 350 2805 Sol
381 2770 424 2805 et
453 2765 570 2805 Luna
601 2769 723 2816 agent
752 2764 791 2803 in
823 2764 1107 2803 ascendentem
1137 2769 1178 2802 et
1208 2763 1379 2837 medium
1411 2764 1532 2809 coeli,
1566 2763 1658 2815 quia
1690 2763 1762 2805 Sol
1793 2772 1835 2805 et

0 2820 158 2863 *ahma
186 2827 281 2863 sunt
310 2823 435 2863 etiam
461 2823 740 2875 promissores.

0 2886 39 2911 ἐ·
132 2886 286 2935 nunqu·
308 2893 459 2926 Fabricio
484 2891 734 2936 „px-egumia*
760 2892 887 2933 petenti
911 2892 1065 2928 nunciat,
1090 2900 1133 2923 ea
1169 2890 1371 2923 conscribere
1402 2900 1438 2922 se
1473 2891 1684 2924 intermisisse
1710 2892 1830 2936 (comp.

0 2935 280 3030 gauzitano
302 2997 502 3030 Fabricii
524 2997 640 3029 literae
665 2995 905 3038 adKeplerum
929 2995 1029 3028 datae
1053 2999 1131 3026 sunt
1153 2995 1185 3027 d.
1214 2994 1267 3026 12.
1296 2993 1501 3035 (²2.)Mart.
1530 2994 1632 3033 1609,
1659 3006 1677 3029 e
1702 2999 1827 3039 quibus,

0 3041 369 3090 “sthi-literarum
384 3045 570 3080 commercii
584 3044 684 3077 finem
697 3044 871 3078 faciamus.
894 3041 979 3074 haec
995 3051 1106 3086 pauca
1122 3042 1352 3075 desumsimus:
1378 3052 1451 3085 ego,
1468 3044 1584 3086 inquit,
1610 3048 1702 3086 puto.
1719 3045 1828 3079 Deum
