2028 3242
173 81 259 124 372
734 82 867 113 Literae
892 81 1028 122 Kepleri
1053 81 1252 123 aliorumque
1278 86 1412 113 mutuae

172 193 385 240 portunum
431 186 509 238 ipsi
553 186 630 225 fuit
675 185 724 225 de
756 186 891 226 mundi
929 186 1148 240 archetypo
1181 186 1384 238 cogitare,
1403 187 1495 238 xqui
1527 192 1590 228 est
1619 186 1660 227 in
1692 183 1912 238 geometria
1942 188 1985 223 et

172 246 404 287 nominatim
439 246 476 284 in
497 244 679 294 Euclide,
713 245 951 298 philosopho
984 250 1046 285 ter
1065 245 1253 285 maximo.
1304 244 1432 284 Nobis
1458 250 1632 295 constat,
1665 249 1844 286 creatum
1864 254 1981 283 mnn-

171 306 262 346 dum
296 310 337 345 et
363 309 593 356 quantum
626 304 803 353 factum3
836 304 1106 357 geometricae
1126 305 1276 357 figurae
1310 304 1366 352 (h.
1389 317 1423 345 e.
1457 302 1857 357 quantitativae)
1888 306 1983 342 sunt

171 365 280 405 entia
323 363 506 404 rationis.
569 363 693 403 Ratio
738 369 914 404 aeterna.
978 363 1087 416 Ergo
1134 364 1283 416 figurae
1329 364 1598 415 geometricae
1641 368 1736 404 sunt
1778 366 1981 407 aeternae,

169 436 314 476 nempe
348 423 398 463 ab
431 427 595 463 aeterno
627 434 763 463 verum
796 428 884 463 erat
915 423 955 462 in
987 428 1120 463 mente
1151 423 1248 472 Dei,
1290 422 1430 462 lateris
1471 422 1711 475 tetragonici
1744 420 1982 474 quadratum

169 497 203 523 e.
227 496 283 536 gr.
313 495 402 523 esse
436 482 638 522 dimidium
672 481 719 521 de
742 483 937 534 quadrato
959 482 1157 522 diametri.
1214 481 1324 533 Ergo
1357 487 1539 534 quanta
1569 486 1664 523 sunt
1682 479 1817 521 mundi
1835 478 1980 520 arche-

168 548 303 596 typus,
368 541 413 582 Si
445 541 556 580 Deus
589 540 875 593 ἐγεωμετρησεν
914 542 1019 580 inter
1057 541 1290 590 creandum,
1339 546 1379 580 et
1411 541 1606 582 animales
1638 540 1857 581 facultates
1888 542 1983 578 sunt

169 600 415 654 exemplaria
434 600 532 649 Dei;
566 601 780 640 secundum
815 600 933 640 illud:
969 600 1259 649 „Praesentem
1286 599 1411 640 refert
1438 601 1643 653 quaelibet
1661 598 1787 640 herba
1805 596 1982 645 Deum,“

167 673 261 713 ergo
307 666 347 701 et
391 659 585 700 animales
630 659 847 699 facultates
885 673 1174 711 γεωμετρουσι,
1220 659 1314 698 dum
1360 659 1402 699 id
1434 672 1532 712 opus
1564 660 1822 706 continuant,
1869 655 1981 707 cujus

168 720 299 772 operis
343 719 493 759 creatio
541 718 636 758 fecit
678 718 844 758 initium.
907 718 991 758 Sed
1023 719 1125 758 satis
1169 719 1217 757 de
1250 718 1311 757 his
1343 717 1383 758 in
1415 719 1699 771 disputatione.
1762 712 1982 757 Confirmat

168 778 302 819 autem
334 791 417 818 rem
451 777 655 817 musica.
718 777 841 817 Dicat
872 777 968 817 mihi
1001 778 1088 830 quis
1110 790 1275 817 causam
1295 777 1415 817 aliam
1449 785 1678 826 concentus,
1713 789 1782 818 cur
1803 779 1980 815 διαπεπε

169 839 355 885 delectet,
391 836 434 876 δι’
457 834 554 876 ἑπτα
587 836 764 876 offendat
795 849 926 884 aures,
961 848 1080 888 quam
1112 837 1214 876 hanc
1246 836 1389 888 ipsam,
1425 849 1543 889 quam
1569 849 1644 889 ego
1665 836 1767 884 dico,
1801 845 1978 875 commu-

166 910 256 937 nem
287 896 462 937 musicae
497 901 538 935 et
569 896 816 947 aspectibus.
880 895 963 936 Sed
995 896 1220 948 supplenda
1251 895 1314 935 hic
1347 895 1524 936 definitio
1548 896 1750 936 rationum
1775 891 1979 934 harmoni-

167 969 301 996 carum
333 968 383 996 ex
414 954 679 1004 harmonicis,
725 959 769 995 ut
809 955 974 1003 videas,
1023 968 1112 995 esse
1144 950 1302 995 tantum
1334 960 1438 996 octo.
1501 955 1624 995 Ratio
1657 952 1886 995 harmonica
1916 955 1981 990 est

163 1016 266 1056 ratio
304 1015 508 1067 perfecta,
554 1014 684 1054 solida
728 1019 769 1054 et
805 1027 910 1054 nexa
946 1028 970 1054 a
1007 1014 1163 1055 ratione
1205 1014 1477 1067 aequalitatis.
1540 1014 1731 1055 Perfecta
1771 1011 1878 1053 ratio
1912 1014 1978 1050 est

164 1076 268 1115 inter
299 1074 492 1114 terminos
523 1073 739 1126 perfectos.
803 1073 979 1113 Termini
1010 1074 1181 1126 perfecti
1213 1078 1307 1113 sunt
1333 1074 1485 1114 numeri
1504 1073 1716 1126 figurarum
1735 1069 1978 1124 regularium

164 1133 553 1181 demonstrabilium,
600 1133 638 1172 h.
674 1145 708 1172 e.
749 1145 915 1184 quarum
953 1133 1082 1173 latera
1126 1133 1190 1172 vel
1221 1147 1321 1173 κατα
1351 1147 1475 1184 μηκος
1518 1129 1582 1173 v'el
1613 1147 1714 1174 κατα
1744 1132 1892 1176 πλατος
1916 1142 1978 1168 και

167 1206 478 1245 τετραγωνισμον
511 1193 572 1239 (et
603 1192 678 1232 hoc
709 1192 774 1231 vel
808 1188 955 1241 ἄπλοος,
988 1193 1051 1233 vel
1082 1195 1316 1244 προσθεσει,
1348 1193 1414 1232 vel
1444 1191 1654 1244 ἀφαιρεσει
1686 1190 1853 1232 alterius
1875 1201 1977 1241 qua-

168 1253 273 1292 drati
305 1252 390 1292 noti
422 1267 484 1292 και
510 1247 644 1303 ῥητου,
678 1255 719 1290 et
750 1252 1015 1303 completione
1047 1252 1231 1302 figurae),
1266 1257 1360 1291 sunt
1391 1251 1680 1302 comparabilia
1711 1262 1798 1292 cum
1820 1248 1975 1289 diame-

166 1317 228 1352 tro
273 1311 421 1352 circuli.
492 1312 602 1357 (Nota
627 1316 765 1358 Kepleri
789 1317 822 1348 in
847 1318 1020 1360 margine:
1065 1318 1161 1354 Huic
1195 1317 1497 1364 contemplationi
1533 1318 1759 1353 diversorum
1795 1316 1977 1362 graduum

165 1376 447 1422 comparationis
468 1376 626 1412 laterum
645 1388 724 1412 cum
738 1377 916 1412 diametro
936 1378 1061 1413 circuli
1073 1378 1312 1423 peculiariter
1325 1379 1525 1424 deputatus
1539 1382 1598 1413 est
1609 1377 1704 1412 liber
1715 1376 1764 1411 X.
1778 1368 1974 1417 Euclidis.)

165 1430 271 1469 Nam
304 1430 550 1480 comparatio
584 1435 647 1469 est
676 1431 933 1480 mensuratio,
967 1443 1196 1471 mensurare
1230 1437 1293 1470 est
1322 1431 1450 1479 scire,·
1483 1430 1625 1470 infiniti
1651 1429 1762 1469 nulla
1789 1437 1977 1485 mensura

165 1489 229 1527 vel
263 1488 444 1529 scientia.
509 1489 748 1540 Septanguli
780 1489 904 1536 latus,
938 1496 984 1530 ut
1016 1495 1057 1529 et
1087 1490 1321 1541 nonanguli,
1358 1488 1650 1541 undecanguli,
1683 1483 1972 1537 tredecanguli,

168 1547 323 1599 fugiunt
354 1560 490 1587 omnes
524 1548 804 1600 aequationeS,
851 1549 944 1601 quia
974 1549 1151 1600 ipsorum
1189 1549 1388 1589 certitudo
1422 1547 1682 1600 longitudinis
1715 1544 1905 1586 consistit
1934 1541 1975 1581 in

163 1606 374 1655 infinitate,
409 1619 508 1659 quae
541 1608 772 1655 mensurari,
809 1608 914 1656 sciri,
946 1608 1146 1660 permeari
1179 1611 1436 1659 non-potest,
1472 1620 1518 1647 eo
1550 1607 1638 1660 ipso'
1670 1619 1719 1646 ne
1750 1603 1977 1657 implicetur

165 1665 442 1706 contradictio.
506 1666 569 1706 Ex
602 1667 676 1706 hac
710 1666 862 1718 origine
896 1668 1182 1707 consistentiae
1224 1667 1263 1707 in
1296 1667 1505 1707 infinitate,
1530 1666 1709 1720 sequitur
1738 1664 1778 1704 in
1809 1673 1975 1716 geome-

163 1725 267 1765 trica
299 1739 641 1774 σωματοποιησει,
687 1727 791 1778 quod
829 1739 956 1778 neque
990 1732 1151 1776 coeant,
1197 1739 1323 1779 neque
1362 1726 1466 1766 inter
1509 1739 1552 1766 se
1596 1736 1723 1778 neque
1767 1735 1856 1764 cum
1887 1720 1976 1761 aliis

164 1785 416 1833 coeuntibus,
460 1797 586 1837 neque
620 1786 671 1824 ad
704 1786 961 1825 sternendam
992 1785 1201 1839 planitiem
1235 1798 1360 1837 neque
1393 1786 1445 1825 ad
1471 1785 1734 1826 claudendum
1754 1783 1885 1823 locum
1905 1793 1975 1821 so-

167 1844 301 1883 lidum.
354 1843 626 1894 Triangulum,
658 1844 985 1896 quadrangulum,
1024 1845 1371 1897 quinquangulum,
1394 1845 1668 1897 sexangulum,
1705 1840 1973 1894 octangulum,

164 1902 450 1954 decangulum,
484 1915 556 1954 pes
590 1908 766 1952 truttae,
802 1909 955 1952 crates,
990 1905 1147 1955 aliaque
1181 1904 1426 1956 decangula,
1461 1909 1607 1943 coeunt
1637 1902 1747 1943 varie
1779 1901 1884 1941 inter
1915 1912 1972 1947 se,

163 1962 228 2001 vel
271 1974 359 2001 cum
404 1961 479 2001 sibi
513 1961 709 2003 similibus
754 1963 818 2002 vel
856 1975 943 2002 cum
984 1963 1125 2010 sociis;
1172 1963 1230 2002 uti
1272 1968 1404 2003 crates
1438 1963 1560 2002 etiam
1599 1962 1706 2001 inter
1737 1973 1782 2000 se
1813 1963 1972 2006 coeunt,

164 2020 235 2060 sed
266 2020 391 2067 hiant,
427 2033 504 2060 non
537 2021 708 2073 undique
742 2021 990 2061 soliditatem
1022 2021 1213 2061 claudunt
1245 2022 1315 2061 &c.
1378 2022 1521 2074 Itaque
1554 2021 1690 2061 invitis
1723 2019 1848 2059 etiam
1878 2017 1972 2071 phi-

160 2078 339 2131 losophis
371 2078 557 2131 ingerunt
590 2093 678 2120 sese
710 2092 780 2132 pro
815 2081 1043 2133 archetypis
1077 2080 1312 2126 creationis,
1352 2081 1444 2133 quia
1475 2086 1517 2120 et
1546 2080 1638 2133 ipsa
1667 2080 1775 2119 intra
1805 2089 1972 2130 geome-

160 2138 262 2178 triae
295 2137 442 2177 limites
475 2139 719 2179 creationem
740 2139 915 2192 aliquam
948 2139 1243 2180 administrant.
1307 2139 1364 2180 Et
1384 2140 1434 2180 ab
1454 2140 1531 2180 hac
1554 2139 1726 2180 coitione
1748 2136 1973 2178 definissem

160 2197 365 2249 perfectas
398 2195 557 2249 figuras,
592 2198 668 2238 nisi
694 2199 776 2238 ‘duo
809 2199 1062 2239 rhomborum
1089 2212 1238 2251 genera
1259 2199 1381 2239 etiam
1408 2199 1572 2248 coirent,
1607 2210 1707 2251 quae
1732 2196 1973 2249 irregulares

161 2257 310 2308 figurae
344 2261 437 2296 sunt
469 2257 615 2297 circulo
653 2271 730 2298 non
764 2262 883 2311 aptae
895 2271 907 2307 3
959 2271 1031 2298 nos
1070 2271 1164 2298 vero
1203 2258 1350 2298 circulo
1388 2258 1610 2311 indigemus
1649 2257 1701 2297 ad
1739 2256 1973 2308 angulorum

102 2327 108 2331 ’
161 2315 511 2356 mensurationem.
575 2317 684 2362 (Nota
708 2322 742 2354 in
767 2330 893 2366 marg.:
919 2317 1195 2370 Proprietates
1228 2318 1368 2358 harum
1399 2319 1610 2370 figurarum
1642 2320 1791 2368 cogunt
1814 2313 1973 2367 quidem

162 2374 335 2427 aliquam
368 2375 656 2427 longitudinem
686 2381 861 2422 certam,
896 2378 967 2416 sed
1000 2390 1200 2429 expensae
1233 2383 1378 2430 petunt
1407 2376 1644 2429 principium
1675 2375 1715 2415 in
1746 2372 1968 2415 ratiocina-

162 2433 282 2474 tione.
347 2432 392 2474 Si
425 2434 511 2487 quis
544 2435 712 2474 haberet
743 2436 850 2475 latus
883 2436 1124 2488 septanguli‚
1157 2437 1255 2476 illud
1288 2437 1387 2476 haec
1420 2442 1460 2476 et
1491 2436 1561 2476 illa
1596 2438 1838 2487 praestaret.
1888 2430 1972 2471 Sed

160 2505 275 2532 nemo
307 2506 479 2546 unquam
510 2495 574 2534 vel
606 2493 643 2533 in
678 2494 832 2542 charta,
865 2496 930 2535 vel
961 2496 1000 2535 in
1033 2495 1219 2544 numeris,
1253 2495 1318 2534 vel
1350 2494 1388 2535 in
1420 2499 1553 2535 mente
1579 2492 1720 2534 habuit
1749 2492 1970 2545 perfectum
2026 2535 2028 2537 ¹

160 2552 268 2592 latus
301 2553 548 2604 septanguli3
582 2566 660 2592 non
693 2554 778 2605 ipse
811 2554 934 2603 Deus,
971 2555 1063 2606 quia
1095 2555 1180 2606 ejus
1214 2555 1394 2594 essentia
1423 2554 1462 2594 in
1495 2554 1570 2593 hoc
1590 2551 1788 2599 consistit,
1821 2555 1867 2590 ut
1891 2561 1970 2589 non

159 2609 299 2650 haberi
331 2612 461 2662 possit
492 2618 637 2653 mente.
704 2612 858 2652 Contra
892 2613 940 2653 de
973 2613 1290 2666 quinquangulo,
1337 2613 1404 2654 ubi
1444 2611 1664 2665 geometria
1696 2609 1850 2659 definit,
1895 2609 1970 2648 hoc

161 2682 250 2709 esse
283 2670 389 2709 latus
410 2671 704 2724 quinquanguli,
740 2672 848 2724 eujus
871 2673 1108 2725 quadratum
1129 2671 1378 2725 componitur
1398 2685 1448 2711 ex
1467 2671 1662 2724 quadrato
1682 2668 1968 2709 semidiametri
2021 2691 2023 2694 ⁴

161 2732 203 2767 et
234 2729 428 2779 quadrato
456 2730 541 2782 ejus
567 2731 695 2782 partis
720 2731 882 2783 majoris
915 2731 973 2779 (in
995 2731 1171 2771 sectione
1193 2732 1408 2772 secundum
1429 2735 1608 2770 extrema
1628 2733 1671 2769 et
1687 2728 1852 2777 media).
1900 2727 1967 2768 Uti

163 2791 204 2825 et
225 2788 552 2838 quemadmodum
579 2790 875 2830 semidiameter
907 2796 948 2830 et
977 2803 1072 2843 pars
1105 2790 1391 2831 semidiametri
1422 2789 1548 2841 major
1578 2790 1618 2828 in
1649 2787 1827 2831 sectione
1859 2787 1968 2828 dicta

162 2846 401 2896 geometrice
423 2847 578 2897 dantur,
601 2849 660 2889 ita
679 2850 906 2902 septanguli
927 2850 1030 2890 latus
1052 2849 1235 2901 potentia
1255 2855 1318 2889 est
1340 2849 1378 2888 in
1399 2849 1518 2900 plano
1538 2846 1685 2896 circuli,
1707 2847 1746 2886 h.
1769 2861 1804 2888 e.
1830 2853 1968 2900 potest
2026 2875 2028 2880 ι

160 2904 199 2943 in
233 2917 278 2943 eo
313 2905 517 2954 delineari,
551 2909 622 2947 sed
653 2921 728 2948 non
761 2914 899 2961 potest
930 2921 1103 2960 unquam
1134 2914 1325 2961 punctum
1355 2907 1525 2956 ostendi,
1560 2907 1599 2946 in
1620 2919 1696 2959 quo
1716 2906 1964 2947 terminetur.
2027 2905 2028 2908 ’

161 2963 248 3002 Nee
281 2963 478 3016 sequitur:
512 2966 609 3006 illud
642 2973 792 3019 potest,
828 2980 922 3020 ergo
955 2968 1028 3007 hoc
1048 2973 1185 3019 potest
1211 2968 1347 3007 etiam.
1399 2967 1505 3007 Nam
1537 2966 1587 3005 ab
1619 2978 1728 3006 esse
1762 2967 1813 3006 ad
1845 2966 1964 3006 sciri

162 3034 241 3061 non
274 3022 466 3075 sequitur.
531 3024 635 3065 Sunt
667 3027 820 3067 infinita
850 3032 999 3080 puncta
1031 3026 1069 3065 in
1103 3026 1221 3076 linea,
1254 3030 1298 3065 at
1328 3038 1407 3066 non
1428 3025 1606 3065 sciuntur
1628 3024 1783 3065 infinita
1802 3030 1963 3078 puncta,

162 3086 418 3121 numerentur
457 3083 560 3123 enim
599 3089 640 3124 et
671 3086 728 3126 sic
759 3085 873 3124 finita
905 3090 1053 3125 essent.
1116 3085 1196 3125 Est
1226 3084 1349 3136 igitur
1381 3083 1603 3136 speculatio
1636 3083 1699 3123 hic
1730 3083 1964 3136 profundis-
