1982 3268
87 0 115 62 Ᾰ
165 58 169 61 ¹
340 45 342 47 ,
351 45 375 86 J
439 35 452 72 Ι
561 16 584 61 gf*
696 33 702 39 =
740 0 777 60 fl
841 53 851 60 ,
892 6 933 45 ἃ
982 30 994 54 ,ι
1081 6 1279 67 ,ἐς”“““ἶζ“““
1325 34 1348 63 χ
1739 0 1775 15 ’ν
1916 1 1952 12 κ

159 66 167 103 3¹
209 78 219 98 s
237 78 265 86 ⁴..
318 80 335 89 ι,
372 66 443 102 >2³32
470 70 520 87 τω
549 65 697 90 01³2-sz
715 76 734 105 f,
761 67 779 79 ν
855 62 924 89 sv-
980 58 1205 102 ³‘)⁴²&¹„j5,1'2'r⁵**l
1228 65 1294 86 x»,
1348 67 1355 95 ’ἓ

97 107 183 156 100
340 92 360 158 's
686 111 724 143 In
750 89 991 144 deffinitionem
1018 95 1171 143 editidnis
1197 111 1310 152 prioris

573 252 634 293 IN
666 250 1100 294 DEDICATIONEM
1131 250 1438 299 ANTIQUAM

797 333 950 366 NOTAE
977 332 1214 367 Ancroms.

200 404 239 450 a)
267 409 375 442 Anno
409 405 526 447 1595,
568 405 626 441 die
662 407 698 443 9.
737 404 839 451 (19.)
876 406 965 442 Julii
1005 406 1182 452 postridie
1210 405 1349 441 natalis
1387 405 1515 440 decimi
1541 404 1663 440 octavi
1691 405 1911 441 serenissimi

93 459 310 496 Ferdinandi
329 459 561 500 Archiducis,
592 460 746 496 Roman.
768 472 865 495 nunc
884 460 1118 506 Imperatoris
1139 460 1314 506 Augusti,
1345 459 1636 505 Hungariaeque
1654 463 1695 493 et
1713 459 1912 494 Bohemiae

93 514 212 561 regis:
243 512 345 558 cujus
375 513 412 547 in
441 513 577 548 ditione
606 513 832 549 hereditaria
849 513 975 559 Styria
1003 517 1091 548 tunc
1110 514 1295 548 merebam
1325 512 1527 558 stipendia,
1559 511 1679 546 inveni
1704 512 1774 547 hoc
1793 513 1912 548 secre-

93 573 188 603 tum:
231 566 431 612 statimque
467 567 514 600 ad
541 566 633 600 illud
661 567 903 602 excolendum
941 577 1161 607 conversus,
1201 566 1350 601 Octobri
1380 570 1576 612 sequente,
1619 565 1656 600 in
1684 565 1912 601 dedicatione

93 619 319 667 prognostici
348 619 606 660 anniversarii,
649 622 744 666 quod
773 625 856 654 erat
883 631 933 654 ex
961 620 1078 654 officio
1108 619 1348 660 scribendum,
1379 619 1573 654 editionem
1601 618 1719 654 libelli
1747 618 1908 665 promisi,

94 679 137 709 ut
164 673 410 720 significarem
443 673 608 718 publice,
652 684 760 719 quam
799 672 927 719 gravis
965 672 1054 708 mihi
1081 673 1354 718 philosophiam
1389 672 1529 708 amanti
1558 677 1660 707 esset
1687 671 1763 708 ista
1791 672 1914 717 conje-

95 726 218 763 ctandi
245 725 460 761 necessitas.
515 726 578 760 Ex
606 738 648 760 eo
677 727 864 771 profectus
893 725 931 760 in
950 726 1288 772 Wirtembergiam,
1322 726 1419 761 inter
1447 725 1648 760 domestica
1676 725 1831 772 negotia
1859 725 1912 760 ni-

95 781 150 816 hil
179 790 297 826 aeque
325 778 431 824 pensi
458 778 591 820 habui,
622 790 666 814 ac
695 779 892 815 editionem
919 779 1058 820 libelli,
1090 790 1185 825 quae
1213 779 1301 814 mihi
1323 779 1538 824 juvenculo,
1568 778 1674 813 nulla
1700 778 1913 814 eruditionis

96 835 197 869 fama
223 832 383 879 publica,
413 832 662 879 typographis
692 833 761 868 sibi
790 834 833 867 de
863 834 993 868 damno
1022 832 1280 874 metuentibus,
1310 832 1504 878 plurimum
1529 831 1700 867 exhibuit
1726 831 1916 867 molestia-

96 898 192 922 rum:
234 890 272 920 et
301 888 410 920 erant
437 885 498 931 qui
534 886 784 935 flbssssrdlssass‘i„
807 885 895 920 moti
937 887 982 920 do
1013 885 1120 921 matis
1157 886 1400 931 Copernicani
1437 884 1632 920 conatibus
1673 885 1761 920 meis
1803 885 1915 920 inter-

56 973 60 977 .
98 941 282 976 cederent.
338 939 469 983 Itaque
497 933 640 984 scripta
667 897 1550 984 dedicatiofiffss'taifflij‘fflajfffiardiae,
1583 942 1670 983 post
1698 940 1789 974 duos
1817 949 1916 973 men·

98 1005 156 1029 ses
183 1003 352 1028 reversus
382 1002 460 1026 sum
488 991 526 1026 in
553 991 727 1037 Styriam,
755 992 889 1028 relicta
917 992 1115 1027 Maestlino
1143 992 1378 1038 praeceptori
1404 1004 1485 1027 meo
1513 990 1684 1026 editionis
1713 992 1802 1027 cura
1820 1003 1917 1037 pene

98 1048 309 1092 desperata.
365 1045 434 1079 Ille
461 1055 548 1079 vero
579 1046 624 1079 ad
654 1047 922 1087 exornandum,
957 1047 1277 1081 commendandum
1306 1050 1345 1080 et
1373 1045 1470 1080 inter
1496 1044 1662 1080 homines
1690 1046 1917 1092 vulgandum

99 1099 330 1145 opusculum,
373 1099 468 1143 quod
497 1098 640 1144 ingenti
669 1110 748 1133 cum
782 1098 1038 1145 gratulatione
1079 1098 1233 1144 primum
1262 1103 1486 1144 aspexerat,
1530 1097 1621 1132 nihil
1650 1098 1739 1133 fecit
1766 1098 1916 1143 reliqui:

100 1152 328 1198 perfecitque
355 1151 555 1196 prudentia
582 1156 621 1185 et
649 1151 830 1187 industria
858 1162 937 1192 sua,
969 1156 1011 1185 ut
1038 1152 1188 1187 libellus
1217 1153 1366 1187 tandem
1393 1153 1565 1186 ederetur
1592 1151 1663 1186 fine
1694 1151 1780 1187 anni
1804 1151 1915 1191 1596,

100 1210 140 1241 et
167 1203 405 1251 sequentibus
434 1204 603 1239 nundinis
632 1205 843 1240 vernalibus
874 1204 960 1239 anni
994 1204 1092 1239 1597
1123 1205 1297 1252 catangn
1327 1204 1625 1240 Francofurtensi
1669 1204 1914 1240 insereretur:

98 1260 187 1294 duro
217 1256 370 1293 nominis
398 1257 469 1292 mei
499 1257 595 1298 fato;
637 1269 722 1293 nam
760 1270 828 1304 pro
856 1258 1021 1302 Keplero
1062 1256 1329 1302 expresserunt
1355 1258 1549 1303 Repleum.
1608 1257 1687 1297 Quo
1718 1257 1800 1304 ipso
1828 1261 1919 1297 tem÷

97 1311 204 1358 pore,
246 1311 431 1356 flagrante
472 1311 571 1345 bello
600 1311 815 1358 Hungarico
856 1322 937 1346 cum
965 1311 1110 1352 Turcis,
1150 1312 1194 1345 de
1235 1311 1430 1356 provinciis
1459 1310 1658 1346 limitaneis
1689 1310 1919 1346 Ferdinando

95 1364 222 1400 heredi
262 1363 447 1399 tradendis
489 1364 612 1399 arduis
661 1363 987 1400 deliberationibus
1042 1368 1183 1406 actum,
1240 1364 1375 1410 quippe
1426 1364 1570 1399 exactis
1622 1364 1727 1399 annis
1769 1363 1914 1400 heredis

100 1417 341 1453 tutelaribus.

208 1471 297 1506 Cum
325 1469 441 1515 igitur
470 1480 576 1504 casus
606 1470 769 1516 quidam,
801 1470 934 1516 oppido
964 1481 1073 1516 quam
1102 1470 1274 1515 pulcher,
1312 1469 1419 1504 initia
1446 1469 1738 1515 speculationum
1765 1469 1921 1504 istarum

101 1535 181 1559 cum
208 1522 488 1570 gubernationis
512 1523 804 1558 Ferdinandinae
836 1523 1040 1569 primordiis
1072 1523 1333 1563 connexuerit;
1364 1522 1443 1568 quis
1462 1526 1565 1557 vetet
1590 1521 1701 1556 etiam
1732 1533 1921 1558 successus

99 1577 260 1623 reliquos
290 1577 600 1610 commemorando
630 1576 801 1622 exsequi:
843 1578 939 1611 unde
966 1577 1055 1611 fides
1091 1576 1253 1611 firmetur
1288 1575 1367 1621 spei
1397 1575 1558 1620 optimae
1586 1575 1719 1620 plena,
1758 1587 1831 1610 non
1861 1585 1920 1610 ca-

102 1641 181 1665 sum
209 1640 368 1670 caecum,
399 1630 463 1663 sed
490 1628 639 1675 genium
666 1629 1022 1674 perspicacissimum
1051 1633 1091 1663 et
1108 1629 1432 1675 vigilantissimum
1451 1628 1577 1670 fuisse,
1608 1628 1667 1674 qui
1694 1628 1791 1663 hanc
1809 1628 1922 1664 vitem

89 1681 727 1735 inbellQnQfflesssmeptf-fm
755 1683 861 1717 ulmis
891 1681 1487 1770 illisjnhlinthts-leffiit-

207 1735 356 1770 Etenim
385 1734 523 1769 factum
551 1740 610 1769 est
637 1728 1083 1780 5110*T13§6·'a*11'515'‘1597‚
1116 1740 1158 1770 ut
1187 1736 1312 1781 Tycho
1341 1736 1416 1770 Bra
1444 1732 1530 1776 eus,
1560 1734 1616 1769 vir
1643 1733 1781 1769 illustri
1809 1738 1921 1770 stem·

104 1793 203 1824 mate
231 1788 372 1824 Danico
400 1792 628 1834 prognatus,
666 1788 897 1834 consiliisque
926 1789 1192 1823 restaurandae
1222 1788 1468 1834 astronomiae
1497 1787 1678 1833 susceptis
1707 1784 1922 1823 celebratis-

106 1843 228 1883 simus,
259 1852 439 1881 successu‚
471 1842 591 1886 quoad
618 1841 729 1882 vixit,
761 1841 1010 1883 felicissimus,
1043 1846 1086 1876 ut
1112 1841 1171 1875 hic
1201 1841 1348 1887 inquam
1374 1841 1500 1876 Dania
1527 1841 1654 1886 patria
1681 1840 1815 1876 relicta
1842 1851 1923 1876 cum

104 1895 199 1930 omni
231 1898 415 1940 apparatu
445 1894 687 1929 astronomico
717 1894 896 1929 transiret
930 1894 967 1928 in
997 1894 1242 1929 Germaniam.
1301 1895 1390 1929 Cum
1429 1899 1554 1929 aut-em
1581 1893 1691 1939 hujus
1721 1893 1789 1929 viri
1817 1893 1922 1930 insti·

103 1952 189 1983 tuta
207 1947 295 1982 mihi
323 1958 372 1981 ex
399 1947 523 1981 relatu
552 1951 590 1981 et
617 1947 928 1993 praelectionibus
948 1947 1137 1983 Maestlini
1167 1949 1299 1982 dudum
1325 1951 1451 1982 essent
1470 1950 1571 1988 nota,
1602 1958 1680 1981 cum
1704 1946 1924 1982 mentionem
1974 1978 1977 1980 Α

103 2001 204 2036 illius
232 2004 275 2035 ut
305 1999 430 2034 summi
459 1999 607 2034 artificis
636 2000 774 2045 passim
801 2001 838 2035 in
866 2000 946 2046 ipso
975 2000 1103 2035 libello
1133 2000 1323 2035 fecissem:
1357 2000 1551 2045 pulchrum
1580 2011 1807 2046 aequumque
1835 2000 1922 2035 mihi

106 2054 224 2089 visum
252 2057 327 2094 est,
369 2052 523 2097 primum
562 2059 673 2099 atque
708 2053 875 2088 libellum
903 2065 1020 2088 meum
1063 2054 1239 2100 catalogo
1270 2053 1567 2088 Francofurtensi
1609 2053 1786 2088 insertum
1821 2053 1922 2094 scivi,
1955 2048 1959 2050 ἡ

107 2107 205 2142 inter
242 2110 383 2141 ceteros
416 2106 623 2140 matheseos
652 2107 879 2151 professores
918 2107 1030 2141 etiam
1059 2107 1279 2152 Tychonem,
1322 2110 1364 2141 ut
1393 2106 1696 2153 antesignanum,
1733 2107 1924 2142 consulere

107 2171 218 2205 super
246 2158 402 2194 materia
431 2159 565 2199 libelli,
609 2170 715 2204 quam
745 2171 824 2194 cum
865 2160 1012 2205 proprio
1062 2164 1138 2194 tum
1167 2159 1356 2194 Maestlini
1392 2159 1531 2204 judicio
1576 2159 1724 2194 maximi
1753 2159 1925 2195 momenti

105 2225 183 2247 rem
211 2224 293 2246 esse
322 2213 441 2246 rebar.
497 2213 548 2247 Et
576 2213 687 2246 ceteri
717 2213 860 2258 quidem
888 2218 1030 2258 promte
1061 2214 1344 2257 responderunt,
1383 2212 1575 2247 Galilaeus
1604 2213 1780 2254 Patavio,
1813 2214 1923 2249 Ursus

106 2267 243 2311 Praga,
273 2265 468 2299 Limnaeus
497 2267 609 2299 Jena:
637 2262 684 2310 ²⁸)
715 2267 761 2300 ad
781 2266 990 2311 Tychonem
1018 2277 1103 2300 vero
1133 2266 1295 2311 epistola
1321 2277 1404 2301 mea
1431 2266 1572 2300 tardius
1602 2266 1741 2308 delata,
1771 2268 1865 2312 quod
1894 2266 1924 2301 is

105 2319 222 2353 locum
250 2317 463 2362 inscriptum
497 2318 641 2352 interea
668 2324 868 2360 mutasset,
910 2319 1142 2364 voluptatem
1179 2331 1228 2354 ex
1269 2330 1445 2365 responso
1480 2319 1577 2354 tanti
1611 2318 1678 2354 viri
1716 2324 1924 2355 secuturam

105 2382 172 2416 per
200 2370 385 2416 integrum
414 2381 548 2406 annum
568 2371 741 2412 detinuit;
771 2372 879 2407 hausi
898 2374 1047 2407 tandem
1067 2372 1169 2407 illam
1190 2372 1331 2407 affatim
1361 2371 1587 2418 adjunxique
1615 2371 1783 2407 laetitiae
1802 2372 1923 2418 publi-

107 2435 192 2465 cae,
224 2434 318 2469 quae
348 2428 434 2457 tunc
462 2424 623 2469 Styriam
653 2427 808 2460 tenebat
836 2426 882 2460 ob
912 2425 1064 2460 exordia
1092 2425 1373 2471 gubernationis
1402 2425 1641 2467 Ferdinandi,
1677 2425 1923 2460 florentissimi
1969 2461 1971 2465 ,

106 2476 290 2522 principis.
350 2476 565 2522 Quanquam
595 2478 741 2523 eclipsis
771 2489 909 2525 magna
928 2478 1022 2513 Solis
1053 2478 1088 2512 in
1118 2478 1408 2513 dodecatemorio
1437 2478 1602 2523 piscium,
1633 2478 1693 2524 qui
1715 2479 1817 2513 locus
1837 2479 1924 2514 Fer-

108 2530 262 2568 dinando
293 2529 483 2570 culminat,
521 2531 707 2576 multoque
737 2532 855 2577 magis
885 2531 1119 2577 intemperies
1148 2532 1333 2566 hominum
1362 2535 1561 2573 certorum,
1598 2530 1679 2575 jam
1707 2531 1818 2578 signa
1843 2542 1924 2566 meo
1980 2529 1982 2533 ’

101 2582 238 2627 judicio
267 2583 534 2627 praetulissent
563 2584 744 2618 aerumnis
774 2585 887 2629 paulo
916 2589 1001 2630 post
1029 2596 1095 2630 per
1123 2585 1332 2629 provincias
1362 2585 1447 2619 illas
1477 2584 1695 2619 consecutis.

213 2639 480 2680 Argumentum
510 2636 700 2671 literarum
729 2638 864 2672 Brahei
895 2638 963 2671 hoc
992 2642 1085 2679 erat,
1116 2638 1170 2672 uti
1201 2638 1389 2683 suspensis
1415 2637 1784 2684 speculationibus-a
1837 2637 1867 2672 ri
1915 2637 1923 2645 '
1958 2638 1982 2680 5¹

110 2688 412 2733 descendentibus
442 2689 598 2724 animum
627 2690 749 2734 potius
779 2692 825 2725 ad
854 2691 1130 2725 observationes
1161 2702 1250 2736 quas
1281 2690 1387 2725 simul
1416 2691 1606 2732 offerebat,
1626 2649 1924 2726 <conada-{fidles
1978 2667 1982 2735 i,

111 2740 328 2783 adjicerem:
372 2741 479 2787 inque
516 2742 558 2776 iis
588 2742 702 2787 primo
732 2745 850 2788 gradu
881 2744 996 2784 facto,
1039 2749 1172 2788 postea
1202 2745 1342 2778 demum
1380 2745 1426 2778 ad
1461 2754 1594 2778 causas
1623 2745 1858 2779 ascenderem
1886 2747 1925 2778 et
1951 2775 1959 2780 .

110 2793 185 2826 tale
215 2793 298 2837 quid
327 2793 363 2827 in
393 2805 460 2829 sua
489 2796 610 2839 potius
640 2795 850 2840 hypothesi,
881 2808 988 2841 quam
1018 2797 1096 2841 ipse
1125 2796 1328 2840 Copernica
1355 2797 1533 2831 veriorem
1563 2796 1750 2838 censebat,
1781 2795 1923 2832 commi·
1953 2792 1955 2794 ’

111 2844 286 2878 niscerer:
329 2847 503 2891 denique,
544 2852 586 2881 ut
615 2849 659 2881 ad
694 2848 813 2892 ipsum
840 2861 896 2883 me
938 2850 1155 2890 conferrem,
1199 2849 1333 2894 quippe
1364 2849 1424 2894 qui
1459 2849 1539 2893 jam
1574 2860 1674 2884 mare
1714 2849 1923 2885 transisset.
1966 2870 1974 2890 ,χ

112 2896 270 2941 Cumque
299 2909 369 2931 non
400 2899 524 2933 statim
554 2912 624 2945 ego
654 2904 921 2946 responderem,
953 2902 1120 2936 Braheus
1151 2903 1277 2935 eodem
1307 2907 1525 2948 argumento
1554 2902 1678 2946 plures
1708 2903 1754 2937 ad
1773 2913 1830 2937 me
1858 2912 1925 2947 per
1952 2911 1967 2939 ,·

112 2959 244 2982 annum
274 2956 484 2994 sequentem
514 2953 659 2997 scripsit
689 2954 882 2998 epistolas,
926 2966 1076 3000 quarum
1107 2965 1180 2988 una
1214 2959 1301 2998 post
1329 2955 1457 2996 aliam,
1500 2966 1568 2989 sua
1596 2955 1786 2999 quaelibet
1821 2964 1925 2990 mora
1947 2957 1974 2993 {s

111 3001 339 3045 interposita,
372 3003 455 3036 mihi
486 3010 569 3038 sunt
597 3005 775 3042 redditae.
834 3008 981 3042 Interim
1012 3007 1153 3042 Graetii
1191 3006 1529 3057 dissipato..Qro
1560 3011 1667 3042 coetu
1695 3000 1962 3048 discentium‚.t’·

112 3052 191 3097 ipse
223 3053 412 3094 salarium,
444 3057 538 3100 quod
566 3057 756 3102 capiebam
786 3071 809 3093 a
835 3053 1060 3111 pro'ceffffs
1068 3059 1287 3110 provinciae
1317 3060 1395 3094 sine
1425 3053 1560 3105 opefa,
1597 3061 1691 3094 bene
1720 3055 1923 3110 coll-ocatu:
1951 3062 1959 3096 Ῐ

106 3106 181 3141 ‘rifi
203 3105 390 3160 consilium
418 3109 564 3143 tandem
601 3110 702 3153 cepi,
744 3107 952 3156 Tychonein
980 3106 1112 3146 Brahe>
1132 3107 1304 3147 visitandi
1333 3111 1444 3147 toties
1471 3106 1707 3148 invitantem]
1736 3103 1952 3149 ‘”v·g1,·<}‘fat:i

106 3149 228 3161 *-

1069 3162 1168 3167 .---...-r
1187 3163 1253 3167 „fl
1263 3164 1267 3167 ,
1536 3160 1592 3166 -.ἡ-.
1600 3162 1642 3169 ..κ
1649 3164 1666 3172 ,Δ
