2028 3242
154 65 241 107 278
770 60 808 92 Iu
834 59 930 100 Apol·
955 58 1057 99 Tych.
1085 63 1201 91 contra.
1224 58 1348 90 Ursum

531 166 653 206 Qualia
679 166 740 207 e‘go
764 164 878 197 infelix
902 174 959 206 pro
984 173 1119 196 munere
1143 173 1283 195 munera
1306 159 1467 196 reddam?

626 213 716 245 Dum
742 213 783 244 sit
807 221 1013 243 nummorum
1038 212 1134 253 copia
1157 211 1249 243 nulla
1272 211 1361 242 mibi.

531 261 588 293 Nil
614 261 703 293 aliud
729 270 803 292 cum
828 260 871 290 sit
894 259 974 290 mihi
995 261 1066 299 jam
1090 269 1147 300 pro
1173 268 1306 290 munere
1331 267 1462 296 munus,

625 308 763 340 Munere
787 317 844 348 pro
869 310 964 338 tanto
989 316 1107 338 munus
1131 306 1268 338 habebis
1293 305 1392 337 idem.

530 355 672 388 Nescius
698 355 841 396 accipies
866 358 927 385 tua
951 363 1089 385 munera
1114 352 1195 393 (sint
1219 353 1299 385 licet
1324 350 1463 394 ampla),

626 402 767 435 Nescius
793 402 935 442 accipies
961 411 1012 432 me
1037 401 1115 433 hino
1141 401 1284 433 abeunte
1309 403 1380 431 tua.

534 450 609 484 Non
634 460 695 492 ego
722 450 867 481 delector
891 449 1042 490 perituris
1067 448 1117 479 his
1144 449 1209 480 cito
1234 448 1388 486 nummis,

629 498 761 530 Artibus
786 497 937 538 ingenuis
963 496 1092 538 gaudeo
1118 496 1234 528 adesse
1259 495 1377 537 magis.

531 545 619 577 Nam
643 545 748 577 brevis
775 548 874 585 atque
900 545 963 575 cito
989 545 1113 575 nummi
1138 543 1283 584 peritura
1306 542 1467 583 voluptas,

628 592 723 631 Quae
747 591 838 623 venit
864 601 903 622 ex
928 590 1042 622 studiis
1066 601 1133 622 non
1157 591 1303 631 peritura
1327 590 1427 621 venit.

532 640 591 672 Vis
616 643 786 681 praestare
812 638 891 669 mihi
916 638 1105 680 gratissima
1127 646 1275 673 munera,
1301 646 1418 668 munus

627 687 742 728 Adque
766 694 859 717 meas
884 685 1001 717 redeat
1024 685 1198 726 perditum,
1224 685 1342 720 amice,
1365 693 1493 716 manus.

533 735 650 767 Gratia
675 738 773 775 grata
797 733 877 764 mihi
902 733 1010 768 fuerit,
1037 732 1224 774 gratissima
1250 732 1389 767 cunetis,

627 781 728 813 Nulla
751 781 863 811 futura
886 779 965 811 mihi
990 780 1100 822 gratia
1125 782 1223 821 grata
1247 779 1365 819 magis,

533 827 569 861 Si
595 829 722 860 dederis
748 831 881 859 centum
906 836 1111 858 nummorum
1134 826 1239 858 millia
1261 825 1361 864 mille,

627 877 786 907 Attamen
810 875 944 916 ingrata
969 877 1020 906 est
1044 874 1154 916 gratia
1178 876 1276 905 tanta
1299 872 1388 904 mihi.

530 923 622 955 Illius
648 926 796 963 aspectu,
822 922 875 953 vix
899 925 1031 963 gratum
1057 921 1194 953 reddere
1221 920 1376 956 amicum,

627 971 762 1002 Perdita
787 969 840 1000 fac
865 969 1014 1004 redeant.
1041 974 1155 1011 gratus
1180 969 1304 1000 amicus
1331 977 1396 999 ero.

533 1018 568 1049 Si
593 1018 670 1059 quid
694 1017 820 1049 habent
845 1017 927 1048 certi
951 1015 1169 1057 pulcherrima
1192 1015 1318 1047 lumina
1343 1014 1426 1047 coeli

627 1065 759 1101 Judicii,
785 1063 949 1095 occultum
974 1064 1025 1095 dic
1050 1064 1130 1095 mihi
1154 1063 1266 1103 Tycho
1292 1062 1411 1094 locum.

534 1112 610 1150 Dic,
635 1113 691 1144 ubi
716 1112 879 1152 deponam
903 1115 963 1143 tua
987 1120 1126 1143 munera
1149 1110 1275 1142 tradita
1297 1110 1403 1147 nobis,

627 1160 689 1192 Dic
717 1163 750 1191 et
777 1159 838 1190 eris
863 1159 979 1190 merito
1006 1167 1147 1201 magnus
1174 1156 1288 1199 Apollo
1313 1157 1403 1189 mihi.

535 1206 594 1240 Sin
620 1208 727 1244 aliter,
754 1206 865 1238 dubito
891 1206 1057 1238 titubante
1082 1209 1204 1244 mente,
1231 1213 1294 1236 nec
1318 1211 1464 1247 unquam

629 1255 761 1289 Artibus
786 1253 854 1285 ulla
877 1254 942 1285 tuis
968 1253 1180 1285 attribuenda
1202 1251 1294 1284 fides.

533 1303 628 1335 Haec
654 1302 716 1334 duo
742 1302 770 1333 si
795 1301 932 1337 efficias,
959 1305 1019 1333 tua
1041 1304 1186 1342 tuncque
1209 1300 1363 1341 perennis
1387 1300 1422 1331 in
1445 1299 1523 1332 orbe

629 1349 739 1391 Atque
765 1350 826 1380 erit
850 1348 997 1381 Uraniae
1022 1348 1168 1380 maxima
1193 1347 1305 1379 danda
1328 1347 1420 1379 fides.

1171 1404 1283 1449 φιλος
1308 1402 1428 1452 ἕτερος
1452 1401 1526 1449 ἔγω
1550 1404 1592 1438 Ν.
1618 1404 1661 1437 R.
1686 1402 1814 1439 Ursus
1836 1415 1923 1450 mpp.

1559 1294 1578 1305 κ

253 1479 363 1511 Minus
388 1480 437 1511 his
462 1480 607 1512 versibus
633 1479 876 1511 consentientes
903 1477 997 1510 addit
1013 1477 1115 1510 Ursus
1139 1478 1247 1510 libello
1272 1487 1330 1509 suo
1351 1476 1424 1515 „De
1442 1477 1678 1513 Astronomicis
1692 1476 1970 1519 Hypothos‘ibus.“
1995 1478 2000 1479 ⁷

159 1526 359 1567 Tychonem‚
388 1529 446 1564 ait,
473 1538 537 1559 non
564 1537 693 1559 omnem
717 1527 884 1568 possidere
910 1526 1108 1567 sapientiam
1132 1526 1166 1556 in
1193 1524 1352 1557 cerebello
1377 1534 1435 1556 suo
1460 1523 1607 1560 Danico
1639 1534 1747 1567 neque
1770 1523 1861 1558 inam
1884 1525 1969 1557 infu-

53 1582 55 1587 ·
118 1584 123 1595 ¹
161 1583 231 1606 sam
258 1584 330 1606 esse
355 1585 413 1616 per
437 1575 509 1607 lata
533 1575 695 1607 foramina
725 1583 825 1606 nasus
851 1573 1015 1614 Tychonis
1044 1573 1186 1614 praecisi
1212 1570 1376 1612 (constat,
1412 1571 1560 1612 Tychoni
1584 1580 1683 1615 quum
1697 1571 1970 1616 &xpm-dege-

120 1609 217 1654 “bat
254 1626 413 1653 nocturno
447 1626 593 1663 tempore
631 1623 802 1654 commisso
838 1622 1017 1653 certamine
1043 1620 1201 1663 singulari
1225 1629 1343 1652 nasum
1380 1619 1481 1651 fuisse
1511 1615 1733 1662 praecisum);
1769 1620 1974 1667 problemata

158 1679 235 1712 ergo
261 1669 345 1703 haec
370 1671 460 1702 illum
485 1670 609 1702 solvere
635 1680 699 1701 non
725 1678 836 1711 posse:

539 1726 574 1768 1)
601 1729 694 1760 Zoile
719 1729 747 1760 si
770 1728 902 1769 poteris,
928 1731 966 1758 tu
991 1735 1139 1769 quaeque
1164 1725 1333 1768 triangula
1357 1725 1464 1758 solvas

654 1775 898 1818 Perquetsinus
924 1775 1008 1806 solos
1035 1775 1158 1815 absque
1183 1778 1340 1815 operante
1365 1783 1478 1806 manu.

601 1822 648 1855 Ut
673 1823 785 1854 divisio
810 1832 874 1854 nec
899 1832 1005 1863 neque
1029 1821 1258 1862 multiplicatio
1283 1820 1354 1857 fiat,

657 1870 706 1902 Sit
731 1879 924 1911 quocunque
949 1869 1020 1901 loco
1045 1869 1207 1900 maximus
1231 1869 1300 1909 ipse
1325 1869 1427 1901 sinus.

540 1915 576 1956 2)
603 1917 695 1950 Zoile
721 1919 747 1949 si
771 1917 893 1958 poteris
918 1918 1003 1948 notis
1029 1917 1191 1947 sinibusve
1217 1915 1342 1948 duobus

657 1965 719 1997 Per
743 1965 879 2003 divisum
905 1973 1016 1995 omnes
1037 1964 1188 2003 invenias
1213 1963 1363 2005 reliquos.

541 2009 576 2051 3)
602 2011 689 2043 Noto
714 2021 819 2043 unove
845 2013 918 2044 sinu
941 2022 999 2053 per
1024 2011 1155 2052 singula
1179 2011 1333 2052 scrupula
1357 2013 1504 2045 cunctos,

655 2059 806 2091 Proxime
831 2063 866 2091 et
889 2059 1034 2091 invenies
1059 2063 1129 2090 arte
1155 2059 1243 2090 sinus
1268 2058 1359 2090 alios.

541 2105 577 2146 4)
605 2107 697 2138 Zoile
724 2107 751 2138 si
775 2107 896 2147 poteris
922 2109 1081 2148 quantum
1105 2106 1327 2148 perpendiculi
1355 2106 1459 2137 omnis

658 2154 819 2195 Triquetri
843 2155 992 2186 invenias
1017 2164 1075 2195 per
1099 2163 1323 2195 canonemque
1347 2154 1455 2185 trium.

542 2199 578 2240 5)
606 2202 669 2233 Dic
694 2202 749 2233 ubi
774 2202 807 2233 in
834 2202 910 2234 orbe
934 2202 1025 2233 locus
1050 2201 1188 2243 repedat
1213 2211 1275 2243 quo
1302 2201 1442 2242 corporis
1466 2200 1582 2232 umbra

663 2248 739 2288 Qua
763 2249 814 2281 vel
839 2250 874 2281 in
899 2249 1010 2291 quovis
1036 2249 1095 2281 fiat
1119 2249 1153 2280 id
1178 2253 1250 2281 arte
1274 2247 1371 2280 loco?

261 2318 467 2359 (Secundum
492 2318 781 2363 Q,
809 2319 922 2360 quiin
946 2318 1033 2350 Hist.
1060 2319 1148 2350 Astr.
1174 2318 1333 2351 Moderne
1360 2318 1434 2350 Vol.
1459 2317 1485 2350 1.
1512 2329 1544 2360 p.
1571 2315 1639 2349 287
1665 2327 1731 2359 sqq.
1742 2315 1901 2358 pluribus
1932 2314 1973 2347 de

169 2366 251 2399 Urso
285 2367 355 2409 agit
380 2367 514 2407 ejusque
538 2365 655 2397 libellis
684 2365 1019 2404 „Fundamento‘
1049 2371 1082 2398 et
1109 2366 1375 2408 „Hypothesibus
1401 2365 1647 2398 Astronomiois.
1654 2364 1689 2403 “)

261 2459 297 2499 4)
323 2472 354 2502 p.
376 2458 454 2491 232.
506 2460 599 2499 Quae
617 2460 666 2491 his
684 2462 881 2501 spectaverit
898 2461 1002 2493 verbis
1020 2461 1152 2502 Tycho,
1179 2461 1352 2502 sequentia
1368 2460 1592 2493 illustrabunt:
1625 2458 1914 2492 Rothmannus
1939 2460 1974 2492 in

163 2509 263 2540 literis
290 2509 320 2540 d.
340 2509 520 2550 Bernburgi
541 2509 571 2540 d.
589 2500 643 2540 28.
665 2507 756 2549 Sept.
773 2506 828 2539 94.
856 2510 1000 2549 quaerit:
1032 2509 1130 2550 „quid
1148 2518 1270 2541 causae
1289 2512 1350 2544 est,
1368 2508 1455 2549 quod
1472 2517 1551 2548 opus
1567 2506 1647 2539 illud
1663 2510 1756 2538 tuum
1779 2506 1819 2538 de
1838 2506 1971 2539 Come-

163 2557 215 2587 trs
234 2557 426 2596 supprimas,
446 2557 635 2596 praesertim
655 2566 729 2587 cum
746 2566 811 2586 non
828 2560 959 2588 tantum
976 2557 1055 2588 illud
1069 2558 1138 2597 Jam
1157 2556 1278 2588 dudum
1294 2556 1392 2587 fuerit
1415 2555 1611 2591 absolutum,
1629 2563 1742 2586 verum
1755 2554 1856 2586 etia-m
1871 2555 1972 2586 toties
2014 2584 2028 2600 ÷

167 2608 198 2634 et
225 2608 318 2634 tanto
345 2608 489 2644 tempore
527 2608 594 2634 tam
622 2607 711 2635 certo
737 2604 932 2644 promiseris!
965 2608 999 2635 te
1024 2604 1211 2645 propediem
1236 2603 1314 2634 illud
1340 2599 1574 2635 emissurum?“
1626 2601 1679 2633 Ad
1702 2601 1787 2633 haec
1811 2601 1973 2642 Tycho:

238 2674 245 2681 .
275 2650 368 2689 Quod
396 2650 484 2691 Opus
510 2654 655 2682 nostrum
685 2651 829 2682 nondum
855 2651 975 2691 publici
1003 2652 1084 2691 J'uris
1109 2650 1180 2682 fieri
1203 2652 1420 2691 permiserim,
1454 2649 1578 2680 multae
1613 2652 1648 2680 et
1671 2657 1787 2690 graves
1811 2659 1865 2681 me
1889 2649 1972 2682 deti-
2024 2676 2028 2692 ι,

165 2701 306 2729 nuerunt
331 2699 485 2729 rationes.
535 2698 771 2739 Praeterquam
797 2699 882 2729 enim
907 2699 939 2730 in
967 2723 974 2730 .
1003 2723 1010 2729 .
1039 2722 1044 2728 .
1074 2698 1351 2729 observationibus
1386 2697 1559 2739 plurimum
1591 2695 1755 2728 indefesso
1780 2696 1887 2728 studio
1913 2696 1972 2728 ali-

166 2749 244 2785 quot
266 2747 334 2784 Jam
361 2746 523 2776 continuis
549 2747 643 2776 annis
669 2745 825 2781 sudarim,
851 2746 956 2777 multa
981 2746 1082 2778 etiam
1106 2748 1280 2786 praeterea
1303 2745 1400 2786 longo
1422 2746 1493 2785 jam
1509 2747 1655 2789 tempore
1667 2743 1864 2780 inciderunt,
1886 2752 1973 2785 quae

165 2803 217 2823 me
243 2793 307 2822 otio
332 2792 394 2822 frui
420 2792 639 2832 philosophico
666 2797 698 2824 et
723 2792 869 2824 Uraniae
894 2794 1013 2829 sacris,
1047 2796 1142 2833 prout
1167 2793 1302 2828 vellem,
1341 2793 1435 2824 litare
1459 2801 1525 2822 non
1550 2791 1775 2831 permiserunt.
1824 2790 1975 2824 Accessit
2025 2790 2028 2804 ²

167 2844 200 2869 et
224 2839 302 2875 hoc,
342 2840 426 2879 quod
451 2841 553 2870 nostri
579 2841 667 2872 circa
692 2844 893 2871 cometarum
926 2841 1136 2881 apparentias
1163 2843 1318 2871 accurate
1345 2837 1568 2880 disquirendas
1585 2837 1713 2869 labores
1730 2837 1801 2878 plus
1818 2837 1973 2879 temporis
2016 2850 2018 2854 r

167 2886 389 2925 requisierint,
426 2896 523 2927 quam
549 2888 669 2928 ingrati
694 2887 839 2918 nonnulli
865 2888 1031 2922 homines'
1069 2887 1216 2928 adeoque
1243 2897 1282 2918 ex
1305 2887 1399 2928 ipsis,
1438 2885 1491 2927 qui
1517 2885 1761 2925 disciplinarum
1786 2889 1820 2916 et
1843 2884 1973 2926 quidem

167 2933 474 2964 mathematicarum
500 2943 642 2966 amorem
669 2935 905 2976 scientiamque
931 2935 1019 2966 haud
1044 2935 1213 2966 minimam
1236 2933 1469 2975 praetendunt,
1496 2942 1677 2973 agnoscere
1701 2932 1876 2973 potuerint.
1917 2930 1971 2962 In·
2011 2971 2015 2975 ,

169 2983 218 3010 ter
244 2989 322 3020 quos
355 2990 439 3012 unus
474 2983 666 3020 praesertim
692 2985 760 3017 est,
799 2983 854 3022 qui
884 2993 949 3013 non
987 2981 1104 3013 saltem
1141 2981 1247 3013 nullas
1279 2981 1356 3012 mihi
1382 2989 1480 3021 agere
1505 2980 1629 3020 gratias
1666 2989 1722 3020 pro
1757 2983 1806 3015 tot
1830 2978 1974 3021 vigilatis

169 3027 335 3063 noctibus,
374 3031 423 3058 tot
449 3029 590 3069 erogatis
616 3029 771 3068 impensis
797 3039 936 3070 aequum
963 3030 1143 3064 censuerit,
1182 3028 1240 3060 sed
1277 3032 1310 3060 et
1335 3025 1603 3064 oblocutionibus,
1630 3026 1886 3069 pei-versionibus
1911 3024 1976 3067 ὰς,

169 3083 228 3120 nos
251 3073 405 3120 impetere
433 3076 695 3119 iionherubuerjt.
729 3075 760 3105 Is
785 3086 870 3114 vero,
898 3077 950 3118 qui
977 3085 1054 3117 prae
1073 3076 1188 3111 ceteris
1214 3078 1358 3107 nostrum
1376 3075 1415 3105 «in
1442 3083 1477 3106 re
1502 3075 1661 3106 cometica
1679 3077 1731 3106 stu
1754 3073 1820 3104 ium
1845 3073 1972 3105 elevare
2008 3097 2013 3114 s

1790 3131 1800 3142 Ί
