1982 3268
170 58 228 102 54
961 58 1176 92 Prooemium.

262 169 396 203 Literae
420 169 484 202 hae
508 177 624 210 pamm
649 167 758 200 solatii
796 167 984 200 exhibentes
1011 168 1214 200 advenerunt
1239 167 1408 201 Graetium
1430 169 1576 211 Keplero
1598 168 1741 214 hagam
1773 169 1817 203 nd
1837 168 1970 211 Tycha--

169 227 244 250 nem
269 211 414 259 profecto
441 216 549 257 (initio
574 212 899 255 Jan.1600).1bi
924 218 1141 248 commoratus
1171 225 1274 258 usque
1305 217 1349 248 ad
1378 226 1525 250 mensem
1548 216 1700 254 sunium,
1731 227 1794 260 quo
1819 215 1925 250 Grati·

168 265 282 302 rediit,
314 268 434 306 pactus
459 268 510 297 est
534 274 608 296 cum
633 262 788 304 Tychone
814 263 854 296 de
878 264 1020 295 transitu
1043 264 1078 294 in
1102 261 1314 301 Bohemiam,
1350 274 1453 306 eoque
1482 265 1641 309 familiam
1663 265 1832 299 transtulit
1854 264 1970 306 nuens*⁴

170 311 395 345 Octobris.—
420 310 549 353 (Comp.
577 314 688 344 annot.
715 310 851 352 Kepleri
875 311 910 343 in
935 310 1175 343 dedicationem
1201 307 1266 353 [a]-
1276 309 1289 349 )
1964 315 1966 319 '

262 358 316 392 De
337 358 388 391 his
405 369 489 402 quae
505 358 685 401 Keplerum
705 362 775 390 tum
797 359 952 400 temporis
976 358 1154 390 turbabant
1177 359 1272 395 rebus
1295 359 1429 400 privatis
1452 359 1650 402 publicisque
1673 356 1816 402 pluribus
1841 360 1912 403 agit
1933 361 1965 394 iu

169 406 378 450 sequentibus
403 408 524 444 tribus,
551 408 646 439 annis
674 404 762 438 1599
789 410 822 438 et
850 404 940 437 1600
966 406 1010 438 ad
1033 405 1245 438 Maestlinum
1270 406 1356 438 datis
1381 407 1492 440 literis.

970 501 1013 542 S.
1047 501 1091 541 P.
1123 501 1175 542 D.

287 575 448 616 Literas
481 579 585 622 tuas,
620 573 848 614 avidissime
880 573 955 613 hoc
987 573 1214 613 turbulento
1245 578 1423 624 tempore
1462 577 1725 626 expectatus,
1765 574 1841 615 hac
1880 575 1970 624 vica

168 635 262 676 mihi
294 647 371 675 non
403 633 596 681 redditas,
630 632 886 673 vehementer
914 633 1043 673 doleo.
1093 632 1404 672 Provinciarium
1429 632 1582 685 Agens,
1615 633 1681 686 qui
1705 634 1862 686 Pragae
1893 627 1973 675 fu‘

170 693 527 745 (Kaudelberger),
561 692 637 732 huc
661 692 818 732 vinctus
839 698 932 732 ante
953 697 1145 732 semestre
1166 692 1326 741 allatus,
1361 692 1551 745 superiori
1576 705 1712 734 mense
1736 698 1867 735 tortus
1892 707 1935 735 es
1959 711 1966 715 ”

169 753 421 794 Secretarius
453 751 661 806 Styrorum
700 749 987 799 (Gabelkofer)
1027 750 1208 803 captivus
1247 751 1457 792 detinetur.
1520 753 1670 792 Ferunt
1709 752 1887 794 delibera
1915 771 1973 789 ww

170 814 218 853 de
251 813 331 854 alio
361 811 560 865 principe,
591 811 759 863 ideoque
792 811 955 863 capitali
986 811 1179 863 supplicio
1211 811 1462 863 plectendum
1491 811 1603 852 illum
1633 811 1847 864 Agentem.
1898 813 1944 854 In

169 877 282 913 terea
312 872 464 924 templa
496 876 587 911 ante
620 883 769 922 paucos
802 883 925 910 annos
965 870 1177 910 aedificata
1220 875 1468 919 evertuntur,
1514 871 1578 923 qui
1611 875 1751 912 contra
1780 868 1973 925 princi's

167 933 357 973 mandata
387 931 590 971 ministros
623 930 814 978 detinent,
849 930 956 970 cives
989 930 1238 982 oppidorum,
1274 931 1396 970 armis
1427 930 1479 971 ad
1511 930 1778 972 obedientiam
1807 936 1932 984 proti·
1970 950 1975 954 ⁷

166 993 331 1041 huntur,
369 990 528 1031 vincula
558 989 708 1043 injecta
738 989 882 1041 viginti
913 1002 1093 1039 numero,
1135 990 1198 1042 qui
1240 989 1325 1030 heri
1356 990 1472 1030 allati
1507 994 1602 1031 sunt
1645 990 1858 1043 desperata
1898 991 1975 1037 su⁴⁴¹

168 1052 312 1093 salute.
367 1050 455 1091 Hoc
488 1051 691 1090 decretum
732 1054 774 1089 et
810 1049 1063 1090 sanctissimo
1102 1050 1329 1102 juramento
1374 1050 1646 1091 confirmatum
1689 1055 1754 1091 est
1788 1052 1933 1104 princi
1954 1044 1964 1054 ”

169 1111 319 1152 nullum
337 1110 495 1151 omnino
517 1109 739 1149 ministrum
759 1109 952 1150 ecclesiae
978 1109 1063 1161 pati
1091 1110 1129 1149 in
1162 1109 1244 1150 suis
1276 1109 1505 1162 provinciis,
1535 1123 1585 1150 ne
1605 1109 1764 1163 quidem
1793 1111 1832 1152 in
1865 1111 1945 1152 ar‘

166 1171 253 1211 bus.
318 1168 472 1211 Contra
502 1169 603 1209 haec
636 1168 752 1208 rebus
785 1169 873 1219 jam
903 1169 1102 1221 prolapsis
1135 1181 1250 1209 nemo
1282 1169 1492 1222 quicquam
1522 1175 1676 1220 movet,
1716 1183 1790 1211 nec
1819 1177 1955 1224 pote

169 1229 291 1272 Cives
323 1228 441 1281 hujus
473 1228 596 1274 urbis,
629 1228 870 1280 qui-novum
896 1228 1166 1280 juramentum
1194 1234 1403 1281 praestare
1434 1241 1478 1269 se
1510 1242 1629 1281 posse
1659 1234 1820 1281 negant,
1853 1243 1902 1270 ve
1934 1250 1950 1266 -..

169 1302 246 1329 non
273 1289 484 1342 jurarunt:
527 1287 569 1327 hi
601 1287 759 1339 inquam
791 1292 959 1338 agentur
990 1287 1029 1327 in
1072 1287 1258 1328 exilium:
1300 1301 1372 1328 nec
1410 1288 1547 1331 licebit
1582 1288 1682 1341 ipsis
1713 1289 1786 1330 sub
1817 1289 1951 1331 nobil

170 1349 362 1402 migrare,
401 1346 597 1387 decimam
634 1351 789 1398 partem
826 1346 1016 1387 bonorum
1058 1347 1258 1388 mobilium
1291 1353 1332 1388 et
1361 1347 1617 1389 immobilium
1646 1354 1742 1401 post
1770 1361 1814 1390 se
1846 1350 1951 1391 reli

169 1413 302 1460 quent.
364 1406 454 1459 Ego
486 1418 623 1446 omnes
655 1405 886 1446 occasiones
916 1406 1061 1455 rimor,
1105 1406 1188 1446 sine
1225 1419 1312 1447 meo
1351 1412 1482 1447 sumtu
1513 1408 1685 1459 Pragam
1714 1408 1927 1460 pervenien
1968 1413 1975 1421 ”

171 1468 222 1513 ad
254 1466 502 1521 Tychonem‚
541 1465 631 1505 inde
665 1478 711 1504 eo
743 1465 829 1505 viso
862 1465 957 1506 mihi
990 1466 1092 1506 forte
1124 1471 1311 1507 nascetur
1348 1467 1504 1507 occasio
1537 1467 1782 1508 deliberandi
1815 1462 1948 1510 decl*

169 1527 296 1579 gendo
329 1526 430 1566 loco.
493 1522 685 1571 Quamvis
717 1537 830 1564 nemo
862 1537 923 1564 me
957 1525 1175 1576 expelleret
1206 1530 1247 1565 et
1276 1526 1574 1578 prudentissimi
1606 1526 1748 1580 quique
1782 1539 1832 1567 ex
1862 1528 1947 1570 ord

169 1585 284 1627 nibus
317 1589 473 1631 ament,
505 1597 670 1636 meaque
704 1583 903 1635 colloquia
934 1585 983 1624 ad
1017 1584 1198 1624 convivia
1229 1585 1364 1624 crebro
1398 1591 1601 1637 expetant.
1961 1588 1969 1596 '

287 1645 374 1696 Ego
407 1643 565 1684 interea
597 1656 645 1682 ex
676 1642 891 1683 rhombicis
923 1642 1154 1696 corporibus
1195 1641 1242 1684 12
1277 1648 1318 1684 et
1348 1642 1405 1685 30
1435 1645 1653 1698 planorum,
1686 1645 1781 1687 item
1813 1659 1863 1688 ex
1884 1646 1951 1688 A.-

170 1703 389 1745 chimedeis
420 1703 525 1743 nitor
558 1702 879 1742 eccentricitates
912 1703 1068 1742 elicere.
1133 1703 1238 1742 Vale
1271 1709 1312 1743 et
1342 1708 1410 1743 tuo
1449 1704 1611 1746 arbitrio
1651 1705 1747 1745 mihi
1778 1706 1912 1748 saluta
1943 1726 1947 1730 =·

171 1776 356 1816 suggere.
400 1762 548 1802 Preces
579 1766 739 1802 vestras
772 1766 813 1801 et
842 1762 1023 1814 publicas
1056 1767 1096 1802 et
1121 1762 1301 1814 privatas
1323 1776 1568 1816 summopere
1589 1764 1822 1817 expetimus.

171 1828 333 1876 praeter
366 1824 469 1862 Θεον
500 1821 578 1862 ἀπο
610 1835 779 1873 μηχανης
812 1821 1064 1873 desperatum
1098 1826 1173 1862 est.
1236 1821 1378 1862 Saluto
1415 1829 1644 1864 reverenter
1682 1829 1808 1866 totum
1846 1825 1954 1866 coll

175 1882 284 1936 gium
315 1887 358 1923 et
386 1881 437 1921 D.
471 1881 760 1921 Haferefferum
792 1893 1005 1934 omnesque
1037 1893 1147 1920 meos
1180 1881 1368 1922 fautores.

297 1940 362 1983 12.
396 1938 463 1980 22.
495 1941 598 1981 Nov.
633 1937 702 1981 99.
988 1940 1039 1979 H.
1075 1940 1119 1979 Τ.
1155 1940 1243 1980 ded.
1278 1941 1493 1994 discipulus
1766 1966 1769 1968 —

1571 2000 1630 2042 M.
1661 2000 1830 2057 Kepler.

979 2175 1022 2217 S.
1056 2177 1099 2216 P.
1131 2176 1181 2216 D.

292 2245 482 2288 Calendis
520 2245 653 2296 Junii,
703 2248 946 2303 Praeceptor
990 2245 1246 2296 clarissime,
1293 2247 1504 2288 Benathka
1543 2248 1738 2297 discessi,
1782 2247 1940 2291 Gratiu

172 2319 324 2348 versus,
386 2306 601 2359 Negotium
633 2307 772 2359 reliqui
801 2307 1027 2359 pendulum.
1090 2307 1246 2347 Tardae
1278 2312 1369 2347 sunt
1401 2307 1676 2359 expeditiones
1708 2307 1872 2350 aulicae.

289 2365 516 2406 Potuissem
547 2366 898 2407 intercessionibus
931 2366 1091 2418 optimis
1131 2366 1291 2418 adjutus
1328 2366 1366 2406 in
1401 2365 1588 2407 Caesaris
1620 2367 1781 2408 servitio
1812 2363 1938 2421 stipev

175 2425 282 2466 dium
314 2425 472 2465 facere:
507 2426 577 2464 sed
608 2438 669 2465 me
701 2426 875 2478 vestigia
900 2430 1124 2466 terruerunt
1155 2426 1364 2477 splendida
1390 2426 1588 2477 stipendia
1619 2426 1867 2476 merentium,
1912 2443 1940 2461 ἰ

175 2484 377 2526 dimidium
407 2483 558 2536 ingenti
590 2497 677 2524 cum
710 2485 945 2526 difficultate
980 2485 1310 2538 extorquentium.
1367 2486 1506 2538 Itaque
1536 2485 1763 2539 Tychonem
1794 2485 1898 2527 inter
1937 2481 1960 2518 -”

173 2558 237 2585 me
269 2544 327 2585 sic
359 2543 555 2592 convenit,
590 2544 647 2583 uti
682 2543 838 2585 Graetii
870 2545 1008 2585 literas
1042 2543 1231 2585 Caesaris
1266 2550 1527 2597 expectarem,
1563 2544 1701 2598 quibus
1734 2543 1930 2588 efficeret

174 2610 218 2644 ut
248 2608 405 2644 retento
438 2602 583 2643 salario
616 2602 821 2657 Styriaco,
864 2617 935 2656 per
966 2617 1084 2645 unum
1117 2609 1158 2644 et
1189 2604 1355 2644 alterum
1387 2615 1527 2644 annum
1558 2603 1597 2643 in
1628 2604 1861 2646 Bohemiam
1901 2623 1919 2639 ν

176 2675 350 2716 gratem,
385 2662 524 2715 quibus
556 2676 643 2702 cum
674 2663 804 2703 literis
835 2664 1061 2704 mitteretur
1091 2662 1171 2704 una
1202 2668 1243 2703 et
1272 2662 1470 2702 viaticum.
1932 2701 1935 2716 3

293 2721 375 2762 Sed
407 2722 586 2762 ordinem
618 2734 761 2775 sequor
786 2727 1008 2769 eventuum,
1042 2723 1207 2774 ideoque
1231 2722 1407 2774 jucunda
1433 2721 1586 2760 acerbis
1611 2722 1771 2763 misceo.
1817 2719 1932 2762 Cale

177 2780 237 2820 dis
274 2781 446 2832 Augusti
485 2781 592 2821 mille
631 2781 799 2833 amplius
838 2782 989 2821 civibus
1030 2787 1070 2821 et
1105 2780 1404 2834 provincialium
1445 2780 1632 2821 ministris
1669 2781 1708 2821 in
1746 2781 1842 2821 urbe
1877 2780 1932 2821 he.

175 2839 280 2879 inter
310 2839 383 2879 hos
415 2845 457 2880 et
486 2840 581 2880 mihi
613 2845 844 2893 perpetuum
884 2847 947 2881 est
986 2842 1177 2881 indictum
1214 2839 1395 2888 exilium,
1437 2839 1542 2878 intra
1581 2840 1664 2880 dies
1703 2839 1935 2908 (Ῑιιειᾱτειὲἱμ

179 2897 360 2949 quinque.
434 2899 644 2939 Vilissima
682 2901 790 2940 facta
833 2905 897 2940 est
936 2900 1115 2953 supellex
1155 2898 1303 2947 omnis,
1346 2898 1513 2950 pecunia
1554 2899 1663 2939 nulla
1703 2899 1779 2939 nisi
1816 2898 1912 2939 min

177 2955 380 3009 Ungarica
411 2957 513 2998 inter
549 2958 726 2999 homines
768 2964 992 3010 exercetur,
1037 2959 1278 3000 decimantur
1315 2957 1418 2997 bona
1455 2957 1587 2997 omnia
1625 2957 1846 3011 diligenter.

115 3028 122 3031 ·
179 3021 316 3056 cetera
344 3017 453 3056 mala
483 3016 647 3069 conjice.
709 3018 956 3060 Renunciavi
987 3020 1060 3060 hoc
1093 3018 1291 3068 Pragam:
1333 3015 1518 3056 rescribit
1548 3016 1702 3070 Tycho,
1734 3017 1819 3069 jam
1848 3018 1929 3057 me'
1980 3038 1982 3041 f

155 3087 223 3119 -se
255 3078 440 3121 oretenus
472 3079 514 3115 et
552 3076 796 3119 nominatum
829 3077 995 3120 Caesari
1034 3082 1075 3117 et
1112 3075 1399 3129 approbatum
1443 3074 1551 3115 solas
1590 3075 1791 3131 expectati
1828 3075 1897 3116 lite
1934 3130 1935 3134 Ἰ
1980 3129 1982 3132 ¹
