<?xml version="1.0" encoding="UTF-8"?>
<!DOCTYPE html PUBLIC "-//W3C//DTD XHTML 1.0 Transitional//EN"
    "http://www.w3.org/TR/xhtml1/DTD/xhtml1-transitional.dtd">
<html xmlns="http://www.w3.org/1999/xhtml" xml:lang="en" lang="en">
 <head>
  <title>
</title>
<meta http-equiv="Content-Type" content="text/html;charset=utf-8" />
  <meta name='ocr-system' content='tesseract 3.04.00' />
  <meta name='ocr-capabilities' content='ocr_page ocr_carea ocr_par ocr_line ocrx_word'/>
</head>
<body>
  <div class='ocr_page' id='page_1' title='image "./operaomniaedidit01kepluoft_0333.png"; bbox 0 0 2028 3242; ppageno 0'>
   <div class='ocr_carea' id='block_1_1' title="bbox 807 10 1904 58">
    <p class='ocr_par' dir='ltr' id='par_1_1' title="bbox 807 10 1904 58">
     <span class='ocr_line' id='line_1_1' title="bbox 807 10 1904 58; baseline 0.003 -15"><span class='ocrx_word' id='word_1_1' title='bbox 807 10 849 43; x_wconf 69' lang='grc' dir='ltr'><strong>α.</strong></span> <span class='ocrx_word' id='word_1_2' title='bbox 871 11 969 44; x_wconf 65' lang='lat' dir='ltr'><strong>mim</strong></span> <span class='ocrx_word' id='word_1_3' title='bbox 994 11 1210 55; x_wconf 60' lang='lat' dir='ltr'><strong>„magica</strong></span> <span class='ocrx_word' id='word_1_4' title='bbox 1764 29 1768 31; x_wconf 57' lang='lat'><strong>&gt;</strong></span> <span class='ocrx_word' id='word_1_5' title='bbox 1825 12 1904 58; x_wconf 79' lang='lat'><strong>311</strong></span> 
     </span>
    </p>
   </div>
   <div class='ocr_carea' id='block_1_2' title="bbox 107 104 1910 170">
    <p class='ocr_par' dir='ltr' id='par_1_2' title="bbox 107 104 1910 170">
     <span class='ocr_line' id='line_1_2' title="bbox 107 104 1910 170; baseline 0.004 -15"><span class='ocrx_word' id='word_1_6' title='bbox 107 115 369 168; x_wconf 82' lang='lat' dir='ltr'><strong>pernubilum.</strong></span> <span class='ocrx_word' id='word_1_7' title='bbox 430 114 507 156; x_wconf 85' lang='lat' dir='ltr'><strong>Hic</strong></span> <span class='ocrx_word' id='word_1_8' title='bbox 526 104 650 156; x_wconf 39' lang='lat' dir='ltr'><strong>&#39;coelo</strong></span> <span class='ocrx_word' id='word_1_9' title='bbox 680 128 782 168; x_wconf 87' lang='lat' dir='ltr'><strong>pene</strong></span> <span class='ocrx_word' id='word_1_10' title='bbox 809 116 903 157; x_wconf 84' lang='lat' dir='ltr'><strong>nihil</strong></span> <span class='ocrx_word' id='word_1_11' title='bbox 925 117 1181 170; x_wconf 83' lang='lat' dir='ltr'><strong>relinquetur.</strong></span> <span class='ocrx_word' id='word_1_12' title='bbox 1231 118 1380 160; x_wconf 86' lang='lat' dir='ltr'><strong>Laesio</strong></span> <span class='ocrx_word' id='word_1_13' title='bbox 1410 119 1498 160; x_wconf 84' lang='lat' dir='ltr'><strong>nasi</strong></span> <span class='ocrx_word' id='word_1_14' title='bbox 1528 119 1669 161; x_wconf 81' lang='lat' dir='ltr'><strong>incidit</strong></span> <span class='ocrx_word' id='word_1_15' title='bbox 1688 121 1726 161; x_wconf 89' lang='lat' dir='ltr'><strong>in</strong></span> <span class='ocrx_word' id='word_1_16' title='bbox 1748 117 1788 162; x_wconf 83' lang='grc'><strong>3.</strong></span> <span class='ocrx_word' id='word_1_17' title='bbox 1811 121 1910 162; x_wconf 83' lang='lat' dir='ltr'><strong>Feb.</strong></span> 
     </span>
    </p>
   </div>
   <div class='ocr_carea' id='block_1_3' title="bbox 114 170 409 215">
    <p class='ocr_par' dir='ltr' id='par_1_3' title="bbox 114 170 409 215">
     <span class='ocr_line' id='line_1_3' title="bbox 114 170 409 215; baseline -0.003 0"><span class='ocrx_word' id='word_1_18' title='bbox 114 170 237 215; x_wconf 77' lang='lat'><strong>1600.</strong></span> <span class='ocrx_word' id='word_1_19' title='bbox 270 172 332 215; x_wconf 81' lang='lat' dir='ltr'><strong>St.</strong></span> <span class='ocrx_word' id='word_1_20' title='bbox 357 173 409 215; x_wconf 88' lang='lat' dir='ltr'><strong>N.</strong></span> 
     </span>
    </p>
   </div>
   <div class='ocr_carea' id='block_1_4' title="bbox 136 243 1912 3052">
    <p class='ocr_par' dir='ltr' id='par_1_4' title="bbox 136 243 971 355">
     <span class='ocr_line' id='line_1_4' title="bbox 317 243 723 285; baseline -0.005 0"><span class='ocrx_word' id='word_1_21' title='bbox 317 244 595 285; x_wconf 73' lang='lat' dir='ltr'><strong>promotiones</strong></span> <span class='ocrx_word' id='word_1_22' title='bbox 626 243 723 284; x_wconf 89' lang='lat' dir='ltr'><strong>hae:</strong></span> 
     </span>
     <span class='ocr_line' id='line_1_5' title="bbox 136 301 971 355; baseline -0.001 -11"><span class='ocrx_word' id='word_1_23' title='bbox 136 314 144 318; x_wconf 72' lang='grc'><em>”</em></span> <span class='ocrx_word' id='word_1_24' title='bbox 171 301 295 346; x_wconf 88' lang='grc'><strong>1583.</strong></span> <span class='ocrx_word' id='word_1_25' title='bbox 331 302 399 344; x_wconf 90' lang='grc'><strong>17.</strong></span> <span class='ocrx_word' id='word_1_26' title='bbox 419 302 518 355; x_wconf 84' lang='lat' dir='ltr'><strong>Maji</strong></span> <span class='ocrx_word' id='word_1_27' title='bbox 561 301 765 343; x_wconf 89' lang='lat' dir='ltr'><strong>Promotio</strong></span> <span class='ocrx_word' id='word_1_28' title='bbox 795 303 971 355; x_wconf 87' lang='lat' dir='ltr'><strong>puerilis.</strong></span> 
     </span>
    </p>

    <p class='ocr_par' dir='ltr' id='par_1_5' title="bbox 171 358 1909 472">
     <span class='ocr_line' id='line_1_6' title="bbox 171 358 1909 416; baseline 0.002 -12"><span class='ocrx_word' id='word_1_29' title='bbox 171 359 295 405; x_wconf 85' lang='grc'><strong>1584.</strong></span> <span class='ocrx_word' id='word_1_30' title='bbox 332 358 400 403; x_wconf 83' lang='grc'><strong>16.</strong></span> <span class='ocrx_word' id='word_1_31' title='bbox 421 361 515 402; x_wconf 89' lang='lat' dir='ltr'><strong>Oct.</strong></span> <span class='ocrx_word' id='word_1_32' title='bbox 560 360 781 414; x_wconf 72' lang='lat' dir='ltr'><strong>Susceptus</strong></span> <span class='ocrx_word' id='word_1_33' title='bbox 824 374 909 401; x_wconf 89' lang='lat' dir='ltr'><strong>sum</strong></span> <span class='ocrx_word' id='word_1_34' title='bbox 954 375 978 401; x_wconf 87' lang='lat' dir='ltr'><strong>a</strong></span> <span class='ocrx_word' id='word_1_35' title='bbox 1009 362 1320 416; x_wconf 80' lang='lat' dir='ltr'><strong>wirtembergio</strong></span> <span class='ocrx_word' id='word_1_36' title='bbox 1365 364 1404 403; x_wconf 90' lang='lat' dir='ltr'><strong>in</strong></span> <span class='ocrx_word' id='word_1_37' title='bbox 1451 365 1735 406; x_wconf 85' lang='lat' dir='ltr'><strong>monasterium</strong></span> <span class='ocrx_word' id='word_1_38' title='bbox 1778 366 1909 407; x_wconf 90' lang='lat' dir='ltr'><strong>Adel-</strong></span> 
     </span>
     <span class='ocr_line' id='line_1_7' title="bbox 476 421 682 472; baseline 0 -12"><span class='ocrx_word' id='word_1_39' title='bbox 476 421 682 472; x_wconf 80' lang='lat' dir='ltr'><strong>bergense.</strong></span> 
     </span>
    </p>

    <p class='ocr_par' dir='ltr' id='par_1_6' title="bbox 170 476 1912 648">
     <span class='ocr_line' id='line_1_8' title="bbox 170 476 1912 531; baseline 0.003 -11"><span class='ocrx_word' id='word_1_40' title='bbox 170 476 295 522; x_wconf 82' lang='grc'><strong>1586.</strong></span> <span class='ocrx_word' id='word_1_41' title='bbox 327 477 419 520; x_wconf 88' lang='lat' dir='ltr'><strong>Jan.</strong></span> <span class='ocrx_word' id='word_1_42' title='bbox 438 479 599 519; x_wconf 85' lang='lat' dir='ltr'><strong>etFeb.</strong></span> <span class='ocrx_word' id='word_1_43' title='bbox 649 479 762 518; x_wconf 89' lang='lat' dir='ltr'><strong>Dura</strong></span> <span class='ocrx_word' id='word_1_44' title='bbox 793 489 937 530; x_wconf 85' lang='lat' dir='ltr'><strong>passus</strong></span> <span class='ocrx_word' id='word_1_45' title='bbox 981 485 1023 519; x_wconf 87' lang='lat' dir='ltr'><strong>et</strong></span> <span class='ocrx_word' id='word_1_46' title='bbox 1066 478 1171 520; x_wconf 88' lang='lat' dir='ltr'><strong>curis</strong></span> <span class='ocrx_word' id='word_1_47' title='bbox 1211 479 1331 531; x_wconf 85' lang='lat' dir='ltr'><strong>piane</strong></span> <span class='ocrx_word' id='word_1_48' title='bbox 1371 481 1576 522; x_wconf 86' lang='lat' dir='ltr'><strong>confectus</strong></span> <span class='ocrx_word' id='word_1_49' title='bbox 1610 495 1710 523; x_wconf 88' lang='lat' dir='ltr'><strong>sum.</strong></span> <span class='ocrx_word' id='word_1_50' title='bbox 1775 481 1912 525; x_wconf 90' lang='lat' dir='ltr'><strong>Causa</strong></span> 
     </span>
     <span class='ocr_line' id='line_1_9' title="bbox 475 537 1909 594; baseline 0.004 -16"><span class='ocrx_word' id='word_1_51' title='bbox 475 537 641 578; x_wconf 88' lang='lat' dir='ltr'><strong>infamia</strong></span> <span class='ocrx_word' id='word_1_52' title='bbox 671 542 713 576; x_wconf 88' lang='lat' dir='ltr'><strong>et</strong></span> <span class='ocrx_word' id='word_1_53' title='bbox 744 537 875 576; x_wconf 90' lang='lat' dir='ltr'><strong>odium</strong></span> <span class='ocrx_word' id='word_1_54' title='bbox 907 538 1151 590; x_wconf 84' lang='lat' dir='ltr'><strong>aequalium,</strong></span> <span class='ocrx_word' id='word_1_55' title='bbox 1185 550 1284 590; x_wconf 89' lang='lat' dir='ltr'><strong>quos</strong></span> <span class='ocrx_word' id='word_1_56' title='bbox 1316 544 1424 580; x_wconf 88' lang='lat' dir='ltr'><strong>metu</strong></span> <span class='ocrx_word' id='word_1_57' title='bbox 1452 540 1621 581; x_wconf 83' lang='lat' dir='ltr'><strong>adactus</strong></span> <span class='ocrx_word' id='word_1_58' title='bbox 1640 542 1909 594; x_wconf 82' lang='lat' dir='ltr'><strong>prodideram.</strong></span> 
     </span>
     <span class='ocr_line' id='line_1_10' title="bbox 476 590 1258 648; baseline 0.003 -12"><span class='ocrx_word' id='word_1_59' title='bbox 476 590 744 646; x_wconf 65' lang='grc' dir='ltr'>ΒίΠΙΠΘ,</span> <span class='ocrx_word' id='word_1_60' title='bbox 779 595 1041 642; x_wconf 44' lang='grc' dir='ltr'>ςςίῃΜΗΟ</span> <span class='ocrx_word' id='word_1_61' title='bbox 1074 594 1258 648; x_wconf 80' lang='grc' dir='ltr'><strong>ουωΘ.</strong></span> 
     </span>
    </p>

    <p class='ocr_par' dir='ltr' id='par_1_7' title="bbox 328 646 1911 943">
     <span class='ocr_line' id='line_1_11' title="bbox 329 646 1911 715; baseline 0.003 -19"><span class='ocrx_word' id='word_1_62' title='bbox 329 655 424 696; x_wconf 84' lang='lat' dir='ltr'><strong>Jun.</strong></span> <span class='ocrx_word' id='word_1_63' title='bbox 446 659 489 694; x_wconf 88' lang='lat' dir='ltr'><strong>et</strong></span> <span class='ocrx_word' id='word_1_64' title='bbox 506 655 586 695; x_wconf 86' lang='lat' dir='ltr'><strong>Jul.</strong></span> <span class='ocrx_word' id='word_1_65' title='bbox 639 655 850 695; x_wconf 86' lang='lat' dir='ltr'><strong>Ulceribus</strong></span> <span class='ocrx_word' id='word_1_66' title='bbox 892 656 1079 707; x_wconf 82' lang='lat' dir='ltr'><strong>pessimis</strong></span> <span class='ocrx_word' id='word_1_67' title='bbox 1122 655 1337 697; x_wconf 87' lang='lat' dir='ltr'><strong>infestatus</strong></span> <span class='ocrx_word' id='word_1_68' title='bbox 1381 657 1452 698; x_wconf 87' lang='lat' dir='ltr'><strong>fui.</strong></span> <span class='ocrx_word' id='word_1_69' title='bbox 1515 658 1562 698; x_wconf 92' lang='lat' dir='ltr'><strong>In</strong></span> <span class='ocrx_word' id='word_1_70' title='bbox 1608 646 1739 699; x_wconf 80' lang='lat' dir='ltr'><strong>niedio</strong></span> <span class='ocrx_word' id='word_1_71' title='bbox 1784 659 1911 715; x_wconf 80' lang='lat' dir='ltr'><strong>digito</strong></span> 
     </span>
     <span class='ocr_line' id='line_1_12' title="bbox 427 713 1911 768; baseline 0.003 -15"><span class='ocrx_word' id='word_1_72' title='bbox 427 735 430 736; x_wconf 28' lang='grc' dir='ltr'><em>ν</em></span> <span class='ocrx_word' id='word_1_73' title='bbox 477 713 644 754; x_wconf 82' lang='lat' dir='ltr'><strong>dextrae</strong></span> <span class='ocrx_word' id='word_1_74' title='bbox 684 726 825 753; x_wconf 87' lang='lat' dir='ltr'><strong>manus</strong></span> <span class='ocrx_word' id='word_1_75' title='bbox 866 726 1055 763; x_wconf 80' lang='lat' dir='ltr'><strong>vermem</strong></span> <span class='ocrx_word' id='word_1_76' title='bbox 1102 715 1139 755; x_wconf 91' lang='lat' dir='ltr'><strong>in</strong></span> <span class='ocrx_word' id='word_1_77' title='bbox 1173 715 1338 756; x_wconf 85' lang='lat' dir='ltr'><strong>sinistra</strong></span> <span class='ocrx_word' id='word_1_78' title='bbox 1367 715 1510 768; x_wconf 83' lang='lat' dir='ltr'><strong>ingens</strong></span> <span class='ocrx_word' id='word_1_79' title='bbox 1541 717 1654 758; x_wconf 86' lang='lat' dir='ltr'><strong>ulcus</strong></span> <span class='ocrx_word' id='word_1_80' title='bbox 1689 717 1830 766; x_wconf 88' lang='lat' dir='ltr'><strong>habui,</strong></span> <span class='ocrx_word' id='word_1_81' title='bbox 1871 719 1911 758; x_wconf 91' lang='lat' dir='ltr'><strong>in</strong></span> 
     </span>
     <span class='ocr_line' id='line_1_13' title="bbox 476 772 1911 824; baseline 0.004 -12"><span class='ocrx_word' id='word_1_82' title='bbox 476 772 643 813; x_wconf 88' lang='lat' dir='ltr'><strong>sinistra</strong></span> <span class='ocrx_word' id='word_1_83' title='bbox 679 772 782 812; x_wconf 86' lang='lat' dir='ltr'><strong>tibia</strong></span> <span class='ocrx_word' id='word_1_84' title='bbox 818 773 1020 824; x_wconf 89' lang='lat' dir='ltr'><strong>putridam</strong></span> <span class='ocrx_word' id='word_1_85' title='bbox 1059 774 1253 815; x_wconf 86' lang='lat' dir='ltr'><strong>lacunam.</strong></span> <span class='ocrx_word' id='word_1_86' title='bbox 1315 775 1408 815; x_wconf 83' lang='lat' dir='ltr'><strong>Fuit</strong></span> <span class='ocrx_word' id='word_1_87' title='bbox 1448 788 1634 824; x_wconf 84' lang='lat' dir='ltr'><strong>examen,</strong></span> <span class='ocrx_word' id='word_1_88' title='bbox 1682 782 1723 817; x_wconf 91' lang='lat' dir='ltr'><strong>et</strong></span> <span class='ocrx_word' id='word_1_89' title='bbox 1752 778 1911 818; x_wconf 86' lang='lat' dir='ltr'><strong>laudem</strong></span> 
     </span>
     <span class='ocr_line' id='line_1_14' title="bbox 474 830 1057 879; baseline 0.005 -9"><span class='ocrx_word' id='word_1_90' title='bbox 474 832 613 871; x_wconf 81' lang='lat' dir='ltr'><strong>merui.</strong></span> <span class='ocrx_word' id='word_1_91' title='bbox 676 830 715 879; x_wconf 56' lang='lat' dir='ltr'><strong>U.</strong></span> <span class='ocrx_word' id='word_1_92' title='bbox 747 837 789 871; x_wconf 90' lang='lat' dir='ltr'><strong>et</strong></span> <span class='ocrx_word' id='word_1_93' title='bbox 820 837 853 877; x_wconf 73' lang='lat' dir='ltr'><strong>d·</strong></span> <span class='ocrx_word' id='word_1_94' title='bbox 884 831 923 871; x_wconf 91' lang='lat' dir='ltr'><strong>in</strong></span> <span class='ocrx_word' id='word_1_95' title='bbox 956 837 1057 873; x_wconf 90' lang='lat' dir='ltr'><strong>ortu.</strong></span> 
     </span>
     <span class='ocr_line' id='line_1_15' title="bbox 328 887 1512 943; baseline 0.001 -12"><span class='ocrx_word' id='word_1_96' title='bbox 328 887 369 932; x_wconf 84' lang='grc'><strong>6.</strong></span> <span class='ocrx_word' id='word_1_97' title='bbox 393 889 484 931; x_wconf 88' lang='lat' dir='ltr'><strong>Oct.</strong></span> <span class='ocrx_word' id='word_1_98' title='bbox 530 890 744 930; x_wconf 77' lang='lat' dir='ltr'><strong>Promotus</strong></span> <span class='ocrx_word' id='word_1_99' title='bbox 775 903 861 930; x_wconf 91' lang='lat' dir='ltr'><strong>sum</strong></span> <span class='ocrx_word' id='word_1_100' title='bbox 892 891 1184 943; x_wconf 90' lang='lat' dir='ltr'><strong>Mulpronnam.</strong></span> <span class='ocrx_word' id='word_1_101' title='bbox 1248 891 1288 940; x_wconf 71' lang='grc'><strong>’11</strong></span> <span class='ocrx_word' id='word_1_102' title='bbox 1319 892 1357 932; x_wconf 89' lang='lat' dir='ltr'><strong>in</strong></span> <span class='ocrx_word' id='word_1_103' title='bbox 1391 893 1430 942; x_wconf 74' lang='lat'><strong>0‘</strong></span> <span class='ocrx_word' id='word_1_104' title='bbox 1445 890 1512 942; x_wconf 93' lang='grc' dir='ltr'><strong>Θ.</strong></span> 
     </span>
    </p>

    <p class='ocr_par' dir='ltr' id='par_1_8' title="bbox 170 946 1910 1177">
     <span class='ocr_line' id='line_1_16' title="bbox 170 946 1909 1005; baseline 0.001 -13"><span class='ocrx_word' id='word_1_105' title='bbox 170 949 298 992; x_wconf 85' lang='grc'><strong>1587.</strong></span> <span class='ocrx_word' id='word_1_106' title='bbox 330 946 369 990; x_wconf 86' lang='grc'><strong>4.</strong></span> <span class='ocrx_word' id='word_1_107' title='bbox 393 949 493 1001; x_wconf 93' lang='lat' dir='ltr'><strong>Apr.</strong></span> <span class='ocrx_word' id='word_1_108' title='bbox 539 948 680 989; x_wconf 84' lang='lat' dir='ltr'><strong>Febris</strong></span> <span class='ocrx_word' id='word_1_109' title='bbox 713 961 774 988; x_wconf 90' lang='lat' dir='ltr'><strong>me</strong></span> <span class='ocrx_word' id='word_1_110' title='bbox 808 949 973 998; x_wconf 89' lang='lat' dir='ltr'><strong>invasit,</strong></span> <span class='ocrx_word' id='word_1_111' title='bbox 1014 962 1089 1002; x_wconf 91' lang='lat' dir='ltr'><strong>quo</strong></span> <span class='ocrx_word' id='word_1_112' title='bbox 1123 955 1300 1002; x_wconf 91' lang='lat' dir='ltr'><strong>tempore</strong></span> <span class='ocrx_word' id='word_1_113' title='bbox 1341 950 1512 1003; x_wconf 86' lang='lat' dir='ltr'><strong>profeci,</strong></span> <span class='ocrx_word' id='word_1_114' title='bbox 1551 951 1718 1005; x_wconf 89' lang='lat' dir='ltr'><strong>ideoque</strong></span> <span class='ocrx_word' id='word_1_115' title='bbox 1750 952 1812 993; x_wconf 86' lang='lat' dir='ltr'><strong>ira</strong></span> <span class='ocrx_word' id='word_1_116' title='bbox 1843 952 1909 996; x_wconf 90' lang='lat' dir='ltr'><strong>diu</strong></span> 
     </span>
     <span class='ocr_line' id='line_1_17' title="bbox 475 1007 1909 1065; baseline 0.004 -18"><span class='ocrx_word' id='word_1_117' title='bbox 475 1008 708 1047; x_wconf 85' lang='lat' dir='ltr'><strong>laborabam</strong></span> <span class='ocrx_word' id='word_1_118' title='bbox 740 1007 977 1060; x_wconf 86' lang='lat' dir='ltr'><strong>aequalium,</strong></span> <span class='ocrx_word' id='word_1_119' title='bbox 1011 1021 1173 1061; x_wconf 91' lang='lat' dir='ltr'><strong>quorum</strong></span> <span class='ocrx_word' id='word_1_120' title='bbox 1206 1022 1294 1049; x_wconf 91' lang='lat' dir='ltr'><strong>cum</strong></span> <span class='ocrx_word' id='word_1_121' title='bbox 1327 1022 1402 1050; x_wconf 90' lang='lat' dir='ltr'><strong>uno</strong></span> <span class='ocrx_word' id='word_1_122' title='bbox 1428 1010 1572 1062; x_wconf 86' lang='lat' dir='ltr'><strong>pugnis</strong></span> <span class='ocrx_word' id='word_1_123' title='bbox 1597 1010 1747 1052; x_wconf 89' lang='lat' dir='ltr'><strong>Martio</strong></span> <span class='ocrx_word' id='word_1_124' title='bbox 1779 1011 1909 1065; x_wconf 86' lang='lat' dir='ltr'><strong>priore</strong></span> 
     </span>
     <span class='ocr_line' id='line_1_18' title="bbox 475 1061 1910 1112; baseline 0.005 -7"><span class='ocrx_word' id='word_1_125' title='bbox 475 1066 674 1106; x_wconf 88' lang='lat' dir='ltr'><strong>contendi.</strong></span> <span class='ocrx_word' id='word_1_126' title='bbox 749 1071 783 1112; x_wconf 71' lang='lat' dir='ltr'>d</span> <span class='ocrx_word' id='word_1_127' title='bbox 820 1066 858 1106; x_wconf 88' lang='lat' dir='ltr'><strong>in</strong></span> <span class='ocrx_word' id='word_1_128' title='bbox 898 1061 946 1108; x_wconf 73' lang='lat' dir='ltr'><strong>[J</strong></span> <span class='ocrx_word' id='word_1_129' title='bbox 972 1068 1132 1109; x_wconf 89' lang='lat' dir='ltr'><strong>ascend.</strong></span> <span class='ocrx_word' id='word_1_130' title='bbox 1174 1068 1447 1109; x_wconf 81' lang='lat' dir='ltr'><strong>stationarius.</strong></span> <span class='ocrx_word' id='word_1_131' title='bbox 1521 1066 1558 1110; x_wconf 92' lang='grc'><strong>4.</strong></span> <span class='ocrx_word' id='word_1_132' title='bbox 1598 1068 1691 1111; x_wconf 85' lang='lat' dir='ltr'><strong>Oct.</strong></span> <span class='ocrx_word' id='word_1_133' title='bbox 1732 1069 1910 1112; x_wconf 86' lang='lat' dir='ltr'><strong>carmina</strong></span> 
     </span>
     <span class='ocr_line' id='line_1_19' title="bbox 475 1125 652 1177; baseline 0.006 -13"><span class='ocrx_word' id='word_1_134' title='bbox 475 1125 652 1177; x_wconf 89' lang='lat' dir='ltr'><strong>deposui.</strong></span> 
     </span>
    </p>

    <p class='ocr_par' dir='ltr' id='par_1_9' title="bbox 172 1180 1584 1236">
     <span class='ocr_line' id='line_1_20' title="bbox 172 1180 1584 1236; baseline -0.001 -11"><span class='ocrx_word' id='word_1_135' title='bbox 172 1181 293 1225; x_wconf 92' lang='grc'><strong>1588.</strong></span> <span class='ocrx_word' id='word_1_136' title='bbox 328 1180 396 1224; x_wconf 89' lang='grc'><strong>30.</strong></span> <span class='ocrx_word' id='word_1_137' title='bbox 417 1183 524 1236; x_wconf 86' lang='lat' dir='ltr'><strong>Aug.</strong></span> <span class='ocrx_word' id='word_1_138' title='bbox 568 1185 722 1225; x_wconf 82' lang='lat' dir='ltr'><strong>Nomen</strong></span> <span class='ocrx_word' id='word_1_139' title='bbox 755 1184 962 1236; x_wconf 77' lang='lat' dir='ltr'><strong>professus</strong></span> <span class='ocrx_word' id='word_1_140' title='bbox 993 1189 1123 1224; x_wconf 52' lang='lat' dir='ltr'><strong>sumss</strong></span> <span class='ocrx_word' id='word_1_141' title='bbox 1162 1185 1181 1206; x_wconf 51' lang='lat'><strong>⁸*</strong></span> <span class='ocrx_word' id='word_1_142' title='bbox 1211 1182 1322 1232; x_wconf 50' lang='lat'><strong>:44</strong></span> <span class='ocrx_word' id='word_1_143' title='bbox 1392 1184 1494 1233; x_wconf 72' lang='lat' dir='ltr'>J</span> <span class='ocrx_word' id='word_1_144' title='bbox 1529 1188 1584 1220; x_wconf 58' lang='lat' dir='ltr'><strong>stt</strong></span> 
     </span>
    </p>

    <p class='ocr_par' dir='ltr' id='par_1_10' title="bbox 169 1204 1721 1297">
     <span class='ocr_line' id='line_1_21' title="bbox 169 1204 1721 1297; baseline 0.002 -14"><span class='ocrx_word' id='word_1_145' title='bbox 169 1239 293 1284; x_wconf 91' lang='grc'><strong>1589.</strong></span> <span class='ocrx_word' id='word_1_146' title='bbox 333 1239 397 1283; x_wconf 90' lang='grc'><strong>17.</strong></span> <span class='ocrx_word' id='word_1_147' title='bbox 418 1242 533 1295; x_wconf 87' lang='lat' dir='ltr'><strong>Sept.</strong></span> <span class='ocrx_word' id='word_1_148' title='bbox 579 1243 801 1294; x_wconf 89' lang='lat' dir='ltr'><strong>Tubingam</strong></span> <span class='ocrx_word' id='word_1_149' title='bbox 832 1243 936 1292; x_wconf 85' lang='lat' dir='ltr'><strong>veni,</strong></span> <span class='ocrx_word' id='word_1_150' title='bbox 969 1250 1173 1295; x_wconf 82' lang='lat' dir='ltr'><strong>promotus</strong></span> <span class='ocrx_word' id='word_1_151' title='bbox 1207 1204 1357 1297; x_wconf 84' lang='lat' dir='ltr'><strong>aliquot</strong></span> <span class='ocrx_word' id='word_1_152' title='bbox 1387 1237 1529 1285; x_wconf 83' lang='lat' dir='ltr'><strong>diebus</strong></span> <span class='ocrx_word' id='word_1_153' title='bbox 1560 1229 1721 1286; x_wconf 81' lang='lat' dir='ltr'><strong>antea</strong></span> 
     </span>
    </p>

    <p class='ocr_par' dir='ltr' id='par_1_11' title="bbox 169 1298 1908 1400">
     <span class='ocr_line' id='line_1_22' title="bbox 169 1298 1908 1356; baseline 0.002 -14"><span class='ocrx_word' id='word_1_154' title='bbox 169 1298 292 1342; x_wconf 86' lang='grc'><strong>1591.</strong></span> <span class='ocrx_word' id='word_1_155' title='bbox 331 1298 394 1341; x_wconf 91' lang='grc'><strong>10.</strong></span> <span class='ocrx_word' id='word_1_156' title='bbox 410 1301 514 1353; x_wconf 86' lang='lat' dir='ltr'><strong>Aug.</strong></span> <span class='ocrx_word' id='word_1_157' title='bbox 559 1302 673 1342; x_wconf 88' lang='lat' dir='ltr'><strong>Bona</strong></span> <span class='ocrx_word' id='word_1_158' title='bbox 703 1313 808 1340; x_wconf 89' lang='lat' dir='ltr'><strong>nova</strong></span> <span class='ocrx_word' id='word_1_159' title='bbox 840 1301 988 1342; x_wconf 88' lang='lat' dir='ltr'><strong>locatio</strong></span> <span class='ocrx_word' id='word_1_160' title='bbox 1027 1303 1248 1356; x_wconf 85' lang='lat' dir='ltr'><strong>magisterii</strong></span> <span class='ocrx_word' id='word_1_161' title='bbox 1287 1316 1431 1352; x_wconf 79' lang='lat' dir='ltr'><strong>causa3</strong></span> <span class='ocrx_word' id='word_1_162' title='bbox 1474 1316 1584 1344; x_wconf 91' lang='lat' dir='ltr'><strong>eram</strong></span> <span class='ocrx_word' id='word_1_163' title='bbox 1615 1305 1812 1346; x_wconf 86' lang='lat' dir='ltr'><strong>secundus</strong></span> <span class='ocrx_word' id='word_1_164' title='bbox 1843 1306 1908 1346; x_wconf 89' lang='lat' dir='ltr'><strong>in-</strong></span> 
     </span>
     <span class='ocr_line' id='line_1_23' title="bbox 475 1358 639 1400; baseline 0.007 -1"><span class='ocrx_word' id='word_1_165' title='bbox 475 1365 538 1400; x_wconf 90' lang='lat' dir='ltr'><strong>ter</strong></span> <span class='ocrx_word' id='word_1_166' title='bbox 574 1358 639 1400; x_wconf 88' lang='grc'><strong>14.</strong></span> 
     </span>
    </p>

    <p class='ocr_par' dir='ltr' id='par_1_12' title="bbox 154 1418 1685 1473">
     <span class='ocr_line' id='line_1_24' title="bbox 154 1418 1685 1473; baseline 0.002 -14"><span class='ocrx_word' id='word_1_167' title='bbox 154 1434 157 1440; x_wconf 92' lang='grc'><em>·</em></span> <span class='ocrx_word' id='word_1_168' title='bbox 327 1418 392 1460; x_wconf 91' lang='grc'><strong>11.</strong></span> <span class='ocrx_word' id='word_1_169' title='bbox 408 1418 511 1470; x_wconf 88' lang='lat' dir='ltr'><strong>Aug.</strong></span> <span class='ocrx_word' id='word_1_170' title='bbox 557 1418 688 1459; x_wconf 88' lang='lat' dir='ltr'><strong>Actus</strong></span> <span class='ocrx_word' id='word_1_171' title='bbox 708 1418 948 1470; x_wconf 87' lang='lat' dir='ltr'><strong>Magisterii.</strong></span> <span class='ocrx_word' id='word_1_172' title='bbox 1011 1419 1213 1460; x_wconf 90' lang='lat' dir='ltr'><strong>Precabar</strong></span> <span class='ocrx_word' id='word_1_173' title='bbox 1244 1419 1318 1460; x_wconf 91' lang='lat' dir='ltr'><strong>hoc</strong></span> <span class='ocrx_word' id='word_1_174' title='bbox 1351 1426 1528 1473; x_wconf 88' lang='lat' dir='ltr'><strong>tempore</strong></span> <span class='ocrx_word' id='word_1_175' title='bbox 1562 1421 1685 1463; x_wconf 86' lang='lat' dir='ltr'><strong>varie.</strong></span> 
     </span>
    </p>

    <p class='ocr_par' dir='ltr' id='par_1_13' title="bbox 169 1476 804 1529">
     <span class='ocr_line' id='line_1_25' title="bbox 169 1476 804 1529; baseline -0.008 -8"><span class='ocrx_word' id='word_1_176' title='bbox 169 1476 294 1521; x_wconf 88' lang='grc'><strong>1593.</strong></span> <span class='ocrx_word' id='word_1_177' title='bbox 332 1476 397 1518; x_wconf 90' lang='grc'><strong>17.</strong></span> <span class='ocrx_word' id='word_1_178' title='bbox 418 1478 515 1517; x_wconf 89' lang='lat' dir='ltr'><strong>Feb.</strong></span> <span class='ocrx_word' id='word_1_179' title='bbox 562 1477 804 1529; x_wconf 86' lang='lat' dir='ltr'><strong>Kephaigia.</strong></span> 
     </span>
    </p>

    <p class='ocr_par' dir='ltr' id='par_1_14' title="bbox 324 1535 1436 1587">
     <span class='ocr_line' id='line_1_26' title="bbox 324 1535 1436 1587; baseline 0.001 -11"><span class='ocrx_word' id='word_1_180' title='bbox 324 1536 427 1577; x_wconf 87' lang='lat' dir='ltr'><strong>Nov.</strong></span> <span class='ocrx_word' id='word_1_181' title='bbox 479 1536 669 1576; x_wconf 88' lang='lat' dir='ltr'><strong>Vocabar</strong></span> <span class='ocrx_word' id='word_1_182' title='bbox 700 1535 1060 1587; x_wconf 88' lang='lat' dir='ltr'><strong>Moempelgartum</strong></span> <span class='ocrx_word' id='word_1_183' title='bbox 1093 1537 1144 1576; x_wconf 88' lang='lat' dir='ltr'><strong>ad</strong></span> <span class='ocrx_word' id='word_1_184' title='bbox 1175 1536 1436 1578; x_wconf 85' lang='lat' dir='ltr'><strong>Fundionem.</strong></span> 
     </span>
    </p>

    <p class='ocr_par' dir='ltr' id='par_1_15' title="bbox 168 1592 1911 1648">
     <span class='ocr_line' id='line_1_27' title="bbox 168 1592 1911 1648; baseline -0.001 -11"><span class='ocrx_word' id='word_1_185' title='bbox 168 1592 294 1637; x_wconf 83' lang='grc'><strong>1594.</strong></span> <span class='ocrx_word' id='word_1_186' title='bbox 325 1594 418 1635; x_wconf 87' lang='lat' dir='ltr'><strong>Jan.</strong></span> <span class='ocrx_word' id='word_1_187' title='bbox 471 1595 681 1647; x_wconf 88' lang='lat' dir='ltr'><strong>Agebatur</strong></span> <span class='ocrx_word' id='word_1_188' title='bbox 706 1595 754 1634; x_wconf 88' lang='lat' dir='ltr'><strong>de</strong></span> <span class='ocrx_word' id='word_1_189' title='bbox 781 1594 862 1634; x_wconf 88' lang='lat' dir='ltr'><strong>alia</strong></span> <span class='ocrx_word' id='word_1_190' title='bbox 880 1594 1128 1647; x_wconf 89' lang='lat' dir='ltr'><strong>promotione</strong></span> <span class='ocrx_word' id='word_1_191' title='bbox 1155 1595 1194 1635; x_wconf 89' lang='lat' dir='ltr'><strong>in</strong></span> <span class='ocrx_word' id='word_1_192' title='bbox 1214 1595 1542 1648; x_wconf 87' lang='lat' dir='ltr'><strong>Wirtembergia,</strong></span> <span class='ocrx_word' id='word_1_193' title='bbox 1575 1597 1740 1637; x_wconf 88' lang='lat' dir='ltr'><strong>tandem</strong></span> <span class='ocrx_word' id='word_1_194' title='bbox 1775 1594 1840 1638; x_wconf 88' lang='grc'><strong>18.</strong></span> <span class='ocrx_word' id='word_1_195' title='bbox 1868 1601 1911 1636; x_wconf 87' lang='lat' dir='ltr'><strong>et</strong></span> 
     </span>
    </p>

    <p class='ocr_par' dir='ltr' id='par_1_16' title="bbox 473 1652 1905 1706">
     <span class='ocr_line' id='line_1_28' title="bbox 473 1652 1905 1706; baseline 0.001 -12"><span class='ocrx_word' id='word_1_196' title='bbox 473 1658 568 1706; x_wconf 89' lang='lat' dir='ltr'><strong>post</strong></span> <span class='ocrx_word' id='word_1_197' title='bbox 587 1652 764 1694; x_wconf 83' lang='lat' dir='ltr'><strong>28.Jan.</strong></span> <span class='ocrx_word' id='word_1_198' title='bbox 792 1652 998 1705; x_wconf 85' lang='lat' dir='ltr'><strong>proposita</strong></span> <span class='ocrx_word' id='word_1_199' title='bbox 1017 1653 1112 1694; x_wconf 89' lang='lat' dir='ltr'><strong>mihi</strong></span> <span class='ocrx_word' id='word_1_200' title='bbox 1139 1653 1382 1695; x_wconf 86' lang='lat' dir='ltr'><strong>Graecensis</strong></span> <span class='ocrx_word' id='word_1_201' title='bbox 1402 1655 1578 1696; x_wconf 87' lang='lat' dir='ltr'><strong>conditio</strong></span> <span class='ocrx_word' id='word_1_202' title='bbox 1603 1654 1905 1697; x_wconf 88' lang='lat' dir='ltr'><strong>mathematica.</strong></span> 
     </span>
    </p>

    <p class='ocr_par' dir='ltr' id='par_1_17' title="bbox 321 1711 1906 1767">
     <span class='ocr_line' id='line_1_29' title="bbox 321 1711 1906 1767; baseline 0.002 -16"><span class='ocrx_word' id='word_1_203' title='bbox 321 1711 584 1764; x_wconf 65' lang='lat' dir='ltr'><strong>{Scripserant</strong></span> <span class='ocrx_word' id='word_1_204' title='bbox 621 1713 779 1752; x_wconf 89' lang='lat' dir='ltr'><strong>ordines</strong></span> <span class='ocrx_word' id='word_1_205' title='bbox 818 1712 851 1751; x_wconf 89' lang='lat' dir='ltr'>T</span> <span class='ocrx_word' id='word_1_206' title='bbox 906 1712 1038 1763; x_wconf 87' lang='lat' dir='ltr'><strong>ingam</strong></span> <span class='ocrx_word' id='word_1_207' title='bbox 1083 1714 1132 1753; x_wconf 91' lang='lat' dir='ltr'><strong>de</strong></span> <span class='ocrx_word' id='word_1_208' title='bbox 1175 1712 1372 1753; x_wconf 86' lang='lat' dir='ltr'><strong>mittendo</strong></span> <span class='ocrx_word' id='word_1_209' title='bbox 1414 1714 1559 1767; x_wconf 90' lang='lat' dir='ltr'><strong>aliquo.</strong></span> <span class='ocrx_word' id='word_1_210' title='bbox 1628 1715 1796 1756; x_wconf 78' lang='lat' dir='ltr'><strong>Electus</strong></span> <span class='ocrx_word' id='word_1_211' title='bbox 1832 1725 1906 1766; x_wconf 80' lang='lat' dir='ltr'><strong>ego</strong></span> 
     </span>
    </p>

    <p class='ocr_par' dir='ltr' id='par_1_18' title="bbox 329 1770 1397 1825">
     <span class='ocr_line' id='line_1_30' title="bbox 329 1770 1397 1825; baseline 0.002 -15"><span class='ocrx_word' id='word_1_212' title='bbox 329 1783 414 1811; x_wconf 88' lang='lat' dir='ltr'><strong>sum</strong></span> <span class='ocrx_word' id='word_1_213' title='bbox 445 1771 676 1811; x_wconf 86' lang='lat' dir='ltr'><strong>Februario.</strong></span> <span class='ocrx_word' id='word_1_214' title='bbox 741 1770 830 1810; x_wconf 89' lang='lat' dir='ltr'><strong>Visi</strong></span> <span class='ocrx_word' id='word_1_215' title='bbox 880 1770 918 1809; x_wconf 92' lang='lat' dir='ltr'><strong>vi</strong></span> <span class='ocrx_word' id='word_1_216' title='bbox 952 1783 1062 1810; x_wconf 89' lang='lat' dir='ltr'><strong>meos</strong></span> <span class='ocrx_word' id='word_1_217' title='bbox 1094 1777 1135 1812; x_wconf 90' lang='lat' dir='ltr'><strong>et</strong></span> <span class='ocrx_word' id='word_1_218' title='bbox 1165 1772 1397 1825; x_wconf 88' lang='lat' dir='ltr'><strong>principem.</strong></span> 
     </span>
    </p>

    <p class='ocr_par' dir='ltr' id='par_1_19' title="bbox 352 1827 1405 1883">
     <span class='ocr_line' id='line_1_31' title="bbox 352 1827 1405 1883; baseline 0.001 -13"><span class='ocrx_word' id='word_1_219' title='bbox 352 1827 394 1870; x_wconf 89' lang='lat'><strong>5.</strong></span> <span class='ocrx_word' id='word_1_220' title='bbox 415 1830 539 1870; x_wconf 84' lang='lat' dir='ltr'><strong>Mart.</strong></span> <span class='ocrx_word' id='word_1_221' title='bbox 589 1829 875 1870; x_wconf 84' lang='lat' dir='ltr'><strong>Dimissionem</strong></span> <span class='ocrx_word' id='word_1_222' title='bbox 907 1843 931 1868; x_wconf 91' lang='lat' dir='ltr'><strong>a</strong></span> <span class='ocrx_word' id='word_1_223' title='bbox 961 1829 1146 1883; x_wconf 86' lang='lat' dir='ltr'><strong>Principe</strong></span> <span class='ocrx_word' id='word_1_224' title='bbox 1179 1831 1405 1883; x_wconf 75' lang='lat' dir='ltr'><strong>impetravi.</strong></span> 
     </span>
    </p>

    <p class='ocr_par' dir='ltr' id='par_1_20' title="bbox 326 1886 922 1940">
     <span class='ocr_line' id='line_1_32' title="bbox 326 1886 922 1940; baseline -0.002 -12"><span class='ocrx_word' id='word_1_225' title='bbox 326 1886 393 1929; x_wconf 92' lang='lat'><strong>13.</strong></span> <span class='ocrx_word' id='word_1_226' title='bbox 469 1909 526 1937; x_wconf 89' lang='lat'><strong>„·</strong></span> <span class='ocrx_word' id='word_1_227' title='bbox 591 1889 675 1929; x_wconf 89' lang='lat' dir='ltr'><strong>Iter</strong></span> <span class='ocrx_word' id='word_1_228' title='bbox 706 1889 922 1940; x_wconf 86' lang='lat' dir='ltr'><strong>ingressus.</strong></span> 
     </span>
    </p>

    <p class='ocr_par' dir='ltr' id='par_1_21' title="bbox 322 1945 1173 2000">
     <span class='ocr_line' id='line_1_33' title="bbox 322 1945 1173 2000; baseline 0.001 -13"><span class='ocrx_word' id='word_1_229' title='bbox 322 1945 391 1987; x_wconf 85' lang='grc'><strong>21.</strong></span> <span class='ocrx_word' id='word_1_230' title='bbox 414 1947 514 2000; x_wconf 82' lang='lat' dir='ltr'><strong>Apr.</strong></span> <span class='ocrx_word' id='word_1_231' title='bbox 568 1947 774 1987; x_wconf 89' lang='lat' dir='ltr'><strong>Viaticum</strong></span> <span class='ocrx_word' id='word_1_232' title='bbox 806 1947 901 1987; x_wconf 88' lang='lat' dir='ltr'><strong>mihi</strong></span> <span class='ocrx_word' id='word_1_233' title='bbox 933 1948 1173 1988; x_wconf 80' lang='lat' dir='ltr'><strong>restitutum.</strong></span> 
     </span>
    </p>

    <p class='ocr_par' dir='ltr' id='par_1_22' title="bbox 322 2003 1906 2177">
     <span class='ocr_line' id='line_1_34' title="bbox 322 2003 1906 2060; baseline 0.002 -15"><span class='ocrx_word' id='word_1_234' title='bbox 322 2003 392 2046; x_wconf 79' lang='lat'><strong>24.</strong></span> <span class='ocrx_word' id='word_1_235' title='bbox 414 2005 513 2056; x_wconf 88' lang='lat' dir='ltr'><strong>Maj.</strong></span> <span class='ocrx_word' id='word_1_236' title='bbox 566 2004 708 2046; x_wconf 82' lang='lat' dir='ltr'><strong>Oratio</strong></span> <span class='ocrx_word' id='word_1_237' title='bbox 752 2006 892 2057; x_wconf 81' lang='lat' dir='ltr'><strong>prima.</strong></span> <span class='ocrx_word' id='word_1_238' title='bbox 963 2005 1091 2047; x_wconf 88' lang='lat' dir='ltr'><strong>Simul</strong></span> <span class='ocrx_word' id='word_1_239' title='bbox 1136 2007 1275 2047; x_wconf 85' lang='lat' dir='ltr'><strong>literas</strong></span> <span class='ocrx_word' id='word_1_240' title='bbox 1318 2007 1440 2048; x_wconf 89' lang='lat' dir='ltr'><strong>Uriae</strong></span> <span class='ocrx_word' id='word_1_241' title='bbox 1485 2008 1721 2056; x_wconf 87' lang='lat' dir='ltr'><strong>attuleram,</strong></span> <span class='ocrx_word' id='word_1_242' title='bbox 1766 2007 1906 2060; x_wconf 91' lang='lat' dir='ltr'><strong>quibus</strong></span> 
     </span>
     <span class='ocr_line' id='line_1_35' title="bbox 474 2064 1905 2118; baseline 0.002 -15"><span class='ocrx_word' id='word_1_243' title='bbox 474 2064 569 2104; x_wconf 91' lang='lat' dir='ltr'><strong>mihi</strong></span> <span class='ocrx_word' id='word_1_244' title='bbox 599 2065 744 2116; x_wconf 88' lang='lat' dir='ltr'><strong>conjux</strong></span> <span class='ocrx_word' id='word_1_245' title='bbox 775 2065 1067 2106; x_wconf 83' lang='lat' dir='ltr'><strong>destinabatur.</strong></span> <span class='ocrx_word' id='word_1_246' title='bbox 1130 2065 1218 2118; x_wconf 86' lang='lat' dir='ltr'><strong>Ego</strong></span> <span class='ocrx_word' id='word_1_247' title='bbox 1258 2078 1353 2106; x_wconf 90' lang='lat' dir='ltr'><strong>vero</strong></span> <span class='ocrx_word' id='word_1_248' title='bbox 1391 2079 1568 2107; x_wconf 91' lang='lat' dir='ltr'><strong>amorem</strong></span> <span class='ocrx_word' id='word_1_249' title='bbox 1606 2079 1759 2108; x_wconf 89' lang='lat' dir='ltr'><strong>mecum</strong></span> <span class='ocrx_word' id='word_1_250' title='bbox 1792 2070 1905 2107; x_wconf 91' lang='lat' dir='ltr'><strong>attu-</strong></span> 
     </span>
     <span class='ocr_line' id='line_1_36' title="bbox 475 2122 1355 2177; baseline 0.006 -16"><span class='ocrx_word' id='word_1_251' title='bbox 475 2122 612 2162; x_wconf 89' lang='lat' dir='ltr'><strong>leram.</strong></span> <span class='ocrx_word' id='word_1_252' title='bbox 676 2122 819 2168; x_wconf 88' lang='lat' dir='ltr'><strong>Quievi</strong></span> <span class='ocrx_word' id='word_1_253' title='bbox 851 2136 1061 2177; x_wconf 88' lang='lat' dir='ltr'><strong>parumper</strong></span> <span class='ocrx_word' id='word_1_254' title='bbox 1093 2136 1194 2164; x_wconf 87' lang='lat' dir='ltr'><strong>anno</strong></span> <span class='ocrx_word' id='word_1_255' title='bbox 1235 2122 1355 2166; x_wconf 88' lang='grc'><strong>1595.</strong></span> 
     </span>
    </p>

    <p class='ocr_par' dir='ltr' id='par_1_23' title="bbox 173 2177 1906 2280">
     <span class='ocr_line' id='line_1_37' title="bbox 173 2177 1906 2236; baseline 0.002 -16"><span class='ocrx_word' id='word_1_256' title='bbox 173 2177 295 2222; x_wconf 86' lang='grc'><strong>1595.</strong></span> <span class='ocrx_word' id='word_1_257' title='bbox 333 2178 399 2220; x_wconf 89' lang='grc'><strong>17.</strong></span> <span class='ocrx_word' id='word_1_258' title='bbox 420 2180 501 2220; x_wconf 88' lang='lat' dir='ltr'><strong>Jul.</strong></span> <span class='ocrx_word' id='word_1_259' title='bbox 551 2181 760 2221; x_wconf 87' lang='lat' dir='ltr'><strong>Inventum</strong></span> <span class='ocrx_word' id='word_1_260' title='bbox 785 2194 913 2221; x_wconf 89' lang='lat' dir='ltr'><strong>meum</strong></span> <span class='ocrx_word' id='word_1_261' title='bbox 935 2184 1167 2236; x_wconf 86' lang='lat' dir='ltr'><strong>mysterium</strong></span> <span class='ocrx_word' id='word_1_262' title='bbox 1188 2181 1581 2236; x_wconf 88' lang='lat' dir='ltr'><strong>Cosmographicum.</strong></span> <span class='ocrx_word' id='word_1_263' title='bbox 1620 2183 1772 2224; x_wconf 87' lang='lat' dir='ltr'><strong>Variae</strong></span> <span class='ocrx_word' id='word_1_264' title='bbox 1793 2195 1906 2223; x_wconf 88' lang='lat' dir='ltr'><strong>amo-</strong></span> 
     </span>
     <span class='ocr_line' id='line_1_38' title="bbox 475 2239 902 2280; baseline 0.005 -2"><span class='ocrx_word' id='word_1_265' title='bbox 475 2251 561 2278; x_wconf 90' lang='lat' dir='ltr'><strong>rum</strong></span> <span class='ocrx_word' id='word_1_266' title='bbox 590 2239 902 2280; x_wconf 87' lang='lat' dir='ltr'><strong>vicissitudines.</strong></span> 
     </span>
    </p>

    <p class='ocr_par' dir='ltr' id='par_1_24' title="bbox 331 2295 1906 2407">
     <span class='ocr_line' id='line_1_39' title="bbox 331 2295 1906 2340; baseline 0.002 -4"><span class='ocrx_word' id='word_1_267' title='bbox 331 2295 396 2336; x_wconf 87' lang='grc'><strong>17.</strong></span> <span class='ocrx_word' id='word_1_268' title='bbox 423 2296 522 2336; x_wconf 88' lang='lat' dir='ltr'><strong>Dec.</strong></span> <span class='ocrx_word' id='word_1_269' title='bbox 571 2297 746 2337; x_wconf 90' lang='lat' dir='ltr'><strong>Primum</strong></span> <span class='ocrx_word' id='word_1_270' title='bbox 777 2298 871 2338; x_wconf 90' lang='lat' dir='ltr'><strong>mihi</strong></span> <span class='ocrx_word' id='word_1_271' title='bbox 903 2298 1066 2338; x_wconf 90' lang='lat' dir='ltr'><strong>verbum</strong></span> <span class='ocrx_word' id='word_1_272' title='bbox 1104 2299 1205 2339; x_wconf 81' lang='lat' dir='ltr'><strong>dixit</strong></span> <span class='ocrx_word' id='word_1_273' title='bbox 1236 2299 1443 2340; x_wconf 87' lang='lat' dir='ltr'><strong>Vulcanus</strong></span> <span class='ocrx_word' id='word_1_274' title='bbox 1476 2301 1524 2340; x_wconf 91' lang='lat' dir='ltr'><strong>de</strong></span> <span class='ocrx_word' id='word_1_275' title='bbox 1556 2301 1719 2340; x_wconf 88' lang='lat' dir='ltr'><strong>Venere</strong></span> <span class='ocrx_word' id='word_1_276' title='bbox 1751 2310 1906 2339; x_wconf 87' lang='lat' dir='ltr'><strong>mecum</strong></span> 
     </span>
     <span class='ocr_line' id='line_1_40' title="bbox 476 2355 652 2407; baseline 0.018 -15"><span class='ocrx_word' id='word_1_277' title='bbox 476 2355 652 2407; x_wconf 86' lang='lat' dir='ltr'><strong>liganda.</strong></span> 
     </span>
    </p>

    <p class='ocr_par' dir='ltr' id='par_1_25' title="bbox 325 2412 1906 2630">
     <span class='ocr_line' id='line_1_41' title="bbox 325 2412 1906 2468; baseline 0.003 -13"><span class='ocrx_word' id='word_1_278' title='bbox 325 2412 395 2455; x_wconf 82' lang='lat'><strong>22.</strong></span> <span class='ocrx_word' id='word_1_279' title='bbox 417 2413 515 2453; x_wconf 88' lang='lat' dir='ltr'><strong>Dec.</strong></span> <span class='ocrx_word' id='word_1_280' title='bbox 567 2415 718 2453; x_wconf 88' lang='lat' dir='ltr'><strong>Iterum</strong></span> <span class='ocrx_word' id='word_1_281' title='bbox 749 2415 862 2454; x_wconf 88' lang='lat' dir='ltr'><strong>facta</strong></span> <span class='ocrx_word' id='word_1_282' title='bbox 892 2416 1038 2455; x_wconf 89' lang='lat' dir='ltr'><strong>mentio</strong></span> <span class='ocrx_word' id='word_1_283' title='bbox 1065 2428 1134 2455; x_wconf 91' lang='lat' dir='ltr'><strong>cor</strong></span> <span class='ocrx_word' id='word_1_284' title='bbox 1152 2416 1300 2468; x_wconf 87' lang='lat' dir='ltr'><strong>tetigit.</strong></span> <span class='ocrx_word' id='word_1_285' title='bbox 1362 2416 1492 2455; x_wconf 89' lang='lat' dir='ltr'><strong>Erant</strong></span> <span class='ocrx_word' id='word_1_286' title='bbox 1526 2413 1592 2466; x_wconf 90' lang='grc' dir='ltr'><strong>Θ,</strong></span> <span class='ocrx_word' id='word_1_287' title='bbox 1623 2415 1674 2463; x_wconf 73' lang='grc' dir='ltr'><strong>Ω,</strong></span> <span class='ocrx_word' id='word_1_288' title='bbox 1703 2416 1730 2465; x_wconf 72' lang='grc' dir='ltr'><strong><em>ζὲ</em></strong></span> <span class='ocrx_word' id='word_1_289' title='bbox 1750 2415 1791 2456; x_wconf 89' lang='lat' dir='ltr'><strong>in</strong></span> <span class='ocrx_word' id='word_1_290' title='bbox 1810 2414 1906 2459; x_wconf 79' lang='lat' dir='ltr'><strong>VH.</strong></span> 
     </span>
     <span class='ocr_line' id='line_1_42' title="bbox 477 2467 1905 2541; baseline 0.001 -30.002"><span class='ocrx_word' id='word_1_291' title='bbox 477 2472 516 2520; x_wconf 63' lang='grc'><strong>21</strong></span> <span class='ocrx_word' id='word_1_292' title='bbox 556 2472 592 2511; x_wconf 92' lang='lat' dir='ltr'><strong>in</strong></span> <span class='ocrx_word' id='word_1_293' title='bbox 627 2467 854 2518; x_wconf 79' lang='lat' dir='ltr'><strong>[lascend.</strong></span> <span class='ocrx_word' id='word_1_294' title='bbox 895 2480 936 2513; x_wconf 90' lang='lat' dir='ltr'><strong>et</strong></span> <span class='ocrx_word' id='word_1_295' title='bbox 968 2474 1060 2514; x_wconf 91' lang='lat' dir='ltr'><strong>VlI.</strong></span> <span class='ocrx_word' id='word_1_296' title='bbox 1105 2487 1273 2541; x_wconf 79' lang='lat' dir='ltr'><strong>magnas</strong></span> <span class='ocrx_word' id='word_1_297' title='bbox 1323 2475 1462 2514; x_wconf 86' lang='lat' dir='ltr'><strong>turbas</strong></span> <span class='ocrx_word' id='word_1_298' title='bbox 1501 2474 1612 2514; x_wconf 89' lang='lat' dir='ltr'><strong>dedit</strong></span> <span class='ocrx_word' id='word_1_299' title='bbox 1649 2486 1754 2514; x_wconf 90' lang='lat' dir='ltr'><strong>auno</strong></span> <span class='ocrx_word' id='word_1_300' title='bbox 1795 2473 1905 2513; x_wconf 88' lang='lat' dir='ltr'><strong>inte-</strong></span> 
     </span>
     <span class='ocr_line' id='line_1_43' title="bbox 476 2530 1906 2630; baseline 0.002 -61"><span class='ocrx_word' id='word_1_301' title='bbox 476 2543 547 2630; x_wconf 56' lang='grc' dir='ltr'><strong>ἕο</strong></span> <span class='ocrx_word' id='word_1_302' title='bbox 590 2536 630 2570; x_wconf 88' lang='lat' dir='ltr'><strong>et</strong></span> <span class='ocrx_word' id='word_1_303' title='bbox 672 2531 854 2583; x_wconf 84' lang='lat' dir='ltr'><strong>amplius.</strong></span> <span class='ocrx_word' id='word_1_304' title='bbox 918 2532 1022 2572; x_wconf 89' lang='lat' dir='ltr'><strong>Nam</strong></span> <span class='ocrx_word' id='word_1_305' title='bbox 1061 2530 1088 2582; x_wconf 80' lang='grc'><strong>15</strong></span> <span class='ocrx_word' id='word_1_306' title='bbox 1127 2532 1166 2572; x_wconf 89' lang='lat' dir='ltr'><strong>in</strong></span> <span class='ocrx_word' id='word_1_307' title='bbox 1211 2539 1299 2573; x_wconf 88' lang='lat' dir='ltr'><strong>ortu</strong></span> <span class='ocrx_word' id='word_1_308' title='bbox 1338 2538 1426 2573; x_wconf 88' lang='lat' dir='ltr'><strong>erat</strong></span> <span class='ocrx_word' id='word_1_309' title='bbox 1465 2532 1602 2572; x_wconf 86' lang='lat' dir='ltr'><strong>uxoris</strong></span> <span class='ocrx_word' id='word_1_310' title='bbox 1633 2544 1748 2572; x_wconf 89' lang='lat' dir='ltr'><strong>meae</strong></span> <span class='ocrx_word' id='word_1_311' title='bbox 1786 2536 1829 2571; x_wconf 88' lang='lat' dir='ltr'><strong>et</strong></span> <span class='ocrx_word' id='word_1_312' title='bbox 1865 2531 1906 2572; x_wconf 90' lang='lat' dir='ltr'><strong>in</strong></span> 
     </span>
    </p>

    <p class='ocr_par' dir='ltr' id='par_1_26' title="bbox 553 2602 653 2629">
     <span class='ocr_line' id='line_1_44' title="bbox 553 2602 653 2629; baseline -0.01 0"><span class='ocrx_word' id='word_1_313' title='bbox 553 2602 653 2629; x_wconf 92' lang='lat' dir='ltr'><strong>meo.</strong></span> 
     </span>
    </p>

    <p class='ocr_par' dir='ltr' id='par_1_27' title="bbox 172 2643 794 2699">
     <span class='ocr_line' id='line_1_45' title="bbox 172 2643 794 2699; baseline -0.002 -11"><span class='ocrx_word' id='word_1_314' title='bbox 172 2643 296 2688; x_wconf 89' lang='grc'><strong>1597.</strong></span> <span class='ocrx_word' id='word_1_315' title='bbox 360 2644 399 2688; x_wconf 91' lang='grc'><strong>9.</strong></span> <span class='ocrx_word' id='word_1_316' title='bbox 420 2648 518 2688; x_wconf 88' lang='lat' dir='ltr'><strong>Feb.</strong></span> <span class='ocrx_word' id='word_1_317' title='bbox 569 2648 794 2699; x_wconf 87' lang='lat' dir='ltr'><strong>Sponsaiia.</strong></span> 
     </span>
    </p>

    <p class='ocr_par' dir='ltr' id='par_1_28' title="bbox 325 2704 1905 2814">
     <span class='ocr_line' id='line_1_46' title="bbox 325 2704 1905 2759; baseline 0.001 -13"><span class='ocrx_word' id='word_1_318' title='bbox 325 2704 396 2746; x_wconf 82' lang='grc'><strong>27.</strong></span> <span class='ocrx_word' id='word_1_319' title='bbox 418 2706 518 2758; x_wconf 85' lang='lat' dir='ltr'><strong>Apr.</strong></span> <span class='ocrx_word' id='word_1_320' title='bbox 562 2707 736 2759; x_wconf 84' lang='lat' dir='ltr'><strong>Nuptias</strong></span> <span class='ocrx_word' id='word_1_321' title='bbox 777 2705 974 2745; x_wconf 85' lang='lat' dir='ltr'><strong>celebravi</strong></span> <span class='ocrx_word' id='word_1_322' title='bbox 1006 2706 1239 2747; x_wconf 86' lang='lat' dir='ltr'><strong>calamitoso</strong></span> <span class='ocrx_word' id='word_1_323' title='bbox 1272 2709 1395 2748; x_wconf 87' lang='lat' dir='ltr'><strong>coeio.</strong></span> <span class='ocrx_word' id='word_1_324' title='bbox 1456 2704 1558 2747; x_wconf 86' lang='lat' dir='ltr'><strong>Erat</strong></span> <span class='ocrx_word' id='word_1_325' title='bbox 1590 2713 1624 2754; x_wconf 70' lang='grc' dir='ltr'><strong>(ς</strong></span> <span class='ocrx_word' id='word_1_326' title='bbox 1654 2707 1692 2747; x_wconf 83' lang='grc' dir='ltr'><strong>ἰι]</strong></span> <span class='ocrx_word' id='word_1_327' title='bbox 1723 2706 1807 2756; x_wconf 65' lang='lat'><strong>821.</strong></span> <span class='ocrx_word' id='word_1_328' title='bbox 1835 2719 1905 2747; x_wconf 81' lang='lat' dir='ltr'><strong>ra·</strong></span> 
     </span>
     <span class='ocr_line' id='line_1_47' title="bbox 478 2762 1291 2814; baseline 0.003 -11"><span class='ocrx_word' id='word_1_329' title='bbox 478 2765 638 2813; x_wconf 85' lang='lat' dir='ltr'><strong>dicalis3</strong></span> <span class='ocrx_word' id='word_1_330' title='bbox 671 2770 811 2805; x_wconf 88' lang='lat' dir='ltr'><strong>contra</strong></span> <span class='ocrx_word' id='word_1_331' title='bbox 842 2764 879 2812; x_wconf 70' lang='grc'><strong>4</strong></span> <span class='ocrx_word' id='word_1_332' title='bbox 912 2764 950 2803; x_wconf 91' lang='lat' dir='ltr'><strong>in</strong></span> <span class='ocrx_word' id='word_1_333' title='bbox 984 2762 1056 2814; x_wconf 66' lang='lat'><strong>815</strong></span> <span class='ocrx_word' id='word_1_334' title='bbox 1088 2766 1291 2806; x_wconf 88' lang='lat' dir='ltr'><strong>radicalis.</strong></span> 
     </span>
    </p>

    <p class='ocr_par' dir='ltr' id='par_1_29' title="bbox 174 2788 1906 2930">
     <span class='ocr_line' id='line_1_48' title="bbox 174 2788 1906 2898; baseline 0.001 -36"><span class='ocrx_word' id='word_1_335' title='bbox 174 2788 296 2863; x_wconf 86' lang='grc'><strong>1598.</strong></span> <span class='ocrx_word' id='word_1_336' title='bbox 331 2820 400 2863; x_wconf 91' lang='grc'><strong>30.</strong></span> <span class='ocrx_word' id='word_1_337' title='bbox 423 2822 536 2875; x_wconf 87' lang='lat' dir='ltr'><strong>Sept.</strong></span> <span class='ocrx_word' id='word_1_338' title='bbox 582 2825 628 2863; x_wconf 93' lang='lat' dir='ltr'><strong>In</strong></span> <span class='ocrx_word' id='word_1_339' title='bbox 667 2824 863 2875; x_wconf 88' lang='lat' dir='ltr'><strong>Ungaria,</strong></span> <span class='ocrx_word' id='word_1_340' title='bbox 904 2824 1100 2863; x_wconf 89' lang='lat' dir='ltr'><strong>communi</strong></span> <span class='ocrx_word' id='word_1_341' title='bbox 1138 2825 1368 2864; x_wconf 87' lang='lat' dir='ltr'><strong>calamitate</strong></span> <span class='ocrx_word' id='word_1_342' title='bbox 1411 2824 1611 2877; x_wconf 86' lang='lat' dir='ltr'><strong>(expulsio</strong></span> <span class='ocrx_word' id='word_1_343' title='bbox 1651 2824 1906 2898; x_wconf 89' lang='lat' dir='ltr'><strong>Lutherano-</strong></span> 
     </span>
     <span class='ocr_line' id='line_1_49' title="bbox 472 2881 1145 2930; baseline 0 -9"><span class='ocrx_word' id='word_1_344' title='bbox 472 2884 589 2930; x_wconf 90' lang='lat' dir='ltr'><strong>rum).</strong></span> <span class='ocrx_word' id='word_1_345' title='bbox 651 2882 772 2922; x_wconf 89' lang='lat' dir='ltr'><strong>Brevi</strong></span> <span class='ocrx_word' id='word_1_346' title='bbox 804 2881 1014 2921; x_wconf 85' lang='lat' dir='ltr'><strong>restitutus</strong></span> <span class='ocrx_word' id='word_1_347' title='bbox 1047 2894 1145 2921; x_wconf 87' lang='lat' dir='ltr'><strong>sum.</strong></span> 
     </span>
    </p>

    <p class='ocr_par' dir='ltr' id='par_1_30' title="bbox 161 2934 1906 3052">
     <span class='ocr_line' id='line_1_50' title="bbox 161 2934 1906 2994; baseline 0.003 -17"><span class='ocrx_word' id='word_1_348' title='bbox 161 2934 297 2978; x_wconf 74' lang='grc'><strong>-1599,</strong></span> <span class='ocrx_word' id='word_1_349' title='bbox 333 2936 425 2979; x_wconf 90' lang='lat' dir='ltr'><strong>Oct.</strong></span> <span class='ocrx_word' id='word_1_350' title='bbox 484 2939 654 2980; x_wconf 88' lang='lat' dir='ltr'><strong>Omnino</strong></span> <span class='ocrx_word' id='word_1_351' title='bbox 687 2940 857 2987; x_wconf 89' lang='lat' dir='ltr'><strong>decrevi,</strong></span> <span class='ocrx_word' id='word_1_352' title='bbox 892 2939 999 2979; x_wconf 88' lang='lat' dir='ltr'><strong>abire</strong></span> <span class='ocrx_word' id='word_1_353' title='bbox 1022 2939 1171 2994; x_wconf 86' lang='lat' dir='ltr'><strong>Styria‚</strong></span> <span class='ocrx_word' id='word_1_354' title='bbox 1206 2941 1258 2980; x_wconf 88' lang='lat' dir='ltr'><strong>ad</strong></span> <span class='ocrx_word' id='word_1_355' title='bbox 1277 2941 1504 2994; x_wconf 88' lang='lat' dir='ltr'><strong>Tychonem</strong></span> <span class='ocrx_word' id='word_1_356' title='bbox 1535 2941 1764 2990; x_wconf 88' lang='lat' dir='ltr'><strong>concedere,</strong></span> <span class='ocrx_word' id='word_1_357' title='bbox 1798 2939 1906 2982; x_wconf 87' lang='lat' dir='ltr'><strong>Cae-</strong></span> 
     </span>
     <span class='ocr_line' id='line_1_51' title="bbox 481 2998 1499 3052; baseline 0.003 -15"><span class='ocrx_word' id='word_1_358' title='bbox 481 2999 582 3038; x_wconf 85' lang='lat' dir='ltr'><strong>saris</strong></span> <span class='ocrx_word' id='word_1_359' title='bbox 613 2999 763 3039; x_wconf 90' lang='lat' dir='ltr'><strong>ambire</strong></span> <span class='ocrx_word' id='word_1_360' title='bbox 796 2998 995 3046; x_wconf 85' lang='lat' dir='ltr'><strong>salarium,</strong></span> <span class='ocrx_word' id='word_1_361' title='bbox 1029 2999 1138 3039; x_wconf 91' lang='lat' dir='ltr'><strong>nulla</strong></span> <span class='ocrx_word' id='word_1_362' title='bbox 1168 3012 1238 3051; x_wconf 91' lang='lat' dir='ltr'><strong>spe</strong></span> <span class='ocrx_word' id='word_1_363' title='bbox 1270 3001 1499 3052; x_wconf 87' lang='lat' dir='ltr'><strong>affulgente.</strong></span> 
     </span>
    </p>
   </div>
  </div>
 </body>
</html>
