2028 3242
820 67 936 97 eontra
958 63 1090 97 um.
1774 61 1861 107 265

51 169 228 223 pinque
262 179 363 209 vero
401 169 721 219 numerationes,
766 170 937 212 artificio
976 169 1360 211 demonstrationum
1391 169 1613 237 destitutae
1620 182 1634 219 ;
1678 169 1784 238 quod
1809 183 1860 211 ex

50 227 122 269 in·
149 212 272 280 ιωμὶ
298 227 523 270 Ptolemaei
553 229 814 271 excusatione
845 230 914 270 lib.
946 229 1021 272 ix
1051 229 1167 276 initio
1201 227 1321 269 facile
1352 229 1488 282 colligi
1517 233 1676 297 potest:
1717 230 1859 298 ‹inspu7

46 292 177 328 tat-uni
205 286 329 331 etiam
357 287 469 328 varie
501 289 588 335 fuit,
619 300 791 341 quonam
819 295 941 342 pacto
971 293 1171 341 punctum
1193 292 1348 328 certum
1362 293 1623 355 ,geometrice
1651 288 1858 357 designari

48 350 183 400 queat,
214 345 256 386 in
286 358 363 399 quo
393 347 560 399 planeta
589 353 700 389 stare
730 347 938 388 videatur:
981 359 1071 388 cum
1114 347 1215 387 haec
1252 359 1318 387 res
1358 359 1435 387 nou
1468 347 1610 414 aliter·
1626 360 1703 415 nisi
1731 360 1859 415 prope

44 417 181 446 verum
221 405 412 446 constitui
448 411 492 446 et
521 406 763 448 numerando
801 405 937 458 colligi
982 418 1104 459 posse
1132 404 1352 446 videretur.
1412 405 1564 446 Extitit
1599 412 1729 474 igitur·
1751 412 1858 447 inter

45 468 203 505 cetoros
233 469 277 505 et
305 463 561 518 Pergaeus
590 471 867 519 geometra,
899 465 1110 518 problema
1138 463 1397 517 geometricis
1429 465 1753 506 accommodavit
1783 466 1859 532 de-

44 523 415 574 monstrationibus,
446 537 573 578 eaque
602 524 681 566 sibi
711 524 875 574 sumsit,
908 524 1050 578 quibus
1083 522 1288 564 concessis
1321 523 1510 575 expedire
1542 523 1857 592 demonstratio-

43 594 135 623 nem
175 587 385 636 speraret:
429 596 531 636 quae
577 584 736 638 quidem
777 582 1070 625 demonstratio
1114 581 1340 623 admirabili
1383 582 1569 634 profecta
1609 583 1769 637 ingemo
1814 588 1859 623 et

43 641 271 685 inventione
298 642 579 691 solertissim
611 645 732 696 plane
763 644 943 685 conica
971 642 1061 694 ejus
1093 641 1247 682 autoris
1278 641 1400 694 sapit.
1463 642 1527 683 De
1553 655 1601 684 eo
1632 643 1692 684 sic
1711 643 1856 683 Ptole-

42 713 181 741 maeus
209 700 393 754 (Almag.
422 701 525 751 XII,
567 702 655 750 i.):
700 703 920 756 Supposita
957 714 1036 742 uua
1076 700 1223 741 saltem
1268 700 1564 754 inaequalitate
1607 707 1761 751 motus,
1806 714 1856 740 ea

41 772 205 813 nempe,
236 772 339 814 quae
368 760 421 800 ad
452 760 588 803 Solem
618 763 856 813 restituitur,
1321 775 1383 807 ''is-
1402 777 1432 803 ⁴-

38 818 240 870 geminam
258 819 483 861 instituisse
504 822 672 863 formam
690 823 854 875 proble-

38 877 173 920 matis.
224 878 361 920 Primo
392 878 427 920 si
449 879 553 921 banc
582 881 854 935 inaequalita-

38 944 123 980 tem
151 940 240 995 qu‘n
269 939 311 981 in
342 941 521 996 epicyclo
552 949 710 987 statuat
739 947 851 988 acci-

37 998 152 1047 dere,
193 999 256 1041 ita
294 1004 342 1041 ut
380 1001 548 1055 epicycli
589 1010 770 1047 centrum
811 1006 852 1047 in

37 1059 288 1103 concentrico
325 1066 536 1104 moveatur
570 1064 611 1106 in
651 1066 853 1120 signorum

36 1119 335 1171 consequentia,
366 1120 487 1163 stella
515 1122 556 1163 in
581 1124 759 1180 epioyclo
790 1126 851 1167 si-

36 1177 185 1218 militer
224 1178 267 1219 in
308 1183 595 1233 consequentia
643 1198 694 1227 ex
732 1192 850 1240 parte

36 1236 256 1288 superiori:
301 1238 443 1293 quibus
489 1243 656 1294 positis,
701 1259 759 1287 sc.
809 1247 851 1288 A

35 1295 182 1345 Terra,
237 1301 280 1337 et
331 1297 478 1340 circum
537 1315 625 1344 eam
674 1317 848 1346 concen-

34 1353 135 1394 ‘¹50⁰
165 1353 258 1404 ΟΒ,
293 1356 413 1411 inque
443 1372 492 1400 eo
524 1361 703 1416 epicyclo
735 1363 852 1405 GFH

34 1412 143 1454 circa
159 1411 195 1456 C
220 1420 417 1472 contium,
445 1423 490 1459 et
507 1417 603 1461 Sole
622 1435 780 1475 semper
809 1424 850 1464 iu

33 1471 142 1513 linea
156 1468 452 1525 ravennate,
483 1478 594 1521 ducit
610 1481 851 1534 Apollonius

34 1527 358 1574 tiammo
379 1536 517 1587 talem,
548 1543 594 1580 ut
622 1539 701 1582 ΕΗ
730 1542 849 1583 dimi-

32 1589 141 1631 dim
178 1591 376 1646 portionis
414 1594 524 1638 intra
565 1597 754 1642 droulum
797 1602 851 1642 ad

31 1648 131 1698 ΑΗ,
173 1650 374 1693 rofflum
416 1654 468 1695 ab
503 1657 620 1698 oculo
650 1658 691 1700 A
727 1660 779 1700 ad
809 1660 852 1701 Η

33 1715 254 1757 mmm
288 1708 456 1767 epicycli
496 1720 672 1769 partem,
716 1718 771 1759 sit
809 1719 849 1760 in

32 1780 84 1807 ea
109 1764 379 1822 proportione,
409 1771 449 1813 in
480 1786 560 1826 qua
589 1782 654 1817 est
683 1778 850 1831 epicycli

31 1825 229 1869 velocitas
264 1841 316 1870 ex
343 1827 378 1871 C
413 1830 455 1872 in
484 1832 521 1873 E
558 1834 611 1875 ad
648 1836 847 1879 velocita-

0 1889 115 1925 2te1n
154 1887 393 1942 stellae,ex
422 1890 459 1931 F
488 1892 529 1933 in
568 1891 635 1934 G:
680 1895 847 1938 demon-

30 1941 233 1998 sti-atque,
263 1946 300 1988 si
328 1948 494 2000 planeta
522 1951 563 1992 in
593 1953 632 1993 id
663 1961 853 2006 punctum
885 1958 924 1999 H
957 1959 1132 2010 incidat,
1175 1967 1285 2002 stare
1319 1961 1450 2004 visum
1480 1963 1542 2004 iri.
1605 1964 1679 2006 Sin
1709 1972 1845 2008 autem

30 2001 119 2055 quis
149 2003 264 2046 malit
291 2005 398 2048 lianc
427 2008 771 2063 inaequalitatem,
802 2029 904 2069 quae
935 2025 1171 2071 respectum
1189 2021 1314 2062 habet
1342 2023 1396 2062 ad
1416 2021 1568 2072 Solem,
1598 2036 1671 2077 per
1701 2038 1846 2067 eccen—

30 2061 175 2103 tticum
192 2063 488 2117 administrare,
513 2070 727 2113 valituram
746 2074 849 2116 hauc
1311 2091 1374 2123 rie.
1394 2093 1422 2117 ⁵.

28 2120 227 2169 rationem
253 2124 414 2166 nonnisi
442 2126 482 2167 in
514 2126 541 2168 3
561 2131 843 2183 superioribus,

28 2179 95 2231 qui
114 2180 218 2221 omni
237 2188 468 2234 aspectuum
493 2185 623 2228 forma
641 2202 730 2231 cum
748 2190 844 2233 Sole

27 2239 341 2291 configurentur,
378 2248 420 2282 et
450 2250 633 2296 oportere
664 2254 844 2292 centrum
877 2295 884 2297 s

27 2295 147 2348 liujus
177 2299 389 2340 eccentrici
425 2301 533 2343 circa
563 2310 742 2348 centrum
771 2323 843 2350 zo-

26 2354 132 2396 diaci
162 2358 386 2411 aequaliter
402 2359 489 2402 Soli
507 2364 659 2404 moveri
683 2366 723 2406 in
746 2380 844 2408 cou-

26 2416 255 2467 sequentia,
299 2418 462 2460 stellam
499 2435 594 2462 vero
623 2423 666 2463 in
696 2433 843 2467 eccen-

26 2473 141 2523 trico,
172 2475 280 2517 circa
310 2483 490 2519 centrum
518 2480 645 2533 ipsius
662 2484 703 2523 in
721 2497 844 2536 prae-

27 2532 239 2586 sedentia„
257 2535 558 2590 inaequalitatis
588 2539 699 2585 illius
719 2544 844 2585 motui

29 2591 262 2643 aequaliter.
323 2594 480 2644 Quibus
510 2598 655 2641 iterum
685 2603 841 2653 positis,
913 2638 923 2646 .
1004 2600 1010 2609 ’

29 2660 84 2690 sc.
112 2651 148 2691 F
175 2651 320 2702 Terra,
351 2655 414 2703 N,
449 2656 485 2696 E
528 2664 665 2700 centro
696 2674 840 2702 eccen-

26 2708 135 2766 trici,
176 2711 286 2752 circa
320 2713 356 2753 F
397 2728 526 2756 annuo
569 2724 680 2758 motu
722 2721 840 2761 volu-

53 2766 65 2776 '
83 2767 94 2776 '
123 2767 192 2809 via
218 2769 355 2821 Nm,
398 2772 439 2814 A
469 2787 563 2816 vero
597 2777 764 2829 planeta
800 2779 839 2819 in

118 2827 246 2868 nti-ico
267 2841 409 2872 versus
425 2831 537 2874 BCT
554 2841 705 2878 motum
724 2851 839 2878 com-

39 2936 41 2938 ’
68 2933 86 2974 -⁴
137 2948 202 2994 ως
240 2945 350 2989 ducit
384 2962 539 2992 rursum
572 2965 646 3005 per
671 2955 706 2995 F
735 2956 839 2995 Ter-

139 3002 285 3045 lineam
304 3006 441 3053 talem,
470 3014 519 3050 ut
546 3012 746 3054 medietas
766 3013 840 3055 OT

169 3059 241 3104 BT
258 3063 403 3106 ductae
431 3070 730 3122 proportionem
748 3085 837 3114 eam
