2028 3242
870 57 981 91 Nom
1006 58 1158 91 sartoris.
1835 55 1922 100 285

119 173 248 208 quoque
271 169 419 198 noan-am
441 163 529 196 banc
553 164 734 197 theoricam
765 163 1003 205 improbaturus
1028 163 1185 205 despero,
1221 172 1294 195 cum
1319 162 1477 201 viderint,
1514 163 1700 204 hujusmodi
1728 162 1924 205 hypothedn

118 212 187 244 suis
209 221 419 255 nequaquam
443 212 724 243 observationibus
747 220 943 253 repugnare.

211 258 252 291 Iu
275 259 356 291 libro
380 260 451 301 ipso
476 258 748 300 deprehendimus
772 258 924 290 undecim
949 247 1118 300 sphaeras,
1143 266 1280 298 quarum
1305 257 1428 288 extima
1446 256 1608 298 „reliquas
1632 265 1695 288 sua
1714 257 1922 289 concavitate
1936 247 1965 277 Ὗ

118 305 345 348 complectitur
368 311 403 338 et
426 315 537 338 secum
561 314 622 338 sua
645 305 820 338 velocitate
843 305 963 346 rapit.“
1015 303 1178 342 „Decima
1188 303 1379 335 immediate
1403 304 1463 335 sub
1478 304 1585 345 priore
1609 304 1775 339 statuitur,
1800 304 1835 336 in
1858 312 1925 345 qua

118 354 219 385 etiam
242 353 463 396 imaginamur
487 353 690 394 eclipticam.
726 354 818 393 cnjus
841 352 907 393 poli
937 356 1063 383 motum
1087 351 1229 383 subeunt
1258 350 1474 382 librationis.··
1524 350 1587 383 Hic
1612 356 1720 382 motus
1756 350 1924 392 perficitur
1968 363 1969 366 ¹

117 396 141 430 4
165 399 304 432 circellis
329 401 418 432 circa
440 405 613 442 utrumque
637 399 763 441 polum,
796 408 930 440 quorum
955 403 1062 430 motus
1087 397 1230 439 pluribus
1256 397 1446 439 explicatur.
1495 396 1594 430 Nona
1618 397 1760 439 sphaera
1784 398 1923 430 alterum

117 445 301 479 librationis
326 452 452 479 motum
475 448 509 478 in
533 445 644 478 mundi
668 445 776 478 latera
799 445 947 487 sphaeris
972 446 1060 477 iutra
1084 453 1158 477 eam
1184 445 1345 476 contentis
1371 445 1603 482 communicat,
1630 445 1710 476 item
1727 455 1787 487 ope
1811 442 1834 475 4
1860 446 1920 477 cir·
1942 461 1946 492 3

117 493 281 526 cenorum.
332 493 481 527 Oct-avae
505 493 665 536 sphaerae
689 492 802 525 stellas
826 492 908 524 fixas
933 493 967 524 in
992 492 1259 533 consequentiam
1293 491 1416 532 profert
1440 495 1556 523 contra
1579 496 1703 524 motum
1727 492 1923 524 undecimae
1943 505 1947 514 ι

118 542 252 584 eJusque
288 540 432 573 diversum
465 549 488 573 a
509 540 666 582 prioribus
702 539 848 581 sphaeris
871 543 979 571 motus
1016 538 1125 571 salvat
1159 538 1368 580 inaequalem
1403 537 1541 570 fixarum
1567 542 1703 570 motum.
1754 538 1923 580 sphaerae
1948 547 1950 551 ’

117 588 319 630 superiorum
342 587 562 630 planetarum,
587 587 802 619 homocentra
827 586 974 628 sphaeris
998 586 1156 628 prioribus
1181 586 1272 618 circa
1294 585 1407 617 mnndi
1427 590 1575 618 centrum
1601 586 1715 618 diurno
1740 590 1831 618 motu
1848 596 1923 619 cum

115 635 219 677 primo
243 635 336 668 coelo
360 635 672 671 circumvolvuntur,
698 634 885 666 dividuntur
909 638 1020 666 autem
1044 633 1196 675 singulae
1219 634 1254 665 in
1279 631 1301 663 4
1324 632 1541 674 particulares
1566 634 1660 665 orbes
1686 634 1922 670 „eccentricos,

116 681 435 725 eeeentropieyelos.
474 681 694 714 deferentes“.
734 680 885 722 Sphaera
909 679 951 720 Θ
980 691 1020 714 ex
1044 681 1066 712 5
1092 684 1226 713 constat
1249 680 1378 712 orbibus
1411 680 1446 711 in
1470 680 1642 722 superficie
1667 680 1840 723 eclipticae
1865 681 1922 712 de·

114 729 254 771 scriptis,
279 738 415 772 quorum
440 729 577 761 extremi
602 728 666 761 ὰιο
691 734 768 760 sunt
794 729 970 760 eccentrici
997 727 1199 766 „secundum
1230 727 1306 769 quid
1334 736 1394 760 seu
1426 736 1467 759 ex
1494 727 1610 769 parte“
1638 725 1697 760 ae.
1713 750 1722 765 ,
1756 727 1791 760 hi
1814 729 1924 760 vocari

113 780 250 818 possunt
273 775 459 808 deserentes
481 785 665 818 apogaeum
690 786 812 812 verum,
839 775 1023 808 deferentes
1050 775 1190 816 corporis
1210 774 1343 811 Solaris‚
1371 774 1463 807 orbes
1482 774 1670 807 anomaliae
1688 776 1839 818 apogaet
1867 785 1921 808 ec·

114 823 329 856 ceutricitatis
353 822 459 856 Solis*
486 821 547 855 eze.

207 869 416 903 Inferioribus
439 870 582 912 planetis
609 870 720 901 tribuit
736 868 892 912 Maginus
919 869 940 900 4
966 874 999 901 et
1025 868 1058 905 5,
1086 868 1204 900 Lunae
1228 878 1303 900 vero
1326 865 1346 899 6
1365 868 1458 900 orbes
1483 869 1685 900 eccentricos
1709 874 1743 901 et
1760 869 1923 911 epicyclos

114 917 164 949 ita
185 917 326 949 invicem
340 917 540 954 intitulatos,
567 921 614 955 nt,
641 917 728 949 sicut
751 917 784 947 in
810 915 980 957 prioribus,
1007 915 1156 948 soliditas
1182 914 1393 957 sphaerarum
1410 916 1477 948 fere
1494 916 1681 949 necessario
1699 916 1743 949 ad
1759 917 1921 949 sustineu-

113 963 191 996 dam
214 964 301 997 hanc
326 964 557 1011 complicatam
581 963 699 995 molem
726 963 925 995 arcessenda
948 964 999 995 sit.
1739 964 1918 979 “““····

207 1055 247 1098 8)
270 1067 304 1100 p.
322 1054 402 1088 240.
435 1056 574 1099 Spectat
589 1056 639 1088 his
657 1055 823 1098 Keplerus
848 1034 959 1090 literas
978 1056 1179 1090 Rothmanni
1206 1056 1237 1089 d.
1258 1055 1412 1090 Cassellis
1438 1057 1469 1090 d.
1499 1056 1552 1090 11.
1573 1056 1639 1090 Oct
1658 1055 1767 1096 1587,
1792 1058 1827 1090 in
1852 1058 1922 1101 qui-

113 1104 173 1137 bus
195 1104 252 1138 ille
274 1105 317 1137 de
341 1104 456 1137 studiis
480 1105 547 1136 suis
571 1103 655 1136 haec
679 1104 795 1136 refert:
1506 1096 1789 1113 ffl-

209 1173 396 1216 Conscripsi
418 1173 620 1216 Vitebergae
645 1173 801 1216 organon
826 1172 1102 1206 Mathematicum
1139 1173 1226 1216 quod
1251 1174 1400 1206 continet
1428 1173 1633 1216 Logisticam
1657 1175 1923 1218 sexagenariam,
1959 1173 1971 1186 '¹

1974 764 1990 930 ,Murum-am„
1988 740 1992 743 .

1974 1189 1992 1227 'x

115 1221 310 1254 Doctriuam
334 1221 472 1254 Sinuum
496 1219 557 1253 ἁο.
607 1220 790 1262 Conscripsi
815 1221 936 1253 ibidem
961 1222 1062 1253 etiam
1087 1222 1349 1258 astronomiam,
1385 1222 1419 1253 iu
1443 1230 1510 1263 qua
1532 1221 1729 1263 hypotheses
1754 1221 1924 1263 Coperuici
1990 1240 1995 1254 ÷

114 1269 244 1301 traduxi
269 1268 314 1301 ad
336 1269 554 1301 mobilitatem
578 1267 662 1301 Solis
688 1266 792 1309 (quod
816 1268 888 1300 fieri
912 1277 1006 1309 posse
1032 1278 1098 1300 uon
1122 1266 1271 1311 ignoras)
1295 1269 1488 1311 singulaque
1506 1268 1728 1301 theoricamm
1751 1269 1925 1302 schemata
1991 1271 1997 1310 ξ

115 1316 242 1348 calculo
253 1315 429 1348 Prutenico
454 1315 630 1348 declaravi.
681 1314 803 1347 Verum
827 1325 902 1347 cnm
918 1325 977 1356 per
992 1315 1247 1355 observationes,
1260 1315 1451 1352 invenerim,
1467 1315 1599 1348 tabulas
1616 1315 1812 1349 Prutenicas
1827 1316 1923 1349 valde
1990 1314 1997 1344 ἴ

114 1364 289 1406 insigniter
312 1372 335 1395 a
357 1364 499 1395 veritate
524 1362 607 1394 coeli
633 1362 766 1399 abesse,
792 1362 1047 1403 publicationem
1074 1365 1146 1403 ejus
1169 1362 1337 1404 hucusque
1363 1362 1492 1402 distuli,
1519 1372 1562 1394 ne
1586 1363 1736 1395 vitiosum
1761 1363 1923 1397 calculum
1984 1383 1989 1402 5

113 1419 172 1452 pro
195 1419 271 1442 vero
295 1409 496 1442 discentibus
520 1409 645 1449 viderer
669 1409 908 1441 commendare.
957 1408 1044 1441 Mira
1067 1410 1228 1442 brevitate
1259 1419 1318 1450 per
1342 1410 1435 1452 leges
1459 1409 1584 1452 logicas
1617 1410 1768 1442 dissectis
1791 1409 1921 1443 hetero-

115 1457 230 1499 geneis
251 1456 356 1489 multo
380 1457 476 1499 plura
496 1457 530 1488 in
555 1465 629 1488 eam
648 1458 783 1497 conjeci,
810 1465 909 1498 quam
934 1458 1106 1494 continent
1130 1456 1282 1499 vulgares
1298 1456 1462 1498 sphaerici
1486 1462 1521 1488 et
1544 1457 1680 1490 theorici
1703 1457 1814 1490 libelli.
1855 1457 1922 1490 Im·
1972 1463 1979 1490 ἑ

114 1504 226 1546 pulsus
255 1513 328 1536 sum
359 1504 404 1536 ad
426 1513 501 1536 eam
526 1504 733 1536 acerbissimo
759 1503 890 1540 dolore,
922 1502 1008 1544 quod
1038 1504 1181 1536 viderem
1212 1504 1247 1535 in
1272 1503 1451 1536 academiis
1484 1503 1564 1536 nihil
1597 1505 1665 1536 fere
1696 1504 1738 1537 de
1761 1505 1826 1537 hac
1851 1510 1923 1537 arte
1968 1504 1974 1544 J

114 1551 272 1594 intelligi;
305 1551 467 1584 calculum
493 1550 624 1592 quidem
647 1550 860 1582 Pruteuicum
884 1551 918 1582 in
943 1552 1086 1583 omnium
1111 1561 1183 1583 esse
1208 1551 1380 1588 manibus,
1415 1556 1452 1583 at
1475 1555 1605 1583 tantum
1629 1560 1723 1584 mera
1744 1551 1924 1585 Prutenica
1968 1545 1973 1581 Ϊ

115 1603 296 1640 praecepta
318 1599 456 1630 tractari
479 1607 542 1630 nec
566 1599 714 1634 inveniri,
740 1599 794 1638 qui
817 1597 1014 1639 hypotheses
1034 1600 1104 1639 ejus
1117 1598 1315 1640 intelligant,
1341 1608 1384 1630 ne
1401 1599 1531 1640 quidem
1549 1599 1634 1630 inter
1651 1609 1718 1635 eos,
1744 1600 1799 1641 qui
1816 1605 1922 1631 astro-
1973 1596 2004 1640 '¹³

116 1646 261 1677 nonnam
282 1645 498 1687 profiteantur
521 1654 562 1677 ac
590 1655 626 1676 se
651 1655 793 1676 summos
818 1645 1070 1677 mathematicos
1094 1650 1221 1687 putent.
1272 1645 1400 1677 Motum
1429 1646 1666 1686 praecessionis
1697 1647 1920 1688 aequinoctio·

115 1701 187 1724 mm
211 1697 247 1725 et
269 1697 419 1725 mutatae
444 1692 642 1734 obliquitatis
668 1692 814 1729 zodiaci,
841 1694 933 1733 cujus
957 1692 1154 1734 hypotheses
1179 1693 1344 1724 neminem
1376 1692 1484 1726 adhuc
1510 1693 1574 1725 vidi
1598 1693 1711 1726 dextre
1737 1693 1922 1736 intelligere

108 1747 178 1772 nec
200 1744 236 1772 te
259 1739 380 1772 multos
403 1739 521 1771 vidisse
546 1740 701 1778 arbitror,
736 1749 864 1771 summa
895 1740 1056 1772 facilitate
1082 1744 1117 1772 et
1140 1740 1375 1781 perspicuitate
1406 1741 1565 1775 tractavi,
1601 1741 1655 1782 qui
1687 1745 1803 1773 tamen
1826 1741 1923 1773 aliter

114 1786 309 1819 tractandus
340 1788 411 1827 jam
435 1792 502 1823 est,
539 1796 612 1819 cum
645 1787 761 1819 stellae
796 1796 874 1818 suas
907 1790 1053 1819 mutasse
1088 1786 1279 1820 latitudines
1303 1787 1523 1819 inveniantur.
1571 1786 1624 1819 De
1656 1787 1769 1820 diebus
1794 1797 1922 1830 quoque

114 1838 186 1866 tam
209 1834 433 1866 artificialibus
457 1843 556 1875 quam
580 1834 784 1866 naturalibus
816 1834 920 1875 deque
945 1835 1099 1875 temporis
1125 1835 1323 1875 aequatione
1356 1844 1396 1866 ex
1419 1835 1488 1875 ipso
1514 1835 1729 1867 fundamento
1760 1845 1828 1867 non
1851 1835 1920 1867 vul·

114 1881 210 1923 guia
231 1881 393 1923 proposui.
444 1880 547 1913 Orbes
577 1881 649 1913 illos
674 1881 780 1913 reales
811 1885 845 1912 et
869 1886 918 1912 tot
952 1890 1030 1913 axes
1054 1882 1266 1914 obscurantes
1300 1882 1407 1923 potius
1437 1883 1670 1914 astronomiam
1694 1891 1794 1924 quam
1819 1883 1921 1924 expli-

115 1932 230 1960 cautes
262 1937 392 1970 prorsus
429 1928 555 1960 sustuli.
605 1927 643 1959 In
675 1928 823 1960 theorica
857 1926 898 1967 Θ
936 1933 969 1960 et
994 1924 1028 1969 D
1067 1938 1169 1961 unam
1205 1933 1238 1961 et
1263 1929 1404 1960 eandem
1439 1929 1632 1961 circulorum
1666 1930 1922 1972 suppositionem

115 1975 264 2015 mansi,
290 1976 441 2007 nimirum
465 1976 696 2012 eecentricun„
724 1977 816 2016 cujus
842 1979 989 2007 centrum
1014 1978 1047 2008 in
1074 1976 1202 2008 circello
1235 1985 1334 2017 supra
1358 1979 1506 2008 centrum
1529 1976 1644 2008 mundi
1667 1977 1702 2009 in
1725 1977 1816 2010 linea
1840 1986 1921 2019 apo-

113 2022 191 2063 gaci
213 2022 313 2054 medii
346 2027 381 2054 et
404 2022 535 2064 quidem
565 2023 599 2054 in
625 2028 736 2054 centro
770 2023 900 2054 mediae
925 2024 1181 2055 eccentricitatis
1214 2023 1415 2056 consistente
1447 2025 1490 2055 sit
1514 2023 1652 2055 mobile:
1690 2028 1922 2066 praeterquam

113 2068 199 2110 quod
222 2070 257 2100 in
274 2068 350 2101 Sole
374 2069 540 2101 anomalia
563 2070 699 2110 simplex
722 2071 756 2101 in
781 2079 909 2102 summa
933 2071 1054 2102 circelli
1078 2075 1174 2112 parte
1199 2071 1348 2112 incipiat,
1375 2071 1409 2102 in
1429 2071 1526 2102 Luna
1543 2081 1617 2103 vero
1643 2071 1781 2113 duplata
1805 2081 1827 2104 a
1844 2071 1921 2104 Sole

1988 1981 1996 2024 ἑ

1985 2031 1995 2056 f

1978 2057 1991 2104 ί

115 2115 283 2149 distantia
304 2117 441 2157 incipiat
472 2117 634 2148 contrario
664 2117 760 2148 modo
786 2117 828 2149 ab
859 2117 926 2149 ima
958 2117 1077 2150 circelli
1103 2122 1208 2159 parte.
1259 2117 1399 2150 Omnino
1435 2127 1529 2160 spero
1564 2118 1729 2151 discentes
1759 2129 1921 2152 summum
1941 2105 1983 2171 J

113 2161 190 2194 inde
214 2162 355 2195 fructum
379 2172 497 2204 capere
521 2172 628 2204 posse.

206 2209 303 2248 Haec
326 2208 558 2241 Rothmannus
582 2211 617 2241 in
640 2209 740 2242 literis
766 2210 797 2241 d.
824 2208 879 2241 13.
908 2209 984 2242 Oct.
1013 2210 1028 2241 1
1053 2209 1104 2249 §B
1128 2211 1171 2242 ad
1189 2211 1379 2252 Tychonem
1406 2212 1492 2244 datis
1517 2213 1563 2244 sic
1589 2212 1766 2253 explanare
1790 2213 1919 2245 studet:
1944 2212 1982 2223 Ἴ

115 2255 198 2287 Cum
221 2256 395 2288 Elementa
418 2266 494 2287 mea
517 2257 746 2287 Astronomica
770 2258 895 2288 conseri
919 2267 1017 2294 erem,
1044 2257 1173 2289 Lunam
1199 2262 1233 2289 et
1257 2257 1367 2290 Solem
1392 2260 1481 2291 circa
1505 2259 1640 2291 Terram
1666 2260 1917 2299 constituebam,

114 2303 173 2334 sed
197 2304 231 2334 in
255 2303 739 2344 homocentrepicyclepicyclis.
766 2304 799 2334 in
825 2308 935 2335 centro
960 2314 1037 2335 vero
1059 2305 1191 2344 majoris
1217 2309 1251 2336 et
1274 2306 1368 2346 primi
1393 2306 1531 2346 epicycli
1548 2305 1631 2337 Solis
1655 2316 1781 2338 rursum
1805 2307 1918 2338 homo—

114 2347 498 2391 centrepicyclepicyclos
522 2350 715 2391 reliquorum
739 2349 957 2390 planetarum,
982 2351 1030 2382 ita
1054 2355 1091 2381 ut
1116 2356 1264 2382 centrum
1287 2351 1604 2384 homocentricorum
1627 2353 1662 2383 in
1685 2353 1817 2395 reliquis
1846 2354 1917 2394 pla-

113 2397 199 2428 netis
223 2397 310 2429 idem
334 2406 463 2437 semper
487 2401 575 2428 esset
600 2406 672 2428 cum
699 2401 810 2428 centro
834 2398 967 2437 majoris
992 2397 1128 2438 epicycli
1154 2397 1238 2429 Solis
1272 2407 1403 2439 unaque
1435 2409 1494 2440 per
1517 2399 1660 2430 medium
1686 2398 1770 2431 Solis
1794 2405 1918 2432 motum

114 2443 149 2475 iu
172 2443 415 2476 homocentrico
441 2443 525 2476 Solis
552 2443 858 2475 circumduceretur.
910 2443 977 2476 Sed
1001 2444 1035 2475 id
1058 2454 1124 2475 non
1147 2454 1233 2476 nova
1256 2445 1385 2476 ratione
1409 2445 1591 2482 faciebam,
1628 2446 1688 2478 sed
1711 2456 1841 2487 prorsus
1865 2457 1917 2479 se·

115 2491 258 2522 cundum
283 2490 510 2532 Copernicum,
535 2500 598 2522 nec
622 2495 659 2521 ut
684 2491 863 2521 conversim
888 2500 945 2531 per
970 2491 1080 2522 omnia
1103 2491 1300 2532 hypotheses
1327 2490 1498 2532 Copernici
1533 2492 1576 2524 ad
1599 2492 1817 2525 mobilitatem
1833 2494 1918 2526 Solis

113 2538 322 2570 transferrem
347 2538 442 2570 aliter
471 2538 581 2569 facere
606 2542 772 2578 poteram:
807 2537 1020 2579 videbamque
1055 2547 1129 2569 eam
1153 2539 1314 2570 rationem
1356 2544 1389 2569 et
1422 2539 1598 2570 Rheticum
1631 2544 1665 2571 et
1698 2539 1917 2573 Reiuholdum

113 2584 310 2617 intellexisse
313 2608 457 2616 ......
492 2585 589 2616 Aliud
614 2585 759 2615 iuvenire
784 2593 849 2614 non
873 2594 1015 2625 possum,
1042 2594 1139 2626 quam
1156 2585 1279 2616 nullam
1303 2590 1434 2626 praeter
1457 2587 1590 2618 unicam
1615 2586 1788 2628 copemici
1812 2587 1915 2630 hypo·

113 2631 222 2664 thesin
252 2641 363 2664 veram
398 2641 480 2664 esse.
530 2631 601 2663 Nec
633 2635 752 2671 peccat
782 2630 866 2662 haec
893 2636 1008 2662 contra
1031 2631 1168 2672 physica
1198 2633 1358 2674 principia
1378 2656 1386 2663 .
1405 2656 1412 2663 .
1433 2657 1463 2668 .‚
1500 2643 1562 2665 nec
1595 2634 1704 2665 obstat
1735 2636 1915 2668 auctoritas

114 2687 280 2711 sacrarum
304 2679 481 2711 literarum.
529 2678 604 2710 Non
629 2683 742 2709 tamen
766 2677 961 2718 hypotheses
981 2677 1219 2719 Copernicaeas
1246 2679 1445 2711 discentibus
1456 2681 1684 2721 proponendas
1702 2691 1774 2712 esse
1787 2682 1914 2722 judico,

116 2735 190 2758 cum
215 2735 275 2758 eae
299 2727 353 2757 vix
377 2726 419 2757 ab
446 2725 623 2757 artificibus
647 2725 886 2765 percipiantur,
922 2728 958 2755 ut
982 2735 1023 2756 ne
1049 2725 1245 2757 Maestlinus
1271 2725 1401 2767 quidem
1426 2732 1550 2758 motum
1574 2727 1755 2760 librationis
1778 2729 1814 2760 in
1838 2729 1913 2761 lati-

114 2772 283 2804 tudinibus
307 2777 341 2804 et
366 2772 556 2814 obliquitate
591 2773 718 2803 zodiaci
751 2775 841 2802 recte
866 2771 1039 2813 intelligit;
1077 2772 1136 2803 sed
1160 2781 1237 2809 eas,
1272 2783 1358 2814 quae
1383 2774 1448 2805 siut
1479 2774 1622 2805 omnium
1646 2775 1840 2813 facillimae,
1878 2780 1916 2808 ut

113 2819 316 2859 pedetentim
350 2829 502 2851 accessus
535 2819 578 2851 ad
603 2818 817 2859 Copernicum
851 2819 1027 2858 aperiatur.
1078 2818 1282 2860 Quapropter
1314 2821 1384 2860 ipse
1409 2830 1535 2862 quoque
1564 2821 1599 2852 in
1624 2821 1805 2854 Elementis
1833 2824 1916 2856 meis

114 2866 349 2898 Astronomicis
374 2867 572 2907 superiorem
596 2866 687 2897 illam
710 2866 924 2897 inversionem
950 2866 1088 2905 expunxi
1123 2871 1156 2897 et
1181 2867 1381 2898 eccentricos
1411 2868 1445 2898 in
1478 2871 1589 2899 centro
1614 2869 1724 2900 mobili
1749 2870 1914 2907 substitui,

114 2916 153 2944 ut
177 2913 341 2946 discentes
366 2922 587 2955 apogaeorum
612 2917 719 2944 motus
750 2917 783 2943 et
807 2912 881 2942 loca
907 2921 944 2942 eo
979 2913 1107 2943 facilius
1131 2912 1314 2955 intelligere
1338 2917 1472 2954 possent
1505 2918 1540 2946 et
1573 2915 1685 2947 addito
1715 2917 1750 2948 in
1773 2917 1915 2958 planetis

116 2960 261 3001 epicyclo
286 2960 494 2997 directiones,
520 2961 679 2992 stationes
705 2963 739 2990 et
763 2959 981 3000 regressiones
1007 2968 1044 2990 eo
1070 2959 1189 2993 fierent
1212 2960 1467 2999 manifestiores,
1492 2971 1555 2994 nec
1581 2963 1682 2994 etiam
1704 2963 1916 2996 latitudinum
1945 2962 1952 2983 '-

114 3007 199 3038 ratio
226 3006 308 3040 adeo
334 3011 421 3039 esset
446 3007 585 3039 obscura
611 3010 646 3038 et
669 3006 837 3037 intricata.
887 3004 938 3036 Ne
962 3010 1076 3038 tamen
1100 3007 1248 3038 deessem
1273 3004 1450 3050 ingeniosis
1475 3013 1510 3040 et
1531 3009 1583 3046 iis,
1608 3010 1663 3051 qui
1683 3011 1755 3051 jam
1771 3019 1914 3043 commu—

115 3062 175 3086 nes
198 3058 345 3086 motuum
369 3053 570 3097 singulorum
594 3054 715 3085 formas
739 3044 979 3095 intelligerent,
1013 3053 1055 3086 ad
1080 3053 1179 3103 tinem
1204 3063 1278 3087 eam
1302 3055 1343 3087 de
1368 3064 1434 3097 qua
1458 3065 1557 3098 supra
1581 3055 1646 3089 dixi
1671 3056 1841 3100 Copernici
1864 3059 1913 3092 in·
1955 3039 1976 3073 ’ἦ
