<?xml version="1.0" encoding="UTF-8"?>
<!DOCTYPE html PUBLIC "-//W3C//DTD XHTML 1.0 Transitional//EN"
    "http://www.w3.org/TR/xhtml1/DTD/xhtml1-transitional.dtd">
<html xmlns="http://www.w3.org/1999/xhtml" xml:lang="en" lang="en">
 <head>
  <title>
</title>
<meta http-equiv="Content-Type" content="text/html;charset=utf-8" />
  <meta name='ocr-system' content='tesseract 3.04.00' />
  <meta name='ocr-capabilities' content='ocr_page ocr_carea ocr_par ocr_line ocrx_word'/>
</head>
<body>
  <div class='ocr_page' id='page_1' title='image "./operaomniaedidit01kepluoft_0306.png"; bbox 0 0 2028 3242; ppageno 0'>
   <div class='ocr_carea' id='block_1_1' title="bbox 113 56 1314 102">
    <p class='ocr_par' dir='ltr' id='par_1_1' title="bbox 113 56 1314 102">
     <span class='ocr_line' id='line_1_1' title="bbox 113 56 1314 102; baseline -0.001 -7"><span class='ocrx_word' id='word_1_1' title='bbox 113 56 199 101; x_wconf 84' lang='grc'><strong>284</strong></span> <span class='ocrx_word' id='word_1_2' title='bbox 732 60 772 92; x_wconf 90' lang='lat' dir='ltr'><strong>In</strong></span> <span class='ocrx_word' id='word_1_3' title='bbox 798 60 893 102; x_wconf 83' lang='lat' dir='ltr'><strong>Apol.</strong></span> <span class='ocrx_word' id='word_1_4' title='bbox 920 59 1023 102; x_wconf 82' lang='lat' dir='ltr'><strong>Tych.</strong></span> <span class='ocrx_word' id='word_1_5' title='bbox 1052 65 1170 94; x_wconf 83' lang='lat' dir='ltr'><strong>contra</strong></span> <span class='ocrx_word' id='word_1_6' title='bbox 1193 61 1314 94; x_wconf 87' lang='lat' dir='ltr'><strong>Ursum</strong></span> 
     </span>
    </p>
   </div>
   <div class='ocr_carea' id='block_1_2' title="bbox 52 158 1943 801">
    <p class='ocr_par' dir='ltr' id='par_1_2' title="bbox 52 158 1943 801">
     <span class='ocr_line' id='line_1_2' title="bbox 83 158 1927 217; baseline 0.003 -15"><span class='ocrx_word' id='word_1_7' title='bbox 83 158 94 217; x_wconf 56' lang='grc' dir='ltr'><em>ξ</em></span> <span class='ocrx_word' id='word_1_8' title='bbox 113 167 337 203; x_wconf 88' lang='lat' dir='ltr'><strong>conveniens</strong></span> <span class='ocrx_word' id='word_1_9' title='bbox 359 164 661 210; x_wconf 72' lang='lat' dir='ltr'><strong>accommodatio)</strong></span> <span class='ocrx_word' id='word_1_10' title='bbox 683 171 741 202; x_wconf 89' lang='lat' dir='ltr'><strong>est</strong></span> <span class='ocrx_word' id='word_1_11' title='bbox 759 171 799 202; x_wconf 90' lang='lat' dir='ltr'><strong>et</strong></span> <span class='ocrx_word' id='word_1_12' title='bbox 817 166 949 202; x_wconf 90' lang='lat' dir='ltr'><strong>dicitur</strong></span> <span class='ocrx_word' id='word_1_13' title='bbox 962 167 1149 215; x_wconf 81' lang='lat' dir='ltr'><strong>epicyclus</strong></span> <span class='ocrx_word' id='word_1_14' title='bbox 1162 178 1330 214; x_wconf 79' lang='lat' dir='ltr'><strong>mag-nus.</strong></span> <span class='ocrx_word' id='word_1_15' title='bbox 1369 168 1486 204; x_wconf 81' lang='lat' dir='ltr'><strong>Sexto</strong></span> <span class='ocrx_word' id='word_1_16' title='bbox 1505 169 1685 206; x_wconf 83' lang='lat' dir='ltr'><strong>nondicit</strong></span> <span class='ocrx_word' id='word_1_17' title='bbox 1694 170 1927 217; x_wconf 65' lang='lat' dir='ltr'><strong>Apollonius,</strong></span> 
     </span>
     <span class='ocr_line' id='line_1_3' title="bbox 76 221 1928 267; baseline 0.003 -12"><span class='ocrx_word' id='word_1_18' title='bbox 76 231 84 266; x_wconf 44' lang='grc' dir='ltr'><strong>(ε</strong></span> <span class='ocrx_word' id='word_1_19' title='bbox 113 222 207 267; x_wconf 91' lang='lat' dir='ltr'><strong>quod</strong></span> <span class='ocrx_word' id='word_1_20' title='bbox 227 221 291 256; x_wconf 93' lang='lat' dir='ltr'><strong>Sol</strong></span> <span class='ocrx_word' id='word_1_21' title='bbox 313 224 351 255; x_wconf 89' lang='lat' dir='ltr'><strong>et</strong></span> <span class='ocrx_word' id='word_1_22' title='bbox 371 224 500 256; x_wconf 85' lang='lat' dir='ltr'><strong>centra</strong></span> <span class='ocrx_word' id='word_1_23' title='bbox 519 221 666 255; x_wconf 90' lang='lat' dir='ltr'><strong>illorum</strong></span> <span class='ocrx_word' id='word_1_24' title='bbox 686 231 902 267; x_wconf 87' lang='lat' dir='ltr'><strong>magnorum</strong></span> <span class='ocrx_word' id='word_1_25' title='bbox 923 221 1171 267; x_wconf 82' lang='lat' dir='ltr'><strong>epicyclorum</strong></span> <span class='ocrx_word' id='word_1_26' title='bbox 1203 221 1373 266; x_wconf 74' lang='lat' dir='ltr'><strong>ferantur</strong></span> <span class='ocrx_word' id='word_1_27' title='bbox 1410 222 1447 259; x_wconf 87' lang='lat' dir='ltr'><strong>in</strong></span> <span class='ocrx_word' id='word_1_28' title='bbox 1478 234 1550 258; x_wconf 89' lang='lat' dir='ltr'><strong>uno</strong></span> <span class='ocrx_word' id='word_1_29' title='bbox 1570 223 1799 260; x_wconf 87' lang='lat' dir='ltr'><strong>concentrico</strong></span> <span class='ocrx_word' id='word_1_30' title='bbox 1830 223 1928 259; x_wconf 74' lang='lat' dir='ltr'><strong>circe</strong></span> 
     </span>
     <span class='ocr_line' id='line_1_4' title="bbox 73 266 1928 322; baseline 0.003 -14"><span class='ocrx_word' id='word_1_31' title='bbox 73 269 79 308; x_wconf 71' lang='grc'><strong><em>1</em></strong></span> <span class='ocrx_word' id='word_1_32' title='bbox 111 275 271 315; x_wconf 79' lang='lat' dir='ltr'>Terram,</span> <span class='ocrx_word' id='word_1_33' title='bbox 303 275 366 308; x_wconf 92' lang='lat' dir='ltr'><strong>sed</strong></span> <span class='ocrx_word' id='word_1_34' title='bbox 386 273 484 316; x_wconf 87' lang='lat' dir='ltr'><strong>dicit,</strong></span> <span class='ocrx_word' id='word_1_35' title='bbox 517 275 611 320; x_wconf 92' lang='lat' dir='ltr'><strong>quod</strong></span> <span class='ocrx_word' id='word_1_36' title='bbox 633 275 802 309; x_wconf 85' lang='lat' dir='ltr'><strong>ferantur</strong></span> <span class='ocrx_word' id='word_1_37' title='bbox 821 274 967 319; x_wconf 83' lang='lat' dir='ltr'><strong>aequali</strong></span> <span class='ocrx_word' id='word_1_38' title='bbox 987 274 1218 310; x_wconf 75' lang='lat' dir='ltr'><strong>revolutione</strong></span> <span class='ocrx_word' id='word_1_39' title='bbox 1244 280 1284 309; x_wconf 91' lang='lat' dir='ltr'><strong>et</strong></span> <span class='ocrx_word' id='word_1_40' title='bbox 1301 267 1420 310; x_wconf 81' lang='lat' dir='ltr'><strong>simul.</strong></span> <span class='ocrx_word' id='word_1_41' title='bbox 1438 266 1706 322; x_wconf 35' lang='lat' dir='ltr'><strong>&#39;Septimonon</strong></span> <span class='ocrx_word' id='word_1_42' title='bbox 1725 277 1928 313; x_wconf 68' lang='lat' dir='ltr'><strong>intersecat</strong></span> 
     </span>
     <span class='ocr_line' id='line_1_5' title="bbox 69 311 1925 377; baseline 0.002 -15"><span class='ocrx_word' id='word_1_43' title='bbox 69 311 77 372; x_wconf 64' lang='grc' dir='ltr'><em>ἶ</em></span> <span class='ocrx_word' id='word_1_44' title='bbox 111 327 208 362; x_wconf 88' lang='lat' dir='ltr'><strong>orbis</strong></span> <span class='ocrx_word' id='word_1_45' title='bbox 229 326 358 362; x_wconf 82' lang='lat' dir='ltr'><strong>Martis</strong></span> <span class='ocrx_word' id='word_1_46' title='bbox 381 326 418 362; x_wconf 91' lang='lat' dir='ltr'><strong>in</strong></span> <span class='ocrx_word' id='word_1_47' title='bbox 436 327 635 373; x_wconf 89' lang='lat' dir='ltr'><strong>Apollonio</strong></span> <span class='ocrx_word' id='word_1_48' title='bbox 656 328 782 363; x_wconf 91' lang='lat' dir='ltr'><strong>orbem</strong></span> <span class='ocrx_word' id='word_1_49' title='bbox 802 327 909 363; x_wconf 87' lang='lat' dir='ltr'><strong>Solis.</strong></span> <span class='ocrx_word' id='word_1_50' title='bbox 963 326 1104 363; x_wconf 84' lang='lat' dir='ltr'><strong>Octavo</strong></span> <span class='ocrx_word' id='word_1_51' title='bbox 1133 339 1206 362; x_wconf 90' lang='lat' dir='ltr'><strong>non</strong></span> <span class='ocrx_word' id='word_1_52' title='bbox 1224 332 1333 373; x_wconf 89' lang='lat' dir='ltr'><strong>patet</strong></span> <span class='ocrx_word' id='word_1_53' title='bbox 1358 328 1396 363; x_wconf 92' lang='lat' dir='ltr'><strong>in</strong></span> <span class='ocrx_word' id='word_1_54' title='bbox 1414 329 1625 374; x_wconf 87' lang='lat' dir='ltr'><strong>Apollonio,</strong></span> <span class='ocrx_word' id='word_1_55' title='bbox 1653 334 1828 376; x_wconf 74' lang='lat' dir='ltr'><strong>quantum</strong></span> <span class='ocrx_word' id='word_1_56' title='bbox 1847 330 1925 377; x_wconf 83' lang='lat' dir='ltr'><strong>qui-</strong></span> 
     </span>
     <span class='ocr_line' id='line_1_6' title="bbox 65 379 1925 429; baseline 0.002 -13.998"><span class='ocrx_word' id='word_1_57' title='bbox 65 385 71 414; x_wconf 90' lang='grc'><strong>1</strong></span> <span class='ocrx_word' id='word_1_58' title='bbox 110 381 190 415; x_wconf 88' lang='lat' dir='ltr'><strong>dem</strong></span> <span class='ocrx_word' id='word_1_59' title='bbox 209 379 272 415; x_wconf 83' lang='lat' dir='ltr'><strong>ille</strong></span> <span class='ocrx_word' id='word_1_60' title='bbox 293 380 469 426; x_wconf 88' lang='lat' dir='ltr'><strong>scriptum</strong></span> <span class='ocrx_word' id='word_1_61' title='bbox 488 380 648 426; x_wconf 90' lang='lat' dir='ltr'><strong>reliquit,</strong></span> <span class='ocrx_word' id='word_1_62' title='bbox 680 381 823 415; x_wconf 85' lang='lat' dir='ltr'><strong>occasio</strong></span> <span class='ocrx_word' id='word_1_63' title='bbox 844 381 1093 428; x_wconf 87' lang='lat' dir='ltr'><strong>investigandi</strong></span> <span class='ocrx_word' id='word_1_64' title='bbox 1113 381 1387 426; x_wconf 86' lang='lat' dir='ltr'><strong>proportionem</strong></span> <span class='ocrx_word' id='word_1_65' title='bbox 1407 382 1650 427; x_wconf 81' lang='lat' dir='ltr'><strong>sphaerarum</strong></span> <span class='ocrx_word' id='word_1_66' title='bbox 1668 394 1718 418; x_wconf 86' lang='lat' dir='ltr'><strong>ex</strong></span> <span class='ocrx_word' id='word_1_67' title='bbox 1735 383 1925 429; x_wconf 82' lang='lat' dir='ltr'><strong>parallaxi</strong></span> 
     </span>
     <span class='ocr_line' id='line_1_7' title="bbox 64 434 1924 482; baseline 0.002 -14"><span class='ocrx_word' id='word_1_68' title='bbox 64 437 70 476; x_wconf 70' lang='grc' dir='ltr'><em>ῗ</em></span> <span class='ocrx_word' id='word_1_69' title='bbox 110 445 246 469; x_wconf 84' lang='lat' dir='ltr'><strong>annua.</strong></span> <span class='ocrx_word' id='word_1_70' title='bbox 303 434 408 471; x_wconf 83' lang='lat' dir='ltr'><strong>Nono</strong></span> <span class='ocrx_word' id='word_1_71' title='bbox 428 438 546 469; x_wconf 83' lang='lat' dir='ltr'><strong>motus</strong></span> <span class='ocrx_word' id='word_1_72' title='bbox 577 434 676 468; x_wconf 90' lang='lat' dir='ltr'><strong>illius</strong></span> <span class='ocrx_word' id='word_1_73' title='bbox 696 435 822 482; x_wconf 88' lang='lat' dir='ltr'><strong>magni</strong></span> <span class='ocrx_word' id='word_1_74' title='bbox 843 434 999 481; x_wconf 77' lang='lat' dir='ltr'><strong>epicycli</strong></span> <span class='ocrx_word' id='word_1_75' title='bbox 1019 435 1217 469; x_wconf 87' lang='lat' dir='ltr'><strong>secundum</strong></span> <span class='ocrx_word' id='word_1_76' title='bbox 1235 435 1484 480; x_wconf 90' lang='lat' dir='ltr'><strong>Apollonium,</strong></span> <span class='ocrx_word' id='word_1_77' title='bbox 1517 447 1583 471; x_wconf 92' lang='lat' dir='ltr'><strong>seu</strong></span> <span class='ocrx_word' id='word_1_78' title='bbox 1609 435 1707 471; x_wconf 88' lang='lat' dir='ltr'><strong>orbis</strong></span> <span class='ocrx_word' id='word_1_79' title='bbox 1727 437 1924 472; x_wconf 87' lang='lat' dir='ltr'><strong>secundum</strong></span> 
     </span>
     <span class='ocr_line' id='line_1_8' title="bbox 62 482 1923 535; baseline 0.002 -14"><span class='ocrx_word' id='word_1_80' title='bbox 62 482 68 529; x_wconf 60' lang='grc' dir='ltr'>ᾗ</span> <span class='ocrx_word' id='word_1_81' title='bbox 109 487 317 534; x_wconf 82' lang='lat' dir='ltr'><strong>Tychonem</strong></span> <span class='ocrx_word' id='word_1_82' title='bbox 338 487 374 521; x_wconf 89' lang='lat' dir='ltr'><strong>in</strong></span> <span class='ocrx_word' id='word_1_83' title='bbox 394 487 666 534; x_wconf 84' lang='lat' dir='ltr'><strong>consequentia,</strong></span> <span class='ocrx_word' id='word_1_84' title='bbox 701 487 754 522; x_wconf 89' lang='lat' dir='ltr'><strong>illi</strong></span> <span class='ocrx_word' id='word_1_85' title='bbox 775 487 918 534; x_wconf 88' lang='lat' dir='ltr'><strong>quidem</strong></span> <span class='ocrx_word' id='word_1_86' title='bbox 938 497 996 523; x_wconf 88' lang='lat' dir='ltr'><strong>est</strong></span> <span class='ocrx_word' id='word_1_87' title='bbox 1015 489 1127 534; x_wconf 87' lang='lat' dir='ltr'><strong>longe</strong></span> <span class='ocrx_word' id='word_1_88' title='bbox 1148 488 1303 529; x_wconf 89' lang='lat' dir='ltr'><strong>brevior,</strong></span> <span class='ocrx_word' id='word_1_89' title='bbox 1327 488 1414 535; x_wconf 90' lang='lat' dir='ltr'><strong>quia</strong></span> <span class='ocrx_word' id='word_1_90' title='bbox 1433 489 1624 524; x_wconf 80' lang='lat' dir='ltr'><strong>annuatim</strong></span> <span class='ocrx_word' id='word_1_91' title='bbox 1642 489 1704 524; x_wconf 88' lang='lat' dir='ltr'><strong>vel</strong></span> <span class='ocrx_word' id='word_1_92' title='bbox 1722 489 1836 535; x_wconf 86' lang='lat' dir='ltr'><strong>paulo</strong></span> <span class='ocrx_word' id='word_1_93' title='bbox 1856 489 1923 526; x_wconf 85' lang='lat' dir='ltr'><strong>ali-</strong></span> 
     </span>
     <span class='ocr_line' id='line_1_9' title="bbox 63 540 1943 587; baseline 0.002 -12"><span class='ocrx_word' id='word_1_94' title='bbox 63 569 66 572; x_wconf 93' lang='lat'><strong>.</strong></span> <span class='ocrx_word' id='word_1_95' title='bbox 109 546 166 575; x_wconf 91' lang='lat' dir='ltr'><strong>ter</strong></span> <span class='ocrx_word' id='word_1_96' title='bbox 183 540 403 575; x_wconf 81' lang='lat' dir='ltr'><strong>restituitur.</strong></span> <span class='ocrx_word' id='word_1_97' title='bbox 459 542 568 587; x_wconf 89' lang='lat' dir='ltr'><strong>Apud</strong></span> <span class='ocrx_word' id='word_1_98' title='bbox 587 541 798 586; x_wconf 81' lang='lat' dir='ltr'><strong>Tychonem</strong></span> <span class='ocrx_word' id='word_1_99' title='bbox 826 546 884 575; x_wconf 94' lang='lat' dir='ltr'><strong>est</strong></span> <span class='ocrx_word' id='word_1_100' title='bbox 902 541 939 576; x_wconf 92' lang='lat' dir='ltr'><strong>in</strong></span> <span class='ocrx_word' id='word_1_101' title='bbox 959 540 978 580; x_wconf 76' lang='grc'><strong><em>15</em></strong></span> <span class='ocrx_word' id='word_1_102' title='bbox 1000 541 1049 576; x_wconf 90' lang='lat'><strong>30</strong></span> <span class='ocrx_word' id='word_1_103' title='bbox 1076 552 1265 583; x_wconf 82' lang='lat' dir='ltr'><strong>annorum,</strong></span> <span class='ocrx_word' id='word_1_104' title='bbox 1298 541 1335 576; x_wconf 91' lang='lat' dir='ltr'><strong>in</strong></span> <span class='ocrx_word' id='word_1_105' title='bbox 1353 540 1382 580; x_wconf 65' lang='lat'><strong>21·</strong></span> <span class='ocrx_word' id='word_1_106' title='bbox 1406 541 1464 583; x_wconf 88' lang='grc'><strong>12,</strong></span> <span class='ocrx_word' id='word_1_107' title='bbox 1495 542 1532 577; x_wconf 90' lang='lat' dir='ltr'><strong>in</strong></span> <span class='ocrx_word' id='word_1_108' title='bbox 1550 540 1583 581; x_wconf 63' lang='grc' dir='ltr'><em>ὅ</em></span> <span class='ocrx_word' id='word_1_109' title='bbox 1606 542 1629 577; x_wconf 87' lang='grc'>2</span> <span class='ocrx_word' id='word_1_110' title='bbox 1656 542 1813 578; x_wconf 81' lang='lat' dir='ltr'><strong>circiter.</strong></span> <span class='ocrx_word' id='word_1_111' title='bbox 1862 543 1943 579; x_wconf 84' lang='lat' dir='ltr'><strong>Ex-</strong></span> 
     </span>
     <span class='ocr_line' id='line_1_10' title="bbox 108 594 1923 642; baseline 0.002 -13.903"><span class='ocrx_word' id='word_1_112' title='bbox 108 594 165 628; x_wconf 90' lang='lat' dir='ltr'><strong>his</strong></span> <span class='ocrx_word' id='word_1_113' title='bbox 185 599 303 640; x_wconf 86' lang='lat' dir='ltr'><strong>patet,</strong></span> <span class='ocrx_word' id='word_1_114' title='bbox 333 605 401 628; x_wconf 91' lang='lat' dir='ltr'><strong>nec</strong></span> <span class='ocrx_word' id='word_1_115' title='bbox 420 594 512 629; x_wconf 90' lang='lat' dir='ltr'><strong>Urso</strong></span> <span class='ocrx_word' id='word_1_116' title='bbox 533 595 761 629; x_wconf 87' lang='lat' dir='ltr'><strong>intellectum</strong></span> <span class='ocrx_word' id='word_1_117' title='bbox 781 595 1032 639; x_wconf 86' lang='lat' dir='ltr'><strong>Copernicum,</strong></span> <span class='ocrx_word' id='word_1_118' title='bbox 1061 594 1324 636; x_wconf 88' lang='lat' dir='ltr'><strong>Ptolemaeum,</strong></span> <span class='ocrx_word' id='word_1_119' title='bbox 1354 595 1575 641; x_wconf 87' lang='lat' dir='ltr'><strong>Pergaeum,</strong></span> <span class='ocrx_word' id='word_1_120' title='bbox 1607 607 1676 631; x_wconf 88' lang='lat' dir='ltr'><strong>neo</strong></span> <span class='ocrx_word' id='word_1_121' title='bbox 1702 607 1751 631; x_wconf 84' lang='lat' dir='ltr'><strong>ex</strong></span> <span class='ocrx_word' id='word_1_122' title='bbox 1769 596 1923 642; x_wconf 85' lang='lat' dir='ltr'><strong>Apollo·</strong></span> 
     </span>
     <span class='ocr_line' id='line_1_11' title="bbox 60 640 1177 694; baseline 0 -12"><span class='ocrx_word' id='word_1_123' title='bbox 60 640 68 694; x_wconf 54' lang='lat' dir='ltr'><strong><em>J</em></strong></span> <span class='ocrx_word' id='word_1_124' title='bbox 109 647 167 682; x_wconf 90' lang='lat' dir='ltr'><strong>nio</strong></span> <span class='ocrx_word' id='word_1_125' title='bbox 187 652 263 682; x_wconf 85' lang='lat' dir='ltr'><strong>tam</strong></span> <span class='ocrx_word' id='word_1_126' title='bbox 283 647 392 681; x_wconf 86' lang='lat' dir='ltr'><strong>facile</strong></span> <span class='ocrx_word' id='word_1_127' title='bbox 412 647 494 682; x_wconf 88' lang='lat' dir='ltr'><strong>elici</strong></span> <span class='ocrx_word' id='word_1_128' title='bbox 514 659 623 693; x_wconf 87' lang='lat' dir='ltr'><strong>posse</strong></span> <span class='ocrx_word' id='word_1_129' title='bbox 643 647 920 693; x_wconf 80' lang='lat' dir='ltr'><strong>Tychonianam</strong></span> <span class='ocrx_word' id='word_1_130' title='bbox 939 647 1177 692; x_wconf 83' lang='lat' dir='ltr'><strong>hypothesin.</strong></span> 
     </span>
     <span class='ocr_line' id='line_1_12' title="bbox 56 695 1923 748; baseline 0.002 -13"><span class='ocrx_word' id='word_1_131' title='bbox 56 695 63 746; x_wconf 60' lang='grc' dir='ltr'><strong><em>ζ</em></strong></span> <span class='ocrx_word' id='word_1_132' title='bbox 214 701 319 737; x_wconf 74' lang='lat' dir='ltr'><strong>Haec</strong></span> <span class='ocrx_word' id='word_1_133' title='bbox 351 700 538 736; x_wconf 87' lang='lat' dir='ltr'><strong>scribebat</strong></span> <span class='ocrx_word' id='word_1_134' title='bbox 568 701 617 735; x_wconf 91' lang='lat' dir='ltr'><strong>M.</strong></span> <span class='ocrx_word' id='word_1_135' title='bbox 647 702 706 736; x_wconf 89' lang='lat' dir='ltr'><strong>J0.</strong></span> <span class='ocrx_word' id='word_1_136' title='bbox 739 701 926 745; x_wconf 87' lang='lat' dir='ltr'><strong>Keplerus</strong></span> <span class='ocrx_word' id='word_1_137' title='bbox 958 701 1075 736; x_wconf 84' lang='lat' dir='ltr'><strong>Math.</strong></span> <span class='ocrx_word' id='word_1_138' title='bbox 1108 700 1315 747; x_wconf 81' lang='lat' dir='ltr'><strong>Styriacus,</strong></span> <span class='ocrx_word' id='word_1_139' title='bbox 1356 701 1393 736; x_wconf 92' lang='lat' dir='ltr'><strong>in</strong></span> <span class='ocrx_word' id='word_1_140' title='bbox 1418 700 1582 748; x_wconf 81' lang='lat' dir='ltr'><strong>gratiam</strong></span> <span class='ocrx_word' id='word_1_141' title='bbox 1612 701 1746 737; x_wconf 88' lang='lat' dir='ltr'><strong>nobilis</strong></span> <span class='ocrx_word' id='word_1_142' title='bbox 1773 702 1923 748; x_wconf 80' lang='lat' dir='ltr'><strong>juvenis</strong></span> 
     </span>
     <span class='ocr_line' id='line_1_13' title="bbox 52 748 1924 801; baseline 0.003 -14"><span class='ocrx_word' id='word_1_143' title='bbox 52 748 58 781; x_wconf 72' lang='lat'><strong>‚¹</strong></span> <span class='ocrx_word' id='word_1_144' title='bbox 108 753 513 801; x_wconf 82' lang='lat' dir='ltr'><strong>FrancisciTegnag-lii‚</strong></span> <span class='ocrx_word' id='word_1_145' title='bbox 536 753 596 800; x_wconf 87' lang='lat' dir='ltr'><strong>qui</strong></span> <span class='ocrx_word' id='word_1_146' title='bbox 617 754 779 799; x_wconf 85' lang='lat' dir='ltr'><strong>Tychoni</strong></span> <span class='ocrx_word' id='word_1_147' title='bbox 801 754 1031 795; x_wconf 87' lang='lat' dir='ltr'><strong>domesticus,</strong></span> <span class='ocrx_word' id='word_1_148' title='bbox 1055 754 1236 799; x_wconf 87' lang='lat' dir='ltr'><strong>cupientis</strong></span> <span class='ocrx_word' id='word_1_149' title='bbox 1257 765 1303 789; x_wconf 87' lang='lat' dir='ltr'><strong>ea</strong></span> <span class='ocrx_word' id='word_1_150' title='bbox 1322 755 1530 790; x_wconf 81' lang='lat' dir='ltr'><strong>accuratius</strong></span> <span class='ocrx_word' id='word_1_151' title='bbox 1551 766 1787 801; x_wconf 85' lang='lat' dir='ltr'><strong>cognoscere.</strong></span> <span class='ocrx_word' id='word_1_152' title='bbox 1816 758 1924 792; x_wconf 82' lang='lat' dir='ltr'><strong>Anno</strong></span> 
     </span>
    </p>
   </div>
   <div class='ocr_carea' id='block_1_3' title="bbox 0 782 537 915">
    <p class='ocr_par' dir='ltr' id='par_1_3' title="bbox 0 782 537 915">
     <span class='ocr_line' id='line_1_14' title="bbox 0 782 537 915; baseline -0.002 -72"><span class='ocrx_word' id='word_1_153' title='bbox 0 782 225 915; x_wconf 38' lang='grc' dir='ltr'><strong>ίὲἉΙΕἰΟΟ.</strong></span> <span class='ocrx_word' id='word_1_154' title='bbox 247 818 370 842; x_wconf 90' lang='lat' dir='ltr'><strong>mense</strong></span> <span class='ocrx_word' id='word_1_155' title='bbox 390 807 537 842; x_wconf 75' lang='lat' dir='ltr'><strong>Martio.</strong></span> 
     </span>
    </p>
   </div>
   <div class='ocr_carea' id='block_1_4' title="bbox 0 914 1955 1858">
    <p class='ocr_par' dir='ltr' id='par_1_4' title="bbox 0 914 1922 1054">
     <span class='ocr_line' id='line_1_15' title="bbox 0 914 1922 960; baseline 0.001 -11"><span class='ocrx_word' id='word_1_156' title='bbox 0 914 18 918; x_wconf 31' lang='lat' dir='ltr'><strong><em>s</em></strong></span> <span class='ocrx_word' id='word_1_157' title='bbox 204 917 255 949; x_wconf 88' lang='lat' dir='ltr'><strong>Ea</strong></span> <span class='ocrx_word' id='word_1_158' title='bbox 279 925 363 958; x_wconf 88' lang='lat' dir='ltr'><strong>quae</strong></span> <span class='ocrx_word' id='word_1_159' title='bbox 390 916 505 948; x_wconf 87' lang='lat' dir='ltr'><strong>addita</strong></span> <span class='ocrx_word' id='word_1_160' title='bbox 529 920 606 948; x_wconf 89' lang='lat' dir='ltr'><strong>sunt</strong></span> <span class='ocrx_word' id='word_1_161' title='bbox 629 917 833 958; x_wconf 87' lang='lat' dir='ltr'><strong>inscriptioni</strong></span> <span class='ocrx_word' id='word_1_162' title='bbox 858 918 1061 959; x_wconf 85' lang='lat' dir='ltr'><strong>praemissae</strong></span> <span class='ocrx_word' id='word_1_163' title='bbox 1087 916 1319 958; x_wconf 79' lang='lat' dir='ltr'><strong>disquisitionis</strong></span> <span class='ocrx_word' id='word_1_164' title='bbox 1337 917 1524 959; x_wconf 87' lang='lat' dir='ltr'><strong>significare</strong></span> <span class='ocrx_word' id='word_1_165' title='bbox 1546 918 1709 956; x_wconf 86' lang='lat' dir='ltr'><strong>videntur,</strong></span> <span class='ocrx_word' id='word_1_166' title='bbox 1733 918 1922 960; x_wconf 79' lang='lat' dir='ltr'><strong>Tychonem</strong></span> 
     </span>
     <span class='ocr_line' id='line_1_16' title="bbox 107 963 1921 1008; baseline 0.002 -13"><span class='ocrx_word' id='word_1_167' title='bbox 107 965 140 996; x_wconf 92' lang='lat' dir='ltr'><strong>id</strong></span> <span class='ocrx_word' id='word_1_168' title='bbox 165 965 364 1005; x_wconf 88' lang='lat' dir='ltr'><strong>propositum</strong></span> <span class='ocrx_word' id='word_1_169' title='bbox 388 963 559 999; x_wconf 88' lang='lat' dir='ltr'><strong>habuisse,</strong></span> <span class='ocrx_word' id='word_1_170' title='bbox 595 967 632 995; x_wconf 90' lang='lat' dir='ltr'><strong>ut</strong></span> <span class='ocrx_word' id='word_1_171' title='bbox 665 964 754 996; x_wconf 87' lang='lat' dir='ltr'><strong>illam</strong></span> <span class='ocrx_word' id='word_1_172' title='bbox 780 965 977 1006; x_wconf 88' lang='lat' dir='ltr'><strong>adjungeret</strong></span> <span class='ocrx_word' id='word_1_173' title='bbox 1011 965 1229 1006; x_wconf 83' lang='lat' dir='ltr'><strong>responsioni.</strong></span> <span class='ocrx_word' id='word_1_174' title='bbox 1265 973 1363 1006; x_wconf 87' lang='lat' dir='ltr'><strong>quam</strong></span> <span class='ocrx_word' id='word_1_175' title='bbox 1393 965 1463 1007; x_wconf 89' lang='lat' dir='ltr'><strong>ipse</strong></span> <span class='ocrx_word' id='word_1_176' title='bbox 1500 965 1534 998; x_wconf 88' lang='lat' dir='ltr'><strong>in</strong></span> <span class='ocrx_word' id='word_1_177' title='bbox 1568 966 1734 1008; x_wconf 85' lang='lat' dir='ltr'><strong>publicum</strong></span> <span class='ocrx_word' id='word_1_178' title='bbox 1758 965 1921 999; x_wconf 76' lang='lat' dir='ltr'><strong>edendam</strong></span> 
     </span>
     <span class='ocr_line' id='line_1_17' title="bbox 107 1011 1285 1054; baseline 0 -11"><span class='ocrx_word' id='word_1_179' title='bbox 107 1014 322 1054; x_wconf 83' lang='lat' dir='ltr'><strong>cogitaverat,</strong></span> <span class='ocrx_word' id='word_1_180' title='bbox 347 1015 465 1053; x_wconf 87' lang='lat' dir='ltr'><strong>postea</strong></span> <span class='ocrx_word' id='word_1_181' title='bbox 488 1021 563 1042; x_wconf 87' lang='lat' dir='ltr'><strong>vero</strong></span> <span class='ocrx_word' id='word_1_182' title='bbox 590 1011 632 1043; x_wconf 89' lang='lat' dir='ltr'><strong>ad</strong></span> <span class='ocrx_word' id='word_1_183' title='bbox 658 1011 837 1053; x_wconf 88' lang='lat' dir='ltr'><strong>Keplerum</strong></span> <span class='ocrx_word' id='word_1_184' title='bbox 862 1012 1076 1052; x_wconf 86' lang='lat' dir='ltr'><strong>rejiciendam</strong></span> <span class='ocrx_word' id='word_1_185' title='bbox 1101 1015 1285 1044; x_wconf 88' lang='lat' dir='ltr'><strong>censuerat.</strong></span> 
     </span>
    </p>

    <p class='ocr_par' dir='ltr' id='par_1_5' title="bbox 101 1057 1955 1575">
     <span class='ocr_line' id='line_1_18' title="bbox 201 1057 1928 1102; baseline 0.001 -12"><span class='ocrx_word' id='word_1_186' title='bbox 201 1059 291 1090; x_wconf 83' lang='lat' dir='ltr'><strong>Inter</strong></span> <span class='ocrx_word' id='word_1_187' title='bbox 315 1059 427 1091; x_wconf 80' lang='lat' dir='ltr'><strong>literas</strong></span> <span class='ocrx_word' id='word_1_188' title='bbox 452 1057 664 1090; x_wconf 85' lang='lat' dir='ltr'><strong>Herwarti</strong></span> <span class='ocrx_word' id='word_1_189' title='bbox 691 1059 735 1091; x_wconf 86' lang='lat' dir='ltr'><strong>ad</strong></span> <span class='ocrx_word' id='word_1_190' title='bbox 759 1059 940 1100; x_wconf 88' lang='lat' dir='ltr'><strong>Keplerum</strong></span> <span class='ocrx_word' id='word_1_191' title='bbox 978 1060 1074 1102; x_wconf 74' lang='lat' dir='ltr'><strong>datas</strong></span> <span class='ocrx_word' id='word_1_192' title='bbox 1107 1059 1379 1100; x_wconf 84' lang='lat' dir='ltr'><strong>deprehendimus</strong></span> <span class='ocrx_word' id='word_1_193' title='bbox 1411 1059 1541 1101; x_wconf 88' lang='lat' dir='ltr'><strong>quidem</strong></span> <span class='ocrx_word' id='word_1_194' title='bbox 1574 1060 1757 1102; x_wconf 78' lang='lat' dir='ltr'><strong>complures</strong></span> <span class='ocrx_word' id='word_1_195' title='bbox 1782 1059 1928 1102; x_wconf 84' lang='lat' dir='ltr'><strong>Kepleri.</strong></span> 
     </span>
     <span class='ocr_line' id='line_1_19' title="bbox 107 1104 1920 1150; baseline 0.001 -12"><span class='ocrx_word' id='word_1_196' title='bbox 107 1107 334 1147; x_wconf 83' lang='lat' dir='ltr'><strong>responsiones</strong></span> <span class='ocrx_word' id='word_1_197' title='bbox 367 1106 464 1138; x_wconf 89' lang='lat' dir='ltr'><strong>datas</strong></span> <span class='ocrx_word' id='word_1_198' title='bbox 490 1107 586 1137; x_wconf 87' lang='lat' dir='ltr'><strong>annis</strong></span> <span class='ocrx_word' id='word_1_199' title='bbox 616 1104 705 1138; x_wconf 73' lang='lat'>1598</span> <span class='ocrx_word' id='word_1_200' title='bbox 739 1111 773 1138; x_wconf 90' lang='lat' dir='ltr'><strong>et</strong></span> <span class='ocrx_word' id='word_1_201' title='bbox 812 1104 897 1139; x_wconf 84' lang='lat'><strong>¹599</strong></span> <span class='ocrx_word' id='word_1_202' title='bbox 926 1105 1046 1148; x_wconf 85' lang='lat' dir='ltr'><strong>(comp.</strong></span> <span class='ocrx_word' id='word_1_203' title='bbox 1075 1117 1106 1148; x_wconf 91' lang='lat' dir='ltr'><strong>p.</strong></span> <span class='ocrx_word' id='word_1_204' title='bbox 1135 1105 1179 1138; x_wconf 81' lang='lat'><strong>62</strong></span> <span class='ocrx_word' id='word_1_205' title='bbox 1212 1111 1245 1138; x_wconf 90' lang='lat' dir='ltr'><strong>et</strong></span> <span class='ocrx_word' id='word_1_206' title='bbox 1271 1105 1331 1147; x_wconf 87' lang='grc'><strong>67)</strong></span> <span class='ocrx_word' id='word_1_207' title='bbox 1359 1107 1400 1139; x_wconf 86' lang='lat' dir='ltr'><strong>ab</strong></span> <span class='ocrx_word' id='word_1_208' title='bbox 1437 1108 1691 1140; x_wconf 83' lang='lat' dir='ltr'><strong>amanuensibus</strong></span> <span class='ocrx_word' id='word_1_209' title='bbox 1728 1107 1920 1150; x_wconf 84' lang='lat' dir='ltr'><strong>descriptas,</strong></span> 
     </span>
     <span class='ocr_line' id='line_1_20' title="bbox 105 1153 1920 1198; baseline 0.001 -13"><span class='ocrx_word' id='word_1_210' title='bbox 105 1164 211 1195; x_wconf 90' lang='lat' dir='ltr'><strong>neque</strong></span> <span class='ocrx_word' id='word_1_211' title='bbox 236 1163 310 1185; x_wconf 89' lang='lat' dir='ltr'><strong>vero</strong></span> <span class='ocrx_word' id='word_1_212' title='bbox 335 1153 424 1185; x_wconf 88' lang='lat' dir='ltr'><strong>illam</strong></span> <span class='ocrx_word' id='word_1_213' title='bbox 451 1162 535 1195; x_wconf 89' lang='lat' dir='ltr'><strong>quae</strong></span> <span class='ocrx_word' id='word_1_214' title='bbox 563 1163 662 1194; x_wconf 89' lang='lat' dir='ltr'><strong>supra</strong></span> <span class='ocrx_word' id='word_1_215' title='bbox 685 1155 851 1195; x_wconf 89' lang='lat' dir='ltr'><strong>tangitur,</strong></span> <span class='ocrx_word' id='word_1_216' title='bbox 880 1164 952 1186; x_wconf 89' lang='lat' dir='ltr'><strong>eam</strong></span> <span class='ocrx_word' id='word_1_217' title='bbox 979 1154 1062 1186; x_wconf 88' lang='lat' dir='ltr'><strong>forte</strong></span> <span class='ocrx_word' id='word_1_218' title='bbox 1088 1154 1128 1185; x_wconf 89' lang='lat' dir='ltr'><strong>ob</strong></span> <span class='ocrx_word' id='word_1_219' title='bbox 1155 1161 1291 1186; x_wconf 88' lang='lat' dir='ltr'><strong>causam</strong></span> <span class='ocrx_word' id='word_1_220' title='bbox 1316 1154 1402 1196; x_wconf 90' lang='lat' dir='ltr'><strong>quod</strong></span> <span class='ocrx_word' id='word_1_221' title='bbox 1427 1154 1517 1186; x_wconf 86' lang='lat' dir='ltr'><strong>illam</strong></span> <span class='ocrx_word' id='word_1_222' title='bbox 1540 1154 1732 1187; x_wconf 81' lang='lat' dir='ltr'><strong>Herwartus</strong></span> <span class='ocrx_word' id='word_1_223' title='bbox 1755 1155 1920 1198; x_wconf 79' lang='lat' dir='ltr'><strong>integram</strong></span> 
     </span>
     <span class='ocr_line' id='line_1_21' title="bbox 106 1200 1920 1242; baseline 0.001 -10"><span class='ocrx_word' id='word_1_224' title='bbox 106 1200 252 1241; x_wconf 85' lang='lat' dir='ltr'><strong>Tychoni</strong></span> <span class='ocrx_word' id='word_1_225' title='bbox 269 1201 462 1232; x_wconf 85' lang='lat' dir='ltr'><strong>transmisit.</strong></span> <span class='ocrx_word' id='word_1_226' title='bbox 505 1200 688 1242; x_wconf 85' lang='lat' dir='ltr'><strong>Respondit</strong></span> <span class='ocrx_word' id='word_1_227' title='bbox 709 1201 792 1233; x_wconf 85' lang='lat' dir='ltr'><strong>forte</strong></span> <span class='ocrx_word' id='word_1_228' title='bbox 809 1202 973 1242; x_wconf 88' lang='lat' dir='ltr'><strong>Keplerus</strong></span> <span class='ocrx_word' id='word_1_229' title='bbox 1001 1201 1043 1233; x_wconf 90' lang='lat' dir='ltr'><strong>ad</strong></span> <span class='ocrx_word' id='word_1_230' title='bbox 1060 1202 1122 1233; x_wconf 89' lang='lat' dir='ltr'><strong>hoc</strong></span> <span class='ocrx_word' id='word_1_231' title='bbox 1139 1201 1303 1234; x_wconf 83' lang='lat' dir='ltr'><strong>Herwarti</strong></span> <span class='ocrx_word' id='word_1_232' title='bbox 1320 1202 1495 1234; x_wconf 88' lang='lat' dir='ltr'><strong>monitum:</strong></span> <span class='ocrx_word' id='word_1_233' title='bbox 1522 1201 1603 1234; x_wconf 84' lang='lat' dir='ltr'><strong>Was</strong></span> <span class='ocrx_word' id='word_1_234' title='bbox 1620 1201 1663 1234; x_wconf 82' lang='lat' dir='ltr'><strong>R.</strong></span> <span class='ocrx_word' id='word_1_235' title='bbox 1681 1201 1784 1235; x_wconf 85' lang='lat' dir='ltr'><strong>Ursus</strong></span> <span class='ocrx_word' id='word_1_236' title='bbox 1806 1206 1920 1235; x_wconf 83' lang='lat' dir='ltr'><strong>contra</strong></span> 
     </span>
     <span class='ocr_line' id='line_1_22' title="bbox 105 1247 1918 1290; baseline 0.002 -11"><span class='ocrx_word' id='word_1_237' title='bbox 105 1248 293 1289; x_wconf 86' lang='lat' dir='ltr'><strong>Tychonem</strong></span> <span class='ocrx_word' id='word_1_238' title='bbox 318 1248 428 1280; x_wconf 89' lang='lat' dir='ltr'><strong>Brahe</strong></span> <span class='ocrx_word' id='word_1_239' title='bbox 453 1247 678 1290; x_wconf 82' lang='lat' dir='ltr'><strong>geschrieben‚</strong></span> <span class='ocrx_word' id='word_1_240' title='bbox 705 1249 748 1280; x_wconf 88' lang='lat' dir='ltr'><strong>ist</strong></span> <span class='ocrx_word' id='word_1_241' title='bbox 773 1249 964 1281; x_wconf 86' lang='lat' dir='ltr'><strong>schwerlich</strong></span> <span class='ocrx_word' id='word_1_242' title='bbox 990 1259 1031 1281; x_wconf 88' lang='lat' dir='ltr'><strong>zu</strong></span> <span class='ocrx_word' id='word_1_243' title='bbox 1055 1249 1260 1281; x_wconf 88' lang='lat' dir='ltr'><strong>bekommen.</strong></span> <span class='ocrx_word' id='word_1_244' title='bbox 1312 1249 1389 1281; x_wconf 80' lang='lat' dir='ltr'><strong>Hab</strong></span> <span class='ocrx_word' id='word_1_245' title='bbox 1414 1258 1450 1281; x_wconf 89' lang='lat' dir='ltr'><strong>es</strong></span> <span class='ocrx_word' id='word_1_246' title='bbox 1468 1248 1650 1286; x_wconf 83' lang='lat' dir='ltr'><strong>demnach,</strong></span> <span class='ocrx_word' id='word_1_247' title='bbox 1675 1249 1747 1281; x_wconf 82' lang='lat' dir='ltr'><strong>weil</strong></span> <span class='ocrx_word' id='word_1_248' title='bbox 1777 1248 1833 1282; x_wconf 83' lang='lat' dir='ltr'><strong>ich</strong></span> <span class='ocrx_word' id='word_1_249' title='bbox 1847 1259 1918 1282; x_wconf 78' lang='lat' dir='ltr'><strong>ver-</strong></span> 
     </span>
     <span class='ocr_line' id='line_1_23' title="bbox 102 1295 1920 1335; baseline 0.001 -8"><span class='ocrx_word' id='word_1_250' title='bbox 102 1296 231 1334; x_wconf 89' lang='lat' dir='ltr'><strong>muthe‚</strong></span> <span class='ocrx_word' id='word_1_251' title='bbox 272 1305 306 1327; x_wconf 90' lang='lat' dir='ltr'><strong>es</strong></span> <span class='ocrx_word' id='word_1_252' title='bbox 332 1296 440 1327; x_wconf 86' lang='lat' dir='ltr'><strong>werde</strong></span> <span class='ocrx_word' id='word_1_253' title='bbox 467 1295 523 1327; x_wconf 90' lang='lat' dir='ltr'><strong>der</strong></span> <span class='ocrx_word' id='word_1_254' title='bbox 548 1295 634 1327; x_wconf 89' lang='lat' dir='ltr'><strong>Herr</strong></span> <span class='ocrx_word' id='word_1_255' title='bbox 659 1296 786 1328; x_wconf 89' lang='lat' dir='ltr'><strong>solches</strong></span> <span class='ocrx_word' id='word_1_256' title='bbox 813 1298 862 1328; x_wconf 90' lang='lat' dir='ltr'><strong>nit</strong></span> <span class='ocrx_word' id='word_1_257' title='bbox 887 1297 1007 1333; x_wconf 86' lang='lat' dir='ltr'><strong>haben,</strong></span> <span class='ocrx_word' id='word_1_258' title='bbox 1034 1296 1101 1328; x_wconf 89' lang='lat' dir='ltr'><strong>ihm</strong></span> <span class='ocrx_word' id='word_1_259' title='bbox 1126 1296 1278 1328; x_wconf 87' lang='lat' dir='ltr'><strong>dasselbe</strong></span> <span class='ocrx_word' id='word_1_260' title='bbox 1302 1306 1359 1328; x_wconf 88' lang='lat' dir='ltr'><strong>vor</strong></span> <span class='ocrx_word' id='word_1_261' title='bbox 1376 1296 1500 1328; x_wconf 87' lang='lat' dir='ltr'><strong>diesem</strong></span> <span class='ocrx_word' id='word_1_262' title='bbox 1522 1296 1760 1329; x_wconf 82' lang='lat' dir='ltr'><strong>iiberschicken</strong></span> <span class='ocrx_word' id='word_1_263' title='bbox 1784 1296 1920 1335; x_wconf 72' lang='lat' dir='ltr'><strong>vollem</strong></span> 
     </span>
     <span class='ocr_line' id='line_1_24' title="bbox 103 1342 1918 1387; baseline 0.001 -13"><span class='ocrx_word' id='word_1_264' title='bbox 103 1343 174 1374; x_wconf 86' lang='lat' dir='ltr'><strong>weil</strong></span> <span class='ocrx_word' id='word_1_265' title='bbox 201 1353 236 1374; x_wconf 89' lang='lat' dir='ltr'><strong>es</strong></span> <span class='ocrx_word' id='word_1_266' title='bbox 261 1344 340 1374; x_wconf 92' lang='lat' dir='ltr'><strong>aber</strong></span> <span class='ocrx_word' id='word_1_267' title='bbox 364 1344 413 1374; x_wconf 91' lang='lat' dir='ltr'><strong>nit</strong></span> <span class='ocrx_word' id='word_1_268' title='bbox 438 1342 635 1384; x_wconf 89' lang='lat' dir='ltr'><strong>geschehen,</strong></span> <span class='ocrx_word' id='word_1_269' title='bbox 662 1343 763 1385; x_wconf 88' lang='lat' dir='ltr'><strong>gehet</strong></span> <span class='ocrx_word' id='word_1_270' title='bbox 787 1353 821 1375; x_wconf 89' lang='lat' dir='ltr'><strong>es</strong></span> <span class='ocrx_word' id='word_1_271' title='bbox 847 1344 1068 1379; x_wconf 85' lang='lat' dir='ltr'><strong>hiemit‚.und</strong></span> <span class='ocrx_word' id='word_1_272' title='bbox 1092 1343 1155 1375; x_wconf 85' lang='lat' dir='ltr'><strong>will</strong></span> <span class='ocrx_word' id='word_1_273' title='bbox 1182 1343 1239 1375; x_wconf 90' lang='lat' dir='ltr'><strong>des</strong></span> <span class='ocrx_word' id='word_1_274' title='bbox 1258 1344 1365 1375; x_wconf 87' lang='lat' dir='ltr'><strong>Herrn</strong></span> <span class='ocrx_word' id='word_1_275' title='bbox 1384 1343 1648 1376; x_wconf 83' lang='lat' dir='ltr'><strong>Gutbedunkhen</strong></span> <span class='ocrx_word' id='word_1_276' title='bbox 1673 1343 1815 1376; x_wconf 78' lang='lat' dir='ltr'><strong>dariiber</strong></span> <span class='ocrx_word' id='word_1_277' title='bbox 1838 1353 1918 1387; x_wconf 80' lang='lat' dir='ltr'><strong>geru</strong></span> 
     </span>
     <span class='ocr_line' id='line_1_25' title="bbox 102 1388 1918 1433; baseline 0.002 -14"><span class='ocrx_word' id='word_1_278' title='bbox 102 1390 308 1422; x_wconf 87' lang='lat' dir='ltr'><strong>vernehmen.</strong></span> <span class='ocrx_word' id='word_1_279' title='bbox 349 1391 415 1427; x_wconf 85' lang='lat' dir='ltr'><strong>(Ex</strong></span> <span class='ocrx_word' id='word_1_280' title='bbox 432 1390 594 1422; x_wconf 86' lang='lat' dir='ltr'><strong>Herwarti</strong></span> <span class='ocrx_word' id='word_1_281' title='bbox 620 1390 723 1422; x_wconf 87' lang='lat' dir='ltr'><strong>literis</strong></span> <span class='ocrx_word' id='word_1_282' title='bbox 749 1391 779 1422; x_wconf 91' lang='lat' dir='ltr'><strong>d.</strong></span> <span class='ocrx_word' id='word_1_283' title='bbox 808 1391 976 1423; x_wconf 87' lang='lat' dir='ltr'><strong>Monachii</strong></span> <span class='ocrx_word' id='word_1_284' title='bbox 1006 1391 1036 1422; x_wconf 93' lang='lat' dir='ltr'><strong>d.</strong></span> <span class='ocrx_word' id='word_1_285' title='bbox 1070 1389 1121 1422; x_wconf 87' lang='grc'><strong>16.</strong></span> <span class='ocrx_word' id='word_1_286' title='bbox 1140 1390 1223 1431; x_wconf 83' lang='lat' dir='ltr'><strong>Maji</strong></span> <span class='ocrx_word' id='word_1_287' title='bbox 1251 1388 1371 1430; x_wconf 87' lang='grc'>1599.)</span> <span class='ocrx_word' id='word_1_288' title='bbox 1420 1390 1604 1432; x_wconf 85' lang='lat' dir='ltr'><strong>Responsio</strong></span> <span class='ocrx_word' id='word_1_289' title='bbox 1621 1391 1760 1433; x_wconf 88' lang='lat' dir='ltr'><strong>Kepleri</strong></span> <span class='ocrx_word' id='word_1_290' title='bbox 1783 1392 1870 1424; x_wconf 75' lang='lat' dir='ltr'><strong>inter</strong></span> <span class='ocrx_word' id='word_1_291' title='bbox 1886 1391 1918 1424; x_wconf 87' lang='lat' dir='ltr'><strong>d.</strong></span> 
     </span>
     <span class='ocr_line' id='line_1_26' title="bbox 104 1435 1918 1482; baseline 0.002 -15"><span class='ocrx_word' id='word_1_292' title='bbox 104 1436 157 1468; x_wconf 84' lang='lat'><strong>16.</strong></span> <span class='ocrx_word' id='word_1_293' title='bbox 177 1437 259 1478; x_wconf 83' lang='lat' dir='ltr'><strong>Maji</strong></span> <span class='ocrx_word' id='word_1_294' title='bbox 286 1442 319 1469; x_wconf 89' lang='lat' dir='ltr'><strong>et</strong></span> <span class='ocrx_word' id='word_1_295' title='bbox 338 1436 394 1469; x_wconf 83' lang='lat'><strong>20.</strong></span> <span class='ocrx_word' id='word_1_296' title='bbox 420 1438 485 1469; x_wconf 81' lang='lat' dir='ltr'><strong>Jul.</strong></span> <span class='ocrx_word' id='word_1_297' title='bbox 507 1435 597 1468; x_wconf 87' lang='grc'><strong>1599</strong></span> <span class='ocrx_word' id='word_1_298' title='bbox 624 1438 747 1478; x_wconf 85' lang='lat' dir='ltr'><strong>scripta</strong></span> <span class='ocrx_word' id='word_1_299' title='bbox 774 1447 846 1470; x_wconf 89' lang='lat' dir='ltr'><strong>esse</strong></span> <span class='ocrx_word' id='word_1_300' title='bbox 871 1438 1009 1475; x_wconf 80' lang='lat' dir='ltr'><strong>videtur,</strong></span> <span class='ocrx_word' id='word_1_301' title='bbox 1037 1448 1111 1470; x_wconf 86' lang='lat' dir='ltr'><strong>cum</strong></span> <span class='ocrx_word' id='word_1_302' title='bbox 1136 1438 1170 1469; x_wconf 89' lang='lat' dir='ltr'><strong>iu</strong></span> <span class='ocrx_word' id='word_1_303' title='bbox 1187 1438 1289 1470; x_wconf 89' lang='lat' dir='ltr'><strong>literis</strong></span> <span class='ocrx_word' id='word_1_304' title='bbox 1307 1438 1338 1470; x_wconf 92' lang='lat' dir='ltr'><strong>d.</strong></span> <span class='ocrx_word' id='word_1_305' title='bbox 1359 1436 1414 1470; x_wconf 85' lang='lat'><strong>20.</strong></span> <span class='ocrx_word' id='word_1_306' title='bbox 1433 1438 1502 1470; x_wconf 83' lang='lat' dir='ltr'><strong>Jul.</strong></span> <span class='ocrx_word' id='word_1_307' title='bbox 1528 1439 1616 1471; x_wconf 78' lang='lat' dir='ltr'><strong>datis</strong></span> <span class='ocrx_word' id='word_1_308' title='bbox 1631 1438 1824 1471; x_wconf 80' lang='lat' dir='ltr'><strong>Herwartus</strong></span> <span class='ocrx_word' id='word_1_309' title='bbox 1841 1448 1918 1482; x_wconf 82' lang='lat' dir='ltr'><strong>gra-</strong></span> 
     </span>
     <span class='ocr_line' id='line_1_27' title="bbox 101 1485 1919 1528; baseline 0.002 -12"><span class='ocrx_word' id='word_1_310' title='bbox 101 1486 166 1516; x_wconf 85' lang='lat' dir='ltr'><strong>tias</strong></span> <span class='ocrx_word' id='word_1_311' title='bbox 192 1490 273 1527; x_wconf 89' lang='lat' dir='ltr'><strong>agat</strong></span> <span class='ocrx_word' id='word_1_312' title='bbox 299 1495 354 1526; x_wconf 90' lang='lat' dir='ltr'><strong>pro</strong></span> <span class='ocrx_word' id='word_1_313' title='bbox 381 1486 592 1526; x_wconf 79' lang='lat' dir='ltr'><strong>responsione</strong></span> <span class='ocrx_word' id='word_1_314' title='bbox 610 1485 747 1526; x_wconf 90' lang='lat' dir='ltr'><strong>Kepleri</strong></span> <span class='ocrx_word' id='word_1_315' title='bbox 775 1486 818 1518; x_wconf 87' lang='lat' dir='ltr'><strong>ad</strong></span> <span class='ocrx_word' id='word_1_316' title='bbox 842 1486 1054 1528; x_wconf 87' lang='lat' dir='ltr'><strong>quaestiones</strong></span> <span class='ocrx_word' id='word_1_317' title='bbox 1080 1495 1168 1522; x_wconf 89' lang='lat' dir='ltr'><strong>suas,</strong></span> <span class='ocrx_word' id='word_1_318' title='bbox 1195 1495 1262 1517; x_wconf 90' lang='lat' dir='ltr'><strong>rem</strong></span> <span class='ocrx_word' id='word_1_319' title='bbox 1289 1486 1395 1527; x_wconf 89' lang='lat' dir='ltr'><strong>ipsam</strong></span> <span class='ocrx_word' id='word_1_320' title='bbox 1420 1495 1495 1517; x_wconf 87' lang='lat' dir='ltr'><strong>vero</strong></span> <span class='ocrx_word' id='word_1_321' title='bbox 1525 1496 1591 1518; x_wconf 93' lang='lat' dir='ltr'><strong>non</strong></span> <span class='ocrx_word' id='word_1_322' title='bbox 1617 1486 1754 1518; x_wconf 85' lang='lat' dir='ltr'><strong>ulterius</strong></span> <span class='ocrx_word' id='word_1_323' title='bbox 1777 1489 1919 1527; x_wconf 82' lang='lat' dir='ltr'><strong>premat,</strong></span> 
     </span>
     <span class='ocr_line' id='line_1_28' title="bbox 101 1530 1955 1575; baseline 0.001 -12"><span class='ocrx_word' id='word_1_324' title='bbox 101 1532 201 1564; x_wconf 88' lang='lat' dir='ltr'><strong>semel</strong></span> <span class='ocrx_word' id='word_1_325' title='bbox 227 1536 355 1564; x_wconf 89' lang='lat' dir='ltr'><strong>tantum</strong></span> <span class='ocrx_word' id='word_1_326' title='bbox 374 1532 511 1573; x_wconf 89' lang='lat' dir='ltr'><strong>posthac</strong></span> <span class='ocrx_word' id='word_1_327' title='bbox 531 1530 604 1572; x_wconf 82' lang='lat'><strong>(25.</strong></span> <span class='ocrx_word' id='word_1_328' title='bbox 623 1533 689 1564; x_wconf 86' lang='lat' dir='ltr'><strong>Jul.</strong></span> <span class='ocrx_word' id='word_1_329' title='bbox 708 1531 814 1573; x_wconf 89' lang='grc'>1600)</span> <span class='ocrx_word' id='word_1_330' title='bbox 843 1533 886 1565; x_wconf 87' lang='lat' dir='ltr'><strong>ad</strong></span> <span class='ocrx_word' id='word_1_331' title='bbox 911 1533 1031 1565; x_wconf 86' lang='lat' dir='ltr'><strong>Ursum</strong></span> <span class='ocrx_word' id='word_1_332' title='bbox 1048 1533 1178 1565; x_wconf 90' lang='lat' dir='ltr'><strong>rediens</strong></span> <span class='ocrx_word' id='word_1_333' title='bbox 1198 1533 1249 1564; x_wconf 89' lang='lat' dir='ltr'><strong>his</strong></span> <span class='ocrx_word' id='word_1_334' title='bbox 1266 1533 1389 1565; x_wconf 88' lang='lat' dir='ltr'><strong>verbis:</strong></span> <span class='ocrx_word' id='word_1_335' title='bbox 1416 1533 1475 1565; x_wconf 90' lang='lat' dir='ltr'><strong>Ich</strong></span> <span class='ocrx_word' id='word_1_336' title='bbox 1487 1532 1632 1575; x_wconf 34' lang='lat' dir='ltr'><strong>habdaus</strong></span> <span class='ocrx_word' id='word_1_337' title='bbox 1650 1533 1771 1565; x_wconf 84' lang='lat' dir='ltr'><strong>Eurem</strong></span> <span class='ocrx_word' id='word_1_338' title='bbox 1789 1532 1918 1566; x_wconf 81' lang='lat' dir='ltr'><strong>Schrei-</strong></span> <span class='ocrx_word' id='word_1_339' title='bbox 1944 1532 1955 1534; x_wconf 29' lang='lat'>³</span> 
     </span>
    </p>

    <p class='ocr_par' dir='ltr' id='par_1_6' title="bbox 61 1568 1919 1716">
     <span class='ocr_line' id='line_1_29' title="bbox 61 1568 1917 1626; baseline 0.001 -15"><span class='ocrx_word' id='word_1_340' title='bbox 61 1609 67 1626; x_wconf 11' lang='grc' dir='ltr'><strong>Ἴ,</strong></span> <span class='ocrx_word' id='word_1_341' title='bbox 95 1580 162 1623; x_wconf 54' lang='lat' dir='ltr'><strong>1³5³„ss</strong></span> <span class='ocrx_word' id='word_1_342' title='bbox 181 1580 329 1626; x_wconf 81' lang='lat' dir='ltr'><strong>ersehen,</strong></span> <span class='ocrx_word' id='word_1_343' title='bbox 355 1581 416 1612; x_wconf 89' lang='lat' dir='ltr'><strong>wie</strong></span> <span class='ocrx_word' id='word_1_344' title='bbox 443 1579 625 1623; x_wconf 82' lang='lat' dir='ltr'><strong>EuerReis</strong></span> <span class='ocrx_word' id='word_1_345' title='bbox 651 1580 738 1624; x_wconf 84' lang='lat' dir='ltr'><strong>nach</strong></span> <span class='ocrx_word' id='word_1_346' title='bbox 756 1581 962 1613; x_wconf 82' lang='lat' dir='ltr'><strong>Pennatickh</strong></span> <span class='ocrx_word' id='word_1_347' title='bbox 984 1580 1055 1622; x_wconf 16' lang='lat' dir='ltr'><strong>&gt;und</strong></span> <span class='ocrx_word' id='word_1_348' title='bbox 1080 1580 1137 1623; x_wconf 86' lang='lat' dir='ltr'><strong>der</strong></span> <span class='ocrx_word' id='word_1_349' title='bbox 1163 1581 1332 1612; x_wconf 88' lang='lat' dir='ltr'><strong>convictus</strong></span> <span class='ocrx_word' id='word_1_350' title='bbox 1350 1590 1437 1623; x_wconf 29' lang='lat' dir='ltr'><strong>‚cum</strong></span> <span class='ocrx_word' id='word_1_351' title='bbox 1455 1568 1917 1626; x_wconf 49' lang='grc' dir='ltr'><strong>ῘὶῦὲρῇᾦχξῇῐςΞΪἯὴ</strong></span> 
     </span>
     <span class='ocr_line' id='line_1_30' title="bbox 100 1624 1919 1671; baseline 0.001 -13"><span class='ocrx_word' id='word_1_352' title='bbox 100 1624 295 1664; x_wconf 87' lang='lat' dir='ltr'><strong>vernimme,</strong></span> <span class='ocrx_word' id='word_1_353' title='bbox 334 1627 382 1659; x_wconf 89' lang='lat' dir='ltr'><strong>als</strong></span> <span class='ocrx_word' id='word_1_354' title='bbox 409 1628 448 1659; x_wconf 95' lang='lat' dir='ltr'><strong>ob</strong></span> <span class='ocrx_word' id='word_1_355' title='bbox 474 1627 536 1658; x_wconf 88' lang='lat' dir='ltr'><strong>viel</strong></span> <span class='ocrx_word' id='word_1_356' title='bbox 563 1626 725 1659; x_wconf 86' lang='lat' dir='ltr'><strong>Schriften</strong></span> <span class='ocrx_word' id='word_1_357' title='bbox 761 1628 829 1659; x_wconf 92' lang='lat' dir='ltr'><strong>und</strong></span> <span class='ocrx_word' id='word_1_358' title='bbox 854 1628 1096 1660; x_wconf 79' lang='lat' dir='ltr'><strong>Instrumenta</strong></span> <span class='ocrx_word' id='word_1_359' title='bbox 1113 1637 1175 1659; x_wconf 90' lang='lat' dir='ltr'><strong>von</strong></span> <span class='ocrx_word' id='word_1_360' title='bbox 1214 1626 1288 1659; x_wconf 91' lang='lat' dir='ltr'><strong>dem</strong></span> <span class='ocrx_word' id='word_1_361' title='bbox 1319 1628 1466 1669; x_wconf 76' lang='lat' dir='ltr'><strong>Jetzigen</strong></span> <span class='ocrx_word' id='word_1_362' title='bbox 1497 1627 1612 1671; x_wconf 68' lang='lat' dir='ltr'><strong>Konig</strong></span> <span class='ocrx_word' id='word_1_363' title='bbox 1634 1637 1699 1660; x_wconf 86' lang='lat' dir='ltr'><strong>von</strong></span> <span class='ocrx_word' id='word_1_364' title='bbox 1725 1627 1919 1660; x_wconf 74' lang='lat' dir='ltr'><strong>Dauemark</strong></span> 
     </span>
     <span class='ocr_line' id='line_1_31' title="bbox 99 1674 1917 1716; baseline 0.001 -11"><span class='ocrx_word' id='word_1_365' title='bbox 99 1676 303 1706; x_wconf 90' lang='lat' dir='ltr'><strong>verarrestirt</strong></span> <span class='ocrx_word' id='word_1_366' title='bbox 328 1675 461 1707; x_wconf 83' lang='lat' dir='ltr'><strong>worden</strong></span> <span class='ocrx_word' id='word_1_367' title='bbox 487 1684 568 1714; x_wconf 90' lang='lat' dir='ltr'><strong>seyn</strong></span> <span class='ocrx_word' id='word_1_368' title='bbox 595 1675 724 1707; x_wconf 88' lang='lat' dir='ltr'><strong>sollten.</strong></span> <span class='ocrx_word' id='word_1_369' title='bbox 776 1674 910 1707; x_wconf 71' lang='lat' dir='ltr'><strong>Mochte</strong></span> <span class='ocrx_word' id='word_1_370' title='bbox 936 1675 1020 1706; x_wconf 85' lang='lat' dir='ltr'><strong>wohl</strong></span> <span class='ocrx_word' id='word_1_371' title='bbox 1045 1675 1174 1711; x_wconf 86' lang='lat' dir='ltr'><strong>wissen,</strong></span> <span class='ocrx_word' id='word_1_372' title='bbox 1201 1675 1242 1706; x_wconf 95' lang='lat' dir='ltr'><strong>ob</strong></span> <span class='ocrx_word' id='word_1_373' title='bbox 1259 1675 1370 1716; x_wconf 87' lang='lat' dir='ltr'><strong>Tycho</strong></span> <span class='ocrx_word' id='word_1_374' title='bbox 1395 1676 1430 1706; x_wconf 88' lang='lat' dir='ltr'><strong>in</strong></span> <span class='ocrx_word' id='word_1_375' title='bbox 1455 1675 1736 1707; x_wconf 85' lang='lat' dir='ltr'><strong>observationibus</strong></span> <span class='ocrx_word' id='word_1_376' title='bbox 1760 1674 1917 1708; x_wconf 74' lang='lat' dir='ltr'><strong>fortfahre</strong></span> 
     </span>
    </p>

    <p class='ocr_par' dir='ltr' id='par_1_7' title="bbox 33 1718 1918 1858">
     <span class='ocr_line' id='line_1_32' title="bbox 33 1718 1915 1764; baseline 0.002 -12"><span class='ocrx_word' id='word_1_377' title='bbox 33 1740 37 1763; x_wconf 61' lang='lat'><em>3</em></span> <span class='ocrx_word' id='word_1_378' title='bbox 97 1722 165 1753; x_wconf 90' lang='lat' dir='ltr'><strong>und</strong></span> <span class='ocrx_word' id='word_1_379' title='bbox 191 1722 435 1757; x_wconf 87' lang='lat' dir='ltr'><strong>observatores,</strong></span> <span class='ocrx_word' id='word_1_380' title='bbox 454 1718 521 1752; x_wconf 78' lang='lat' dir='ltr'><strong>‘wie</strong></span> <span class='ocrx_word' id='word_1_381' title='bbox 547 1731 582 1753; x_wconf 89' lang='lat' dir='ltr'><strong>er</strong></span> <span class='ocrx_word' id='word_1_382' title='bbox 606 1732 662 1753; x_wconf 90' lang='lat' dir='ltr'><strong>vor</strong></span> <span class='ocrx_word' id='word_1_383' title='bbox 686 1722 811 1754; x_wconf 89' lang='lat' dir='ltr'><strong>Jahren</strong></span> <span class='ocrx_word' id='word_1_384' title='bbox 837 1733 877 1753; x_wconf 95' lang='lat' dir='ltr'><strong>zu</strong></span> <span class='ocrx_word' id='word_1_385' title='bbox 902 1723 984 1754; x_wconf 88' lang='lat' dir='ltr'><strong>thun</strong></span> <span class='ocrx_word' id='word_1_386' title='bbox 1009 1723 1182 1764; x_wconf 88' lang='lat' dir='ltr'><strong>gepflogen</strong></span> <span class='ocrx_word' id='word_1_387' title='bbox 1198 1745 1206 1759; x_wconf 89' lang='lat'><strong>,</strong></span> <span class='ocrx_word' id='word_1_388' title='bbox 1232 1723 1285 1754; x_wconf 92' lang='lat' dir='ltr'><strong>bei</strong></span> <span class='ocrx_word' id='word_1_389' title='bbox 1311 1723 1381 1754; x_wconf 86' lang='lat' dir='ltr'><strong>sich</strong></span> <span class='ocrx_word' id='word_1_390' title='bbox 1405 1722 1503 1754; x_wconf 89' lang='lat' dir='ltr'><strong>habe.</strong></span> <span class='ocrx_word' id='word_1_391' title='bbox 1554 1722 1645 1755; x_wconf 83' lang='lat' dir='ltr'><strong>Mich</strong></span> <span class='ocrx_word' id='word_1_392' title='bbox 1668 1723 1788 1754; x_wconf 86' lang='lat' dir='ltr'><strong>nimmt</strong></span> <span class='ocrx_word' id='word_1_393' title='bbox 1810 1722 1915 1755; x_wconf 84' lang='lat' dir='ltr'><strong>Wun-</strong></span> 
     </span>
     <span class='ocr_line' id='line_1_33' title="bbox 98 1768 1918 1812; baseline 0.001 -13"><span class='ocrx_word' id='word_1_394' title='bbox 98 1768 166 1806; x_wconf 90' lang='lat' dir='ltr'><strong>der,</strong></span> <span class='ocrx_word' id='word_1_395' title='bbox 191 1771 252 1801; x_wconf 86' lang='lat' dir='ltr'><strong>wie</strong></span> <span class='ocrx_word' id='word_1_396' title='bbox 278 1769 347 1801; x_wconf 91' lang='lat' dir='ltr'><strong>sich</strong></span> <span class='ocrx_word' id='word_1_397' title='bbox 375 1770 416 1800; x_wconf 86' lang='lat' dir='ltr'><strong>Er</strong></span> <span class='ocrx_word' id='word_1_398' title='bbox 440 1769 508 1800; x_wconf 90' lang='lat' dir='ltr'><strong>und</strong></span> <span class='ocrx_word' id='word_1_399' title='bbox 535 1768 592 1800; x_wconf 91' lang='lat' dir='ltr'><strong>der</strong></span> <span class='ocrx_word' id='word_1_400' title='bbox 617 1768 719 1801; x_wconf 86' lang='lat' dir='ltr'><strong>Ursus</strong></span> <span class='ocrx_word' id='word_1_401' title='bbox 746 1779 780 1800; x_wconf 91' lang='lat' dir='ltr'><strong>so</strong></span> <span class='ocrx_word' id='word_1_402' title='bbox 807 1769 939 1801; x_wconf 88' lang='lat' dir='ltr'><strong>nahend</strong></span> <span class='ocrx_word' id='word_1_403' title='bbox 975 1780 1031 1801; x_wconf 90' lang='lat' dir='ltr'><strong>um</strong></span> <span class='ocrx_word' id='word_1_404' title='bbox 1058 1770 1218 1801; x_wconf 88' lang='lat' dir='ltr'><strong>einander</strong></span> <span class='ocrx_word' id='word_1_405' title='bbox 1244 1770 1396 1802; x_wconf 87' lang='lat' dir='ltr'><strong>dannoch</strong></span> <span class='ocrx_word' id='word_1_406' title='bbox 1421 1770 1583 1812; x_wconf 82' lang='lat' dir='ltr'><strong>betragen</strong></span> <span class='ocrx_word' id='word_1_407' title='bbox 1609 1770 1753 1802; x_wconf 83' lang='lat' dir='ltr'><strong>kiinden.</strong></span> <span class='ocrx_word' id='word_1_408' title='bbox 1788 1768 1918 1812; x_wconf 84' lang='lat' dir='ltr'><strong>(Comp.</strong></span> 
     </span>
     <span class='ocr_line' id='line_1_34' title="bbox 98 1815 1193 1858; baseline 0.001 -11"><span class='ocrx_word' id='word_1_409' title='bbox 98 1826 171 1847; x_wconf 90' lang='lat' dir='ltr'><strong>cum</strong></span> <span class='ocrx_word' id='word_1_410' title='bbox 195 1816 245 1848; x_wconf 88' lang='lat' dir='ltr'><strong>his</strong></span> <span class='ocrx_word' id='word_1_411' title='bbox 270 1817 383 1848; x_wconf 85' lang='lat' dir='ltr'><strong>literas</strong></span> <span class='ocrx_word' id='word_1_412' title='bbox 409 1816 574 1857; x_wconf 89' lang='lat' dir='ltr'><strong>Tychouis</strong></span> <span class='ocrx_word' id='word_1_413' title='bbox 601 1816 644 1848; x_wconf 90' lang='lat' dir='ltr'><strong>ad</strong></span> <span class='ocrx_word' id='word_1_414' title='bbox 672 1817 881 1848; x_wconf 86' lang='lat' dir='ltr'><strong>Herwartum</strong></span> <span class='ocrx_word' id='word_1_415' title='bbox 909 1826 1006 1858; x_wconf 88' lang='lat' dir='ltr'><strong>supra</strong></span> <span class='ocrx_word' id='word_1_416' title='bbox 1032 1827 1063 1858; x_wconf 89' lang='lat' dir='ltr'><strong>p.</strong></span> <span class='ocrx_word' id='word_1_417' title='bbox 1096 1815 1193 1856; x_wconf 80' lang='lat'><strong>232.)</strong></span> 
     </span>
    </p>
   </div>
   <div class='ocr_carea' id='block_1_5' title="bbox 97 1919 1919 2200">
    <p class='ocr_par' dir='ltr' id='par_1_8' title="bbox 97 1919 1919 2200">
     <span class='ocr_line' id='line_1_35' title="bbox 193 1919 1919 1964; baseline 0.001 -12"><span class='ocrx_word' id='word_1_418' title='bbox 193 1919 228 1961; x_wconf 87' lang='grc'><strong>6)</strong></span> <span class='ocrx_word' id='word_1_419' title='bbox 254 1932 286 1963; x_wconf 89' lang='lat' dir='ltr'><strong>p.</strong></span> <span class='ocrx_word' id='word_1_420' title='bbox 314 1919 393 1954; x_wconf 89' lang='grc'>236.</span> <span class='ocrx_word' id='word_1_421' title='bbox 445 1922 572 1954; x_wconf 90' lang='lat' dir='ltr'><strong>Morem</strong></span> <span class='ocrx_word' id='word_1_422' title='bbox 598 1927 732 1955; x_wconf 86' lang='lat' dir='ltr'><strong>secutus</strong></span> <span class='ocrx_word' id='word_1_423' title='bbox 759 1923 862 1955; x_wconf 87' lang='lat' dir='ltr'><strong>Ursus</strong></span> <span class='ocrx_word' id='word_1_424' title='bbox 889 1927 957 1954; x_wconf 87' lang='lat' dir='ltr'><strong>tum</strong></span> <span class='ocrx_word' id='word_1_425' title='bbox 984 1923 1138 1962; x_wconf 88' lang='lat' dir='ltr'><strong>temporis</strong></span> <span class='ocrx_word' id='word_1_426' title='bbox 1174 1923 1333 1954; x_wconf 87' lang='lat' dir='ltr'><strong>usitatum</strong></span> <span class='ocrx_word' id='word_1_427' title='bbox 1365 1923 1480 1954; x_wconf 87' lang='lat' dir='ltr'><strong>librum</strong></span> <span class='ocrx_word' id='word_1_428' title='bbox 1505 1932 1600 1954; x_wconf 88' lang='lat' dir='ltr'><strong>suum</strong></span> <span class='ocrx_word' id='word_1_429' title='bbox 1624 1923 1791 1964; x_wconf 85' lang='lat' dir='ltr'><strong>inscripsit</strong></span> <span class='ocrx_word' id='word_1_430' title='bbox 1815 1923 1919 1955; x_wconf 81' lang='lat' dir='ltr'><strong>nimia</strong></span> 
     </span>
     <span class='ocr_line' id='line_1_36' title="bbox 97 1969 1916 2011; baseline 0.002 -12"><span class='ocrx_word' id='word_1_431' title='bbox 97 1978 175 2000; x_wconf 87' lang='lat' dir='ltr'><strong>usus</strong></span> <span class='ocrx_word' id='word_1_432' title='bbox 213 1969 381 2000; x_wconf 90' lang='lat' dir='ltr'><strong>verborum</strong></span> <span class='ocrx_word' id='word_1_433' title='bbox 421 1970 531 2010; x_wconf 82' lang='lat' dir='ltr'><strong>copia:</strong></span> <span class='ocrx_word' id='word_1_434' title='bbox 566 1969 607 2002; x_wconf 89' lang='lat' dir='ltr'><strong>N.</strong></span> <span class='ocrx_word' id='word_1_435' title='bbox 634 1969 676 2001; x_wconf 82' lang='lat' dir='ltr'><strong>R.</strong></span> <span class='ocrx_word' id='word_1_436' title='bbox 702 1970 778 2002; x_wconf 84' lang='lat' dir='ltr'><strong>Ursi</strong></span> <span class='ocrx_word' id='word_1_437' title='bbox 803 1970 986 2002; x_wconf 88' lang='lat' dir='ltr'><strong>Dithmarsi</strong></span> <span class='ocrx_word' id='word_1_438' title='bbox 1012 1969 1045 2002; x_wconf 89' lang='lat' dir='ltr'><strong>S.</strong></span> <span class='ocrx_word' id='word_1_439' title='bbox 1074 1970 1108 2001; x_wconf 88' lang='lat' dir='ltr'><strong>C.</strong></span> <span class='ocrx_word' id='word_1_440' title='bbox 1139 1969 1185 2001; x_wconf 89' lang='lat' dir='ltr'><strong>M.</strong></span> <span class='ocrx_word' id='word_1_441' title='bbox 1213 1969 1444 2002; x_wconf 86' lang='lat' dir='ltr'><strong>Mathematici</strong></span> <span class='ocrx_word' id='word_1_442' title='bbox 1480 1970 1520 2002; x_wconf 90' lang='lat' dir='ltr'><strong>de</strong></span> <span class='ocrx_word' id='word_1_443' title='bbox 1553 1971 1778 2002; x_wconf 85' lang='lat' dir='ltr'><strong>astronomicis</strong></span> <span class='ocrx_word' id='word_1_444' title='bbox 1814 1970 1916 2011; x_wconf 82' lang='lat' dir='ltr'><strong>hypo-</strong></span> 
     </span>
     <span class='ocr_line' id='line_1_37' title="bbox 97 2015 1915 2059; baseline 0.001 -12"><span class='ocrx_word' id='word_1_445' title='bbox 97 2015 244 2048; x_wconf 84' lang='lat' dir='ltr'><strong>thesibus</strong></span> <span class='ocrx_word' id='word_1_446' title='bbox 270 2025 327 2048; x_wconf 88' lang='lat' dir='ltr'><strong>seu</strong></span> <span class='ocrx_word' id='word_1_447' title='bbox 364 2017 404 2049; x_wconf 90' lang='lat' dir='ltr'><strong>de</strong></span> <span class='ocrx_word' id='word_1_448' title='bbox 429 2021 609 2057; x_wconf 86' lang='lat' dir='ltr'><strong>systemate</strong></span> <span class='ocrx_word' id='word_1_449' title='bbox 635 2018 801 2049; x_wconf 89' lang='lat' dir='ltr'><strong>mundano</strong></span> <span class='ocrx_word' id='word_1_450' title='bbox 840 2021 1004 2049; x_wconf 88' lang='lat' dir='ltr'><strong>tractatus</strong></span> <span class='ocrx_word' id='word_1_451' title='bbox 1031 2018 1266 2048; x_wconf 87' lang='lat' dir='ltr'><strong>astronomicus</strong></span> <span class='ocrx_word' id='word_1_452' title='bbox 1298 2021 1332 2048; x_wconf 89' lang='lat' dir='ltr'><strong>et</strong></span> <span class='ocrx_word' id='word_1_453' title='bbox 1356 2017 1662 2059; x_wconf 85' lang='lat' dir='ltr'><strong>cosmographicus:</strong></span> <span class='ocrx_word' id='word_1_454' title='bbox 1702 2026 1776 2048; x_wconf 85' lang='lat' dir='ltr'><strong>cum</strong></span> <span class='ocrx_word' id='word_1_455' title='bbox 1797 2019 1915 2058; x_wconf 84' lang='lat' dir='ltr'><strong>jucun-</strong></span> 
     </span>
     <span class='ocr_line' id='line_1_38' title="bbox 98 2063 1918 2105; baseline 0.001 -11"><span class='ocrx_word' id='word_1_456' title='bbox 98 2063 157 2094; x_wconf 90' lang='lat' dir='ltr'><strong>dus</strong></span> <span class='ocrx_word' id='word_1_457' title='bbox 190 2067 260 2095; x_wconf 87' lang='lat' dir='ltr'><strong>tum</strong></span> <span class='ocrx_word' id='word_1_458' title='bbox 297 2063 499 2096; x_wconf 87' lang='lat' dir='ltr'><strong>utilissimus.</strong></span> <span class='ocrx_word' id='word_1_459' title='bbox 550 2064 634 2096; x_wconf 89' lang='lat' dir='ltr'><strong>Item</strong></span> <span class='ocrx_word' id='word_1_460' title='bbox 672 2065 966 2096; x_wconf 85' lang='lat' dir='ltr'><strong>astronomicarum</strong></span> <span class='ocrx_word' id='word_1_461' title='bbox 1003 2064 1232 2105; x_wconf 88' lang='lat' dir='ltr'><strong>hypothesium</strong></span> <span class='ocrx_word' id='word_1_462' title='bbox 1271 2073 1292 2095; x_wconf 89' lang='lat' dir='ltr'><strong>a</strong></span> <span class='ocrx_word' id='word_1_463' title='bbox 1325 2073 1360 2095; x_wconf 89' lang='lat' dir='ltr'><strong>se</strong></span> <span class='ocrx_word' id='word_1_464' title='bbox 1394 2065 1620 2102; x_wconf 86' lang='lat' dir='ltr'><strong>inventarum,</strong></span> <span class='ocrx_word' id='word_1_465' title='bbox 1660 2063 1844 2096; x_wconf 83' lang='lat' dir='ltr'><strong>oblatarum</strong></span> <span class='ocrx_word' id='word_1_466' title='bbox 1884 2067 1918 2096; x_wconf 90' lang='lat' dir='ltr'><strong>et</strong></span> 
     </span>
     <span class='ocr_line' id='line_1_39' title="bbox 100 2110 1918 2154; baseline 0.002 -14"><span class='ocrx_word' id='word_1_467' title='bbox 100 2110 261 2143; x_wconf 84' lang='lat' dir='ltr'><strong>editarum</strong></span> <span class='ocrx_word' id='word_1_468' title='bbox 287 2115 403 2144; x_wconf 86' lang='lat' dir='ltr'><strong>contra</strong></span> <span class='ocrx_word' id='word_1_469' title='bbox 428 2112 585 2153; x_wconf 90' lang='lat' dir='ltr'><strong>quosdam</strong></span> <span class='ocrx_word' id='word_1_470' title='bbox 613 2121 670 2144; x_wconf 88' lang='lat' dir='ltr'><strong>eas</strong></span> <span class='ocrx_word' id='word_1_471' title='bbox 696 2113 756 2143; x_wconf 81' lang='lat' dir='ltr'><strong>sibi</strong></span> <span class='ocrx_word' id='word_1_472' title='bbox 782 2112 958 2144; x_wconf 84' lang='lat' dir='ltr'><strong>temerario</strong></span> <span class='ocrx_word' id='word_1_473' title='bbox 985 2122 1042 2143; x_wconf 90' lang='lat' dir='ltr'><strong>seu</strong></span> <span class='ocrx_word' id='word_1_474' title='bbox 1067 2112 1175 2153; x_wconf 89' lang='lat' dir='ltr'><strong>potius</strong></span> <span class='ocrx_word' id='word_1_475' title='bbox 1200 2112 1325 2143; x_wconf 85' lang='lat' dir='ltr'><strong>nefario</strong></span> <span class='ocrx_word' id='word_1_476' title='bbox 1352 2121 1434 2143; x_wconf 87' lang='lat' dir='ltr'><strong>ausu</strong></span> <span class='ocrx_word' id='word_1_477' title='bbox 1461 2115 1655 2154; x_wconf 81' lang='lat' dir='ltr'><strong>arrogantes</strong></span> <span class='ocrx_word' id='word_1_478' title='bbox 1680 2111 1857 2144; x_wconf 85' lang='lat' dir='ltr'><strong>vindicatio</strong></span> <span class='ocrx_word' id='word_1_479' title='bbox 1883 2114 1918 2143; x_wconf 89' lang='lat' dir='ltr'><strong>et</strong></span> 
     </span>
     <span class='ocr_line' id='line_1_40' title="bbox 98 2151 1230 2200; baseline 0.002 -12"><span class='ocrx_word' id='word_1_480' title='bbox 98 2157 254 2194; x_wconf 82' lang='lat' dir='ltr'><strong>defensio.</strong></span> <span class='ocrx_word' id='word_1_481' title='bbox 283 2168 365 2200; x_wconf 90' lang='lat' dir='ltr'><strong>eque</strong></span> <span class='ocrx_word' id='word_1_482' title='bbox 391 2160 492 2191; x_wconf 89' lang='lat' dir='ltr'><strong>sacris</strong></span> <span class='ocrx_word' id='word_1_483' title='bbox 519 2151 771 2191; x_wconf 68' lang='lat' dir='ltr'><strong>demonstratio:</strong></span> <span class='ocrx_word' id='word_1_484' title='bbox 799 2159 1041 2200; x_wconf 86' lang='lat' dir='ltr'><strong>earundemque</strong></span> <span class='ocrx_word' id='word_1_485' title='bbox 1067 2169 1143 2190; x_wconf 88' lang='lat' dir='ltr'><strong>usus</strong></span> <span class='ocrx_word' id='word_1_486' title='bbox 1170 2157 1230 2190; x_wconf 71' lang='lat' dir='ltr'><strong>dte.</strong></span> 
     </span>
    </p>
   </div>
   <div class='ocr_carea' id='block_1_6' title="bbox 40 2261 2028 3110">
    <p class='ocr_par' dir='ltr' id='par_1_9' title="bbox 95 2261 2028 2685">
     <span class='ocr_line' id='line_1_41' title="bbox 193 2261 1913 2307; baseline 0.002 -13"><span class='ocrx_word' id='word_1_487' title='bbox 193 2262 230 2304; x_wconf 88' lang='grc'><strong>7)</strong></span> <span class='ocrx_word' id='word_1_488' title='bbox 255 2275 286 2306; x_wconf 91' lang='lat' dir='ltr'><strong>p.</strong></span> <span class='ocrx_word' id='word_1_489' title='bbox 315 2262 394 2296; x_wconf 81' lang='lat'><strong>240.</strong></span> <span class='ocrx_word' id='word_1_490' title='bbox 441 2264 505 2297; x_wconf 86' lang='lat' dir='ltr'><strong>Ma</strong></span> <span class='ocrx_word' id='word_1_491' title='bbox 529 2265 600 2297; x_wconf 87' lang='lat' dir='ltr'><strong>inus</strong></span> <span class='ocrx_word' id='word_1_492' title='bbox 626 2266 658 2296; x_wconf 90' lang='lat' dir='ltr'><strong>in</strong></span> <span class='ocrx_word' id='word_1_493' title='bbox 688 2261 963 2298; x_wconf 65' lang='lat' dir='ltr'><strong>..Theoricarum“</strong></span> <span class='ocrx_word' id='word_1_494' title='bbox 991 2265 1196 2307; x_wconf 85' lang='lat' dir='ltr'><strong>praefatione</strong></span> <span class='ocrx_word' id='word_1_495' title='bbox 1220 2265 1304 2297; x_wconf 83' lang='lat' dir='ltr'><strong>haec</strong></span> <span class='ocrx_word' id='word_1_496' title='bbox 1329 2265 1468 2306; x_wconf 86' lang='lat' dir='ltr'><strong>profert:</strong></span> <span class='ocrx_word' id='word_1_497' title='bbox 1494 2264 1534 2296; x_wconf 89' lang='lat' dir='ltr'><strong>In</strong></span> <span class='ocrx_word' id='word_1_498' title='bbox 1557 2264 1621 2297; x_wconf 85' lang='lat' dir='ltr'><strong>hac</strong></span> <span class='ocrx_word' id='word_1_499' title='bbox 1646 2263 1836 2297; x_wconf 85' lang='lat' dir='ltr'><strong>narratione</strong></span> <span class='ocrx_word' id='word_1_500' title='bbox 1861 2274 1913 2297; x_wconf 87' lang='lat' dir='ltr'><strong>se-</strong></span> 
     </span>
     <span class='ocr_line' id='line_1_42' title="bbox 97 2306 1911 2354; baseline 0.001 -11"><span class='ocrx_word' id='word_1_501' title='bbox 97 2321 232 2353; x_wconf 88' lang='lat' dir='ltr'><strong>quemur</strong></span> <span class='ocrx_word' id='word_1_502' title='bbox 267 2311 510 2344; x_wconf 88' lang='lat' dir='ltr'><strong>observationes</strong></span> <span class='ocrx_word' id='word_1_503' title='bbox 538 2306 746 2345; x_wconf 72' lang='lat' dir='ltr'><strong>eruditissimi</strong></span> <span class='ocrx_word' id='word_1_504' title='bbox 771 2314 828 2345; x_wconf 92' lang='lat' dir='ltr'><strong>viri</strong></span> <span class='ocrx_word' id='word_1_505' title='bbox 867 2317 901 2345; x_wconf 87' lang='lat' dir='ltr'><strong>et</strong></span> <span class='ocrx_word' id='word_1_506' title='bbox 932 2313 1209 2354; x_wconf 87' lang='lat' dir='ltr'><strong>praestantissimi</strong></span> <span class='ocrx_word' id='word_1_507' title='bbox 1236 2312 1372 2344; x_wconf 87' lang='lat' dir='ltr'><strong>artificis</strong></span> <span class='ocrx_word' id='word_1_508' title='bbox 1397 2311 1472 2344; x_wconf 80' lang='lat' dir='ltr'><strong>Nic.</strong></span> <span class='ocrx_word' id='word_1_509' title='bbox 1500 2310 1685 2353; x_wconf 86' lang='lat' dir='ltr'><strong>Copernici,</strong></span> <span class='ocrx_word' id='word_1_510' title='bbox 1723 2321 1809 2353; x_wconf 84' lang='lat' dir='ltr'><strong>quae</strong></span> <span class='ocrx_word' id='word_1_511' title='bbox 1836 2322 1911 2344; x_wconf 87' lang='lat' dir='ltr'><strong>cum</strong></span> 
     </span>
     <span class='ocr_line' id='line_1_43' title="bbox 98 2356 2028 2402; baseline 0.001 -12"><span class='ocrx_word' id='word_1_512' title='bbox 98 2359 188 2391; x_wconf 89' lang='lat' dir='ltr'><strong>coelo</strong></span> <span class='ocrx_word' id='word_1_513' title='bbox 213 2360 348 2392; x_wconf 87' lang='lat' dir='ltr'><strong>mirifice</strong></span> <span class='ocrx_word' id='word_1_514' title='bbox 375 2361 604 2397; x_wconf 88' lang='lat' dir='ltr'><strong>consentiunt,</strong></span> <span class='ocrx_word' id='word_1_515' title='bbox 632 2361 792 2402; x_wconf 86' lang='lat' dir='ltr'><strong>neglectis</strong></span> <span class='ocrx_word' id='word_1_516' title='bbox 819 2365 932 2392; x_wconf 89' lang='lat' dir='ltr'><strong>tamen</strong></span> <span class='ocrx_word' id='word_1_517' title='bbox 958 2361 1042 2392; x_wconf 87' lang='lat' dir='ltr'><strong>illius</strong></span> <span class='ocrx_word' id='word_1_518' title='bbox 1067 2360 1302 2401; x_wconf 88' lang='lat' dir='ltr'><strong>hypothesibus</strong></span> <span class='ocrx_word' id='word_1_519' title='bbox 1330 2359 1370 2391; x_wconf 88' lang='lat' dir='ltr'><strong>de</strong></span> <span class='ocrx_word' id='word_1_520' title='bbox 1395 2359 1566 2400; x_wconf 87' lang='lat' dir='ltr'><strong>multiplici</strong></span> <span class='ocrx_word' id='word_1_521' title='bbox 1592 2356 1775 2391; x_wconf 68' lang='lat' dir='ltr'><strong>mobilitate</strong></span> <span class='ocrx_word' id='word_1_522' title='bbox 1793 2359 1907 2392; x_wconf 84' lang='lat' dir='ltr'><strong>Terre-</strong></span> <span class='ocrx_word' id='word_1_523' title='bbox 2026 2398 2028 2401; x_wconf 22' lang='grc' dir='ltr'><strong><em>ι</em></strong></span> 
     </span>
     <span class='ocr_line' id='line_1_44' title="bbox 98 2401 2028 2470; baseline 0.001 -33"><span class='ocrx_word' id='word_1_524' title='bbox 98 2407 172 2438; x_wconf 89' lang='lat' dir='ltr'><strong>stris</strong></span> <span class='ocrx_word' id='word_1_525' title='bbox 197 2407 284 2448; x_wconf 84' lang='lat' dir='ltr'><strong>globi</strong></span> <span class='ocrx_word' id='word_1_526' title='bbox 311 2411 345 2439; x_wconf 86' lang='lat' dir='ltr'><strong>et</strong></span> <span class='ocrx_word' id='word_1_527' title='bbox 370 2407 410 2439; x_wconf 90' lang='lat' dir='ltr'><strong>de</strong></span> <span class='ocrx_word' id='word_1_528' title='bbox 436 2408 545 2449; x_wconf 90' lang='lat' dir='ltr'><strong>quiete</strong></span> <span class='ocrx_word' id='word_1_529' title='bbox 570 2412 640 2439; x_wconf 87' lang='lat' dir='ltr'><strong>tum</strong></span> <span class='ocrx_word' id='word_1_530' title='bbox 659 2408 743 2440; x_wconf 85' lang='lat' dir='ltr'><strong>Solis</strong></span> <span class='ocrx_word' id='word_1_531' title='bbox 769 2409 803 2440; x_wconf 89' lang='lat' dir='ltr'><strong>in</strong></span> <span class='ocrx_word' id='word_1_532' title='bbox 829 2413 940 2440; x_wconf 89' lang='lat' dir='ltr'><strong>centro</strong></span> <span class='ocrx_word' id='word_1_533' title='bbox 965 2408 1107 2439; x_wconf 89' lang='lat' dir='ltr'><strong>universi</strong></span> <span class='ocrx_word' id='word_1_534' title='bbox 1133 2412 1203 2438; x_wconf 92' lang='lat' dir='ltr'><strong>tum</strong></span> <span class='ocrx_word' id='word_1_535' title='bbox 1228 2407 1352 2439; x_wconf 86' lang='lat' dir='ltr'><strong>stellati</strong></span> <span class='ocrx_word' id='word_1_536' title='bbox 1372 2407 1468 2442; x_wconf 84' lang='lat' dir='ltr'><strong>orbis,</strong></span> <span class='ocrx_word' id='word_1_537' title='bbox 1501 2416 1583 2448; x_wconf 89' lang='lat' dir='ltr'><strong>quas</strong></span> <span class='ocrx_word' id='word_1_538' title='bbox 1608 2410 1646 2438; x_wconf 89' lang='lat' dir='ltr'><strong>ut</strong></span> <span class='ocrx_word' id='word_1_539' title='bbox 1668 2406 1921 2438; x_wconf 66' lang='lat' dir='ltr'><strong>multitudinem*</strong></span> <span class='ocrx_word' id='word_1_540' title='bbox 2020 2401 2028 2470; x_wconf 51' lang='grc' dir='ltr'><strong>ἰ</strong></span> 
     </span>
     <span class='ocr_line' id='line_1_45' title="bbox 98 2453 1910 2501; baseline 0.001 -16"><span class='ocrx_word' id='word_1_541' title='bbox 98 2453 310 2495; x_wconf 86' lang='lat' dir='ltr'><strong>sphaerarum</strong></span> <span class='ocrx_word' id='word_1_542' title='bbox 336 2455 475 2487; x_wconf 88' lang='lat' dir='ltr'><strong>evitaret</strong></span> <span class='ocrx_word' id='word_1_543' title='bbox 498 2456 759 2498; x_wconf 88' lang='lat' dir='ltr'><strong>ingeniosissime</strong></span> <span class='ocrx_word' id='word_1_544' title='bbox 785 2456 839 2488; x_wconf 91' lang='lat' dir='ltr'><strong>ille</strong></span> <span class='ocrx_word' id='word_1_545' title='bbox 865 2456 995 2498; x_wconf 79' lang='lat' dir='ltr'><strong>quidem</strong></span> <span class='ocrx_word' id='word_1_546' title='bbox 1021 2455 1240 2496; x_wconf 86' lang='lat' dir='ltr'><strong>excogitavit,</strong></span> <span class='ocrx_word' id='word_1_547' title='bbox 1272 2454 1330 2486; x_wconf 89' lang='lat' dir='ltr'><strong>sed</strong></span> <span class='ocrx_word' id='word_1_548' title='bbox 1354 2453 1436 2501; x_wconf 52' lang='lat' dir='ltr'><strong>liae,</strong></span> <span class='ocrx_word' id='word_1_549' title='bbox 1463 2458 1501 2485; x_wconf 85' lang='lat' dir='ltr'><strong>ut</strong></span> <span class='ocrx_word' id='word_1_550' title='bbox 1525 2453 1622 2485; x_wconf 86' lang='lat' dir='ltr'><strong>nimis</strong></span> <span class='ocrx_word' id='word_1_551' title='bbox 1648 2462 1669 2484; x_wconf 86' lang='lat' dir='ltr'><strong>a</strong></span> <span class='ocrx_word' id='word_1_552' title='bbox 1694 2453 1832 2486; x_wconf 83' lang='lat' dir='ltr'><strong>veritate</strong></span> <span class='ocrx_word' id='word_1_553' title='bbox 1857 2463 1910 2485; x_wconf 83' lang='lat' dir='ltr'><strong>re-</strong></span> 
     </span>
     <span class='ocr_line' id='line_1_46' title="bbox 96 2494 1908 2547; baseline 0.001 -15"><span class='ocrx_word' id='word_1_554' title='bbox 96 2506 207 2533; x_wconf 89' lang='lat' dir='ltr'><strong>motae</strong></span> <span class='ocrx_word' id='word_1_555' title='bbox 234 2506 331 2547; x_wconf 85' lang='lat' dir='ltr'><strong>atque</strong></span> <span class='ocrx_word' id='word_1_556' title='bbox 358 2503 532 2540; x_wconf 84' lang='lat' dir='ltr'><strong>absurdae,</strong></span> <span class='ocrx_word' id='word_1_557' title='bbox 560 2513 582 2535; x_wconf 90' lang='lat' dir='ltr'><strong>a</strong></span> <span class='ocrx_word' id='word_1_558' title='bbox 607 2505 733 2535; x_wconf 88' lang='lat' dir='ltr'><strong>cunctis</strong></span> <span class='ocrx_word' id='word_1_559' title='bbox 758 2504 827 2535; x_wconf 87' lang='lat' dir='ltr'><strong>fere</strong></span> <span class='ocrx_word' id='word_1_560' title='bbox 853 2503 1088 2544; x_wconf 68' lang='lat' dir='ltr'><strong>exploduntur,</strong></span> <span class='ocrx_word' id='word_1_561' title='bbox 1124 2502 1206 2546; x_wconf 79' lang='lat' dir='ltr'><strong>adeo</strong></span> <span class='ocrx_word' id='word_1_562' title='bbox 1232 2506 1269 2533; x_wconf 88' lang='lat' dir='ltr'><strong>ut</strong></span> <span class='ocrx_word' id='word_1_563' title='bbox 1292 2501 1388 2533; x_wconf 89' lang='lat' dir='ltr'><strong>multi</strong></span> <span class='ocrx_word' id='word_1_564' title='bbox 1413 2494 1752 2540; x_wconf 25' lang='lat' dir='ltr'><strong>etiamxmclementer</strong></span> <span class='ocrx_word' id='word_1_565' title='bbox 1775 2510 1809 2532; x_wconf 77' lang='lat' dir='ltr'><strong>in</strong></span> <span class='ocrx_word' id='word_1_566' title='bbox 1831 2503 1908 2533; x_wconf 79' lang='lat' dir='ltr'><strong>tau-</strong></span> 
     </span>
     <span class='ocr_line' id='line_1_47' title="bbox 98 2542 1906 2592; baseline 0 -13"><span class='ocrx_word' id='word_1_567' title='bbox 98 2553 167 2580; x_wconf 89' lang='lat' dir='ltr'><strong>tum</strong></span> <span class='ocrx_word' id='word_1_568' title='bbox 191 2548 305 2588; x_wconf 74' lang='lat' dir='ltr'><strong>virum,</strong></span> <span class='ocrx_word' id='word_1_569' title='bbox 330 2550 382 2581; x_wconf 90' lang='lat' dir='ltr'><strong>cui</strong></span> <span class='ocrx_word' id='word_1_570' title='bbox 406 2550 579 2591; x_wconf 87' lang='lat' dir='ltr'><strong>plurimum</strong></span> <span class='ocrx_word' id='word_1_571' title='bbox 606 2550 703 2582; x_wconf 90' lang='lat' dir='ltr'><strong>debet</strong></span> <span class='ocrx_word' id='word_1_572' title='bbox 729 2554 964 2592; x_wconf 88' lang='lat' dir='ltr'><strong>aeternumque</strong></span> <span class='ocrx_word' id='word_1_573' title='bbox 991 2550 1122 2581; x_wconf 88' lang='lat' dir='ltr'><strong>debebit</strong></span> <span class='ocrx_word' id='word_1_574' title='bbox 1161 2546 1396 2585; x_wconf 39' lang='lat' dir='ltr'><strong>astronomia?</strong></span> <span class='ocrx_word' id='word_1_575' title='bbox 1414 2542 1654 2592; x_wconf 50' lang='lat' dir='ltr'><strong>Hfiffi‘ssseejffi</strong></span> <span class='ocrx_word' id='word_1_576' title='bbox 1690 2556 1793 2579; x_wconf 85' lang='lat' dir='ltr'><strong>causa</strong></span> <span class='ocrx_word' id='word_1_577' title='bbox 1815 2557 1906 2579; x_wconf 84' lang='lat' dir='ltr'><strong>mve-</strong></span> 
     </span>
     <span class='ocr_line' id='line_1_48' title="bbox 95 2586 1909 2647; baseline 0 -20"><span class='ocrx_word' id='word_1_578' title='bbox 95 2595 231 2633; x_wconf 64' lang='lat' dir='ltr'><strong>hautun</strong></span> <span class='ocrx_word' id='word_1_579' title='bbox 259 2595 393 2629; x_wconf 83' lang='lat' dir='ltr'><strong>tametsi</strong></span> <span class='ocrx_word' id='word_1_580' title='bbox 418 2606 513 2630; x_wconf 91' lang='lat' dir='ltr'><strong>nemo</strong></span> <span class='ocrx_word' id='word_1_581' title='bbox 536 2600 686 2630; x_wconf 86' lang='lat' dir='ltr'><strong>&#39;motuum</strong></span> <span class='ocrx_word' id='word_1_582' title='bbox 699 2599 871 2641; x_wconf 62' lang='lat' dir='ltr'><strong>‘rationem</strong></span> <span class='ocrx_word' id='word_1_583' title='bbox 895 2595 963 2637; x_wconf 79' lang='lat' dir='ltr'><strong>hac&#39;</strong></span> <span class='ocrx_word' id='word_1_584' title='bbox 985 2594 1243 2642; x_wconf 49' lang='lat' dir='ltr'><strong>{DQCORQQfiCi</strong></span> <span class='ocrx_word' id='word_1_585' title='bbox 1262 2586 1909 2647; x_wconf 32' lang='lat' dir='ltr'><strong>expeflfifioffffijssffififfissffi*fifssffffi</strong></span> 
     </span>
     <span class='ocr_line' id='line_1_49' title="bbox 97 2639 1744 2685; baseline 0 -10"><span class='ocrx_word' id='word_1_586' title='bbox 97 2642 262 2676; x_wconf 82' lang='lat' dir='ltr'><strong>haetenus</strong></span> <span class='ocrx_word' id='word_1_587' title='bbox 287 2643 458 2685; x_wconf 54' lang='lat' dir='ltr'><strong>potueritss</strong></span> <span class='ocrx_word' id='word_1_588' title='bbox 484 2644 487 2646; x_wconf 83' lang='grc'><strong>’</strong></span> <span class='ocrx_word' id='word_1_589' title='bbox 536 2643 560 2646; x_wconf 59' lang='grc'><strong>’“</strong></span> <span class='ocrx_word' id='word_1_590' title='bbox 657 2642 663 2646; x_wconf 80' lang='grc'><strong>’</strong></span> <span class='ocrx_word' id='word_1_591' title='bbox 684 2641 689 2643; x_wconf 23' lang='grc' dir='ltr'><strong>Α</strong></span> <span class='ocrx_word' id='word_1_592' title='bbox 1269 2639 1326 2645; x_wconf 46' lang='lat' dir='ltr'><strong>&#39;u</strong></span> <span class='ocrx_word' id='word_1_593' title='bbox 1689 2640 1744 2647; x_wconf 51' lang='lat'><strong>“⁵⁴</strong></span> 
     </span>
    </p>

    <p class='ocr_par' dir='ltr' id='par_1_10' title="bbox 99 2688 1910 2925">
     <span class='ocr_line' id='line_1_50' title="bbox 195 2688 1909 2733; baseline -0.001 -11"><span class='ocrx_word' id='word_1_594' title='bbox 195 2690 326 2723; x_wconf 91' lang='lat' dir='ltr'><strong>Deinde</strong></span> <span class='ocrx_word' id='word_1_595' title='bbox 350 2692 412 2724; x_wconf 91' lang='lat' dir='ltr'><strong>alio</strong></span> <span class='ocrx_word' id='word_1_596' title='bbox 438 2692 528 2724; x_wconf 88' lang='lat' dir='ltr'><strong>loco:</strong></span> <span class='ocrx_word' id='word_1_597' title='bbox 563 2692 631 2723; x_wconf 86' lang='lat' dir='ltr'><strong>Nos</strong></span> <span class='ocrx_word' id='word_1_598' title='bbox 659 2692 838 2733; x_wconf 84' lang='lat' dir='ltr'><strong>Copernieo</strong></span> <span class='ocrx_word' id='word_1_599' title='bbox 869 2693 917 2724; x_wconf 90' lang='lat' dir='ltr'><strong>ita</strong></span> <span class='ocrx_word' id='word_1_600' title='bbox 944 2691 1212 2725; x_wconf 79' lang='lat' dir='ltr'><strong>adhaerebimus,</strong></span> <span class='ocrx_word' id='word_1_601' title='bbox 1239 2694 1276 2722; x_wconf 87' lang='lat' dir='ltr'><strong>ut</strong></span> <span class='ocrx_word' id='word_1_602' title='bbox 1300 2700 1365 2721; x_wconf 91' lang='lat' dir='ltr'><strong>non</strong></span> <span class='ocrx_word' id='word_1_603' title='bbox 1390 2689 1493 2720; x_wconf 91' lang='lat' dir='ltr'><strong>solum</strong></span> <span class='ocrx_word' id='word_1_604' title='bbox 1519 2688 1712 2730; x_wconf 77' lang='lat' dir='ltr'><strong>angulorum</strong></span> <span class='ocrx_word' id='word_1_605' title='bbox 1737 2689 1909 2721; x_wconf 81' lang='lat' dir='ltr'><strong>diversita-</strong></span> 
     </span>
     <span class='ocr_line' id='line_1_51' title="bbox 99 2735 1908 2780; baseline 0 -12"><span class='ocrx_word' id='word_1_606' title='bbox 99 2742 176 2774; x_wconf 84' lang='lat' dir='ltr'><strong>tem,</strong></span> <span class='ocrx_word' id='word_1_607' title='bbox 203 2739 327 2770; x_wconf 91' lang='lat' dir='ltr'><strong>orbium</strong></span> <span class='ocrx_word' id='word_1_608' title='bbox 353 2741 576 2780; x_wconf 88' lang='lat' dir='ltr'><strong>proportiones</strong></span> <span class='ocrx_word' id='word_1_609' title='bbox 603 2743 636 2770; x_wconf 90' lang='lat' dir='ltr'><strong>et</strong></span> <span class='ocrx_word' id='word_1_610' title='bbox 661 2739 889 2780; x_wconf 86' lang='lat' dir='ltr'><strong>dispositiones</strong></span> <span class='ocrx_word' id='word_1_611' title='bbox 917 2739 1158 2779; x_wconf 89' lang='lat' dir='ltr'><strong>eorundemque</strong></span> <span class='ocrx_word' id='word_1_612' title='bbox 1186 2747 1206 2770; x_wconf 84' lang='lat' dir='ltr'><strong>a</strong></span> <span class='ocrx_word' id='word_1_613' title='bbox 1231 2737 1333 2770; x_wconf 85' lang='lat' dir='ltr'><strong>Terra</strong></span> <span class='ocrx_word' id='word_1_614' title='bbox 1358 2737 1545 2772; x_wconf 65' lang='lat' dir='ltr'><strong>distantias,</strong></span> <span class='ocrx_word' id='word_1_615' title='bbox 1572 2735 1631 2767; x_wconf 89' lang='lat' dir='ltr'><strong>sed</strong></span> <span class='ocrx_word' id='word_1_616' title='bbox 1656 2737 1757 2767; x_wconf 81' lang='lat' dir='ltr'><strong>etiam</strong></span> <span class='ocrx_word' id='word_1_617' title='bbox 1781 2740 1819 2768; x_wconf 91' lang='lat' dir='ltr'><strong>ut</strong></span> <span class='ocrx_word' id='word_1_618' title='bbox 1842 2746 1908 2768; x_wconf 88' lang='lat' dir='ltr'><strong>uno</strong></span> 
     </span>
     <span class='ocr_line' id='line_1_52' title="bbox 100 2782 1910 2827; baseline 0 -12"><span class='ocrx_word' id='word_1_619' title='bbox 100 2786 194 2816; x_wconf 86' lang='lat' dir='ltr'><strong>verbo</strong></span> <span class='ocrx_word' id='word_1_620' title='bbox 221 2786 328 2817; x_wconf 84' lang='lat' dir='ltr'><strong>dicam</strong></span> <span class='ocrx_word' id='word_1_621' title='bbox 354 2787 465 2818; x_wconf 88' lang='lat' dir='ltr'><strong>omnia</strong></span> <span class='ocrx_word' id='word_1_622' title='bbox 490 2788 619 2818; x_wconf 90' lang='lat' dir='ltr'><strong>omnino</strong></span> <span class='ocrx_word' id='word_1_623' title='bbox 646 2786 877 2827; x_wconf 87' lang='lat' dir='ltr'><strong>phaenomena</strong></span> <span class='ocrx_word' id='word_1_624' title='bbox 903 2786 946 2818; x_wconf 87' lang='lat' dir='ltr'><strong>ad</strong></span> <span class='ocrx_word' id='word_1_625' title='bbox 971 2786 1056 2817; x_wconf 88' lang='lat' dir='ltr'><strong>illius</strong></span> <span class='ocrx_word' id='word_1_626' title='bbox 1094 2789 1238 2816; x_wconf 89' lang='lat' dir='ltr'><strong>mentem</strong></span> <span class='ocrx_word' id='word_1_627' title='bbox 1274 2784 1441 2816; x_wconf 84' lang='lat' dir='ltr'><strong>videamur</strong></span> <span class='ocrx_word' id='word_1_628' title='bbox 1465 2782 1671 2815; x_wconf 85' lang='lat' dir='ltr'><strong>efformasse:</strong></span> <span class='ocrx_word' id='word_1_629' title='bbox 1707 2783 1769 2816; x_wconf 90' lang='lat' dir='ltr'><strong>hoc</strong></span> <span class='ocrx_word' id='word_1_630' title='bbox 1796 2787 1910 2816; x_wconf 83' lang='lat' dir='ltr'><strong>tamen</strong></span> 
     </span>
     <span class='ocr_line' id='line_1_53' title="bbox 100 2829 1909 2878; baseline 0 -16"><span class='ocrx_word' id='word_1_631' title='bbox 100 2833 196 2863; x_wconf 87' lang='lat' dir='ltr'><strong>unico</strong></span> <span class='ocrx_word' id='word_1_632' title='bbox 222 2838 370 2873; x_wconf 81' lang='lat' dir='ltr'><strong>excepto,</strong></span> <span class='ocrx_word' id='word_1_633' title='bbox 397 2834 482 2876; x_wconf 87' lang='lat' dir='ltr'><strong>quod</strong></span> <span class='ocrx_word' id='word_1_634' title='bbox 502 2834 681 2875; x_wconf 89' lang='lat' dir='ltr'><strong>Copernieo</strong></span> <span class='ocrx_word' id='word_1_635' title='bbox 709 2838 824 2866; x_wconf 89' lang='lat' dir='ltr'><strong>contra</strong></span> <span class='ocrx_word' id='word_1_636' title='bbox 849 2843 980 2875; x_wconf 63' lang='lat' dir='ltr'><strong>omnem</strong></span> <span class='ocrx_word' id='word_1_637' title='bbox 1003 2829 1772 2878; x_wconf 49' lang='lat' dir='ltr'><strong>velitatemAEQQQQRQQLFSHRAERMRS</strong></span> <span class='ocrx_word' id='word_1_638' title='bbox 1799 2834 1835 2863; x_wconf 89' lang='lat' dir='ltr'><strong>et</strong></span> <span class='ocrx_word' id='word_1_639' title='bbox 1851 2830 1909 2877; x_wconf 74' lang='lat' dir='ltr'><strong>§ol</strong></span> 
     </span>
     <span class='ocr_line' id='line_1_54' title="bbox 99 2870 1907 2925; baseline 0 -16"><span class='ocrx_word' id='word_1_640' title='bbox 99 2888 172 2909; x_wconf 90' lang='lat' dir='ltr'><strong>cum</strong></span> <span class='ocrx_word' id='word_1_641' title='bbox 198 2884 313 2911; x_wconf 85' lang='lat' dir='ltr'><strong>octavo</strong></span> <span class='ocrx_word' id='word_1_642' title='bbox 340 2881 421 2923; x_wconf 11' lang='lat' dir='ltr'><strong>orbe?</strong></span> <span class='ocrx_word' id='word_1_643' title='bbox 441 2879 648 2923; x_wconf 48' lang='lat' dir='ltr'><strong>quiescentes</strong></span> <span class='ocrx_word' id='word_1_644' title='bbox 660 2872 871 2921; x_wconf 41' lang='lat' dir='ltr'><strong>„fvfistinlssuar‘fu</strong></span> <span class='ocrx_word' id='word_1_645' title='bbox 884 2871 1305 2925; x_wconf 42' lang='lat' dir='ltr'><strong>ffbissss-Y-Qffijffifflffllffll-</strong></span> <span class='ocrx_word' id='word_1_646' title='bbox 1315 2878 1538 2923; x_wconf 49' lang='lat' dir='ltr'><strong>.-5312291iissur-</strong></span> <span class='ocrx_word' id='word_1_647' title='bbox 1591 2870 1716 2915; x_wconf 83' lang='lat' dir='ltr'><strong>Quodsi</strong></span> <span class='ocrx_word' id='word_1_648' title='bbox 1740 2877 1795 2919; x_wconf 89' lang='lat' dir='ltr'><strong>qui</strong></span> <span class='ocrx_word' id='word_1_649' title='bbox 1829 2881 1907 2909; x_wconf 89' lang='lat' dir='ltr'><strong>sunt</strong></span> 
     </span>
    </p>

    <p class='ocr_par' dir='ltr' id='par_1_11' title="bbox 40 2917 1907 3110">
     <span class='ocr_line' id='line_1_55' title="bbox 40 2917 1907 2972; baseline 0.002 -18"><span class='ocrx_word' id='word_1_650' title='bbox 40 2942 42 2972; x_wconf 49' lang='grc' dir='ltr'><strong>Ξ</strong></span> <span class='ocrx_word' id='word_1_651' title='bbox 100 2926 157 2956; x_wconf 85' lang='lat' dir='ltr'><strong>viri</strong></span> <span class='ocrx_word' id='word_1_652' title='bbox 183 2919 401 2964; x_wconf 44' lang='lat' dir='ltr'><strong>doctissimi(</strong></span> <span class='ocrx_word' id='word_1_653' title='bbox 421 2921 474 2969; x_wconf 76' lang='lat' dir='ltr'><strong>qui</strong></span> <span class='ocrx_word' id='word_1_654' title='bbox 499 2938 584 2960; x_wconf 88' lang='lat' dir='ltr'><strong>nova</strong></span> <span class='ocrx_word' id='word_1_655' title='bbox 610 2927 809 2969; x_wconf 79' lang='lat' dir='ltr'><strong>Cassiopeae</strong></span> <span class='ocrx_word' id='word_1_656' title='bbox 835 2919 1045 2960; x_wconf 57' lang='lat' dir='ltr'><strong>stellsanno</strong></span> <span class='ocrx_word' id='word_1_657' title='bbox 1081 2917 1227 2957; x_wconf 48' lang='lat'>1575&amp;</span> <span class='ocrx_word' id='word_1_658' title='bbox 1252 2929 1402 2957; x_wconf 88' lang='lat' dir='ltr'><strong>cometae</strong></span> <span class='ocrx_word' id='word_1_659' title='bbox 1429 2934 1515 2956; x_wconf 84' lang='lat' dir='ltr'><strong>anno</strong></span> <span class='ocrx_word' id='word_1_660' title='bbox 1545 2921 1634 2955; x_wconf 81' lang='lat'>1578</span> <span class='ocrx_word' id='word_1_661' title='bbox 1660 2924 1834 2967; x_wconf 85' lang='lat' dir='ltr'><strong>diligenter</strong></span> <span class='ocrx_word' id='word_1_662' title='bbox 1858 2925 1907 2956; x_wconf 89' lang='lat' dir='ltr'><strong>in-</strong></span> 
     </span>
     <span class='ocr_line' id='line_1_56' title="bbox 40 2971 1907 3016; baseline -0.001 -12"><span class='ocrx_word' id='word_1_663' title='bbox 40 2974 43 3004; x_wconf 72' lang='lat'><strong>&#39;2</strong></span> <span class='ocrx_word' id='word_1_664' title='bbox 100 2974 229 3012; x_wconf 78' lang='lat' dir='ltr'><strong>spectis.</strong></span> <span class='ocrx_word' id='word_1_665' title='bbox 257 2974 289 3004; x_wconf 91' lang='lat' dir='ltr'><strong>id</strong></span> <span class='ocrx_word' id='word_1_666' title='bbox 316 2975 375 3006; x_wconf 80' lang='lat' dir='ltr'><strong>sibi</strong></span> <span class='ocrx_word' id='word_1_667' title='bbox 401 2985 440 3006; x_wconf 88' lang='lat' dir='ltr'><strong>ex</strong></span> <span class='ocrx_word' id='word_1_668' title='bbox 465 2976 632 3016; x_wconf 88' lang='lat' dir='ltr'><strong>utriusque</strong></span> <span class='ocrx_word' id='word_1_669' title='bbox 659 2976 755 3007; x_wconf 86' lang='lat' dir='ltr'><strong>factis</strong></span> <span class='ocrx_word' id='word_1_670' title='bbox 781 2975 1060 3007; x_wconf 86' lang='lat' dir='ltr'><strong>observationibus</strong></span> <span class='ocrx_word' id='word_1_671' title='bbox 1086 2973 1296 3015; x_wconf 89' lang='lat' dir='ltr'><strong>persuadent,</strong></span> <span class='ocrx_word' id='word_1_672' title='bbox 1322 2975 1360 3003; x_wconf 88' lang='lat' dir='ltr'><strong>ut</strong></span> <span class='ocrx_word' id='word_1_673' title='bbox 1384 2981 1553 3004; x_wconf 88' lang='lat' dir='ltr'><strong>erroneam</strong></span> <span class='ocrx_word' id='word_1_674' title='bbox 1579 2971 1749 3013; x_wconf 88' lang='lat' dir='ltr'><strong>Copernici</strong></span> <span class='ocrx_word' id='word_1_675' title='bbox 1773 2975 1907 3004; x_wconf 87' lang='lat' dir='ltr'><strong>senten-</strong></span> 
     </span>
     <span class='ocr_line' id='line_1_57' title="bbox 43 3019 1906 3062; baseline 0.001 -13"><span class='ocrx_word' id='word_1_676' title='bbox 43 3026 46 3037; x_wconf 62' lang='lat'><em>*</em></span> <span class='ocrx_word' id='word_1_677' title='bbox 100 3020 180 3049; x_wconf 88' lang='lat' dir='ltr'><strong>tiam</strong></span> <span class='ocrx_word' id='word_1_678' title='bbox 207 3019 246 3051; x_wconf 92' lang='lat' dir='ltr'><strong>de</strong></span> <span class='ocrx_word' id='word_1_679' title='bbox 273 3020 393 3053; x_wconf 90' lang='lat' dir='ltr'><strong>Terrae</strong></span> <span class='ocrx_word' id='word_1_680' title='bbox 419 3027 510 3053; x_wconf 91' lang='lat' dir='ltr'><strong>motu</strong></span> <span class='ocrx_word' id='word_1_681' title='bbox 535 3033 609 3054; x_wconf 90' lang='lat' dir='ltr'><strong>vero</strong></span> <span class='ocrx_word' id='word_1_682' title='bbox 635 3023 814 3062; x_wconf 84' lang='lat' dir='ltr'><strong>proximam</strong></span> <span class='ocrx_word' id='word_1_683' title='bbox 841 3023 1056 3058; x_wconf 81' lang='lat' dir='ltr'><strong>arbitrentur,</strong></span> <span class='ocrx_word' id='word_1_684' title='bbox 1094 3024 1127 3052; x_wconf 86' lang='lat' dir='ltr'><strong>et</strong></span> <span class='ocrx_word' id='word_1_685' title='bbox 1153 3021 1223 3052; x_wconf 86' lang='lat' dir='ltr'><strong>aliis</strong></span> <span class='ocrx_word' id='word_1_686' title='bbox 1247 3023 1421 3061; x_wconf 87' lang='lat' dir='ltr'><strong>propterea</strong></span> <span class='ocrx_word' id='word_1_687' title='bbox 1448 3019 1600 3050; x_wconf 87' lang='lat' dir='ltr'><strong>adhibitis</strong></span> <span class='ocrx_word' id='word_1_688' title='bbox 1627 3019 1906 3051; x_wconf 79' lang='lat' dir='ltr'><strong>observationibus</strong></span> 
     </span>
     <span class='ocr_line' id='line_1_58' title="bbox 45 3052 1906 3110; baseline 0.001 -14"><span class='ocrx_word' id='word_1_689' title='bbox 45 3052 57 3109; x_wconf 21' lang='grc' dir='ltr'><strong>ἶ..</strong></span> <span class='ocrx_word' id='word_1_690' title='bbox 104 3066 345 3108; x_wconf 82' lang='lat' dir='ltr'><strong>rationibusque</strong></span> <span class='ocrx_word' id='word_1_691' title='bbox 371 3069 483 3100; x_wconf 86' lang='lat' dir='ltr'><strong>itidem</strong></span> <span class='ocrx_word' id='word_1_692' title='bbox 510 3069 715 3100; x_wconf 86' lang='lat' dir='ltr'><strong>naturalibus</strong></span> <span class='ocrx_word' id='word_1_693' title='bbox 741 3070 899 3110; x_wconf 88' lang='lat' dir='ltr'><strong>opinionis</strong></span> <span class='ocrx_word' id='word_1_694' title='bbox 924 3069 1008 3100; x_wconf 87' lang='lat' dir='ltr'><strong>iilius</strong></span> <span class='ocrx_word' id='word_1_695' title='bbox 1035 3065 1314 3100; x_wconf 81' lang='lat' dir='ltr'><strong>confirmationem</strong></span> <span class='ocrx_word' id='word_1_696' title='bbox 1339 3066 1564 3107; x_wconf 88' lang='lat' dir='ltr'><strong>polliceantur,</strong></span> <span class='ocrx_word' id='word_1_697' title='bbox 1597 3066 1746 3108; x_wconf 90' lang='lat' dir='ltr'><strong>equidem</strong></span> <span class='ocrx_word' id='word_1_698' title='bbox 1769 3076 1832 3099; x_wconf 87' lang='lat' dir='ltr'><strong>nec</strong></span> <span class='ocrx_word' id='word_1_699' title='bbox 1851 3075 1906 3098; x_wconf 89' lang='lat' dir='ltr'><strong>eos</strong></span> 
     </span>
    </p>
   </div>
   <div class='ocr_carea' id='block_1_7' title="bbox 59 3138 1902 3208">
    <p class='ocr_par' dir='ltr' id='par_1_12' title="bbox 59 3138 1902 3208">
     <span class='ocr_line' id='line_1_59' title="bbox 59 3138 1902 3208; baseline -0.001 -1"><span class='ocrx_word' id='word_1_700' title='bbox 59 3188 98 3208; x_wconf 69' lang='grc'><strong><em>1,</em></strong></span> <span class='ocrx_word' id='word_1_701' title='bbox 897 3173 902 3192; x_wconf 65' lang='lat'><strong>*¹</strong></span> <span class='ocrx_word' id='word_1_702' title='bbox 996 3176 997 3179; x_wconf 75' lang='grc'>’</span> <span class='ocrx_word' id='word_1_703' title='bbox 1317 3154 1341 3203; x_wconf 32' lang='lat' dir='ltr'><strong>Ji</strong></span> <span class='ocrx_word' id='word_1_704' title='bbox 1407 3158 1415 3172; x_wconf 40' lang='grc' dir='ltr'><strong>Ἰ</strong></span> <span class='ocrx_word' id='word_1_705' title='bbox 1456 3183 1478 3196; x_wconf 76' lang='grc'><strong>·’</strong></span> <span class='ocrx_word' id='word_1_706' title='bbox 1527 3158 1595 3190; x_wconf 31' lang='lat'><strong>‘1¹¹¹</strong></span> <span class='ocrx_word' id='word_1_707' title='bbox 1710 3154 1727 3182; x_wconf 41' lang='lat' dir='ltr'><strong>h</strong></span> <span class='ocrx_word' id='word_1_708' title='bbox 1783 3166 1801 3206; x_wconf 57' lang='lat' dir='ltr'><em>f</em></span> <span class='ocrx_word' id='word_1_709' title='bbox 1864 3138 1902 3191; x_wconf 54' lang='lat' dir='ltr'><strong>Q‘</strong></span> 
     </span>
    </p>
   </div>
   <div class='ocr_carea' id='block_1_8' title="bbox 669 3187 2028 3242">
    <p class='ocr_par' dir='ltr' id='par_1_13' title="bbox 669 3187 2028 3242">
     <span class='ocr_line' id='line_1_60' title="bbox 669 3187 2028 3242; baseline 0.003 -13"><span class='ocrx_word' id='word_1_710' title='bbox 669 3222 709 3242; x_wconf 63' lang='grc'><strong>,.</strong></span> <span class='ocrx_word' id='word_1_711' title='bbox 1318 3202 1405 3233; x_wconf 65' lang='grc' dir='ltr'>ι</span> <span class='ocrx_word' id='word_1_712' title='bbox 1470 3194 1674 3242; x_wconf 32' lang='grc' dir='ltr'><strong>χ-,ςμψψ</strong></span> <span class='ocrx_word' id='word_1_713' title='bbox 1735 3207 1786 3239; x_wconf 53' lang='lat' dir='ltr'><strong>rw</strong></span> <span class='ocrx_word' id='word_1_714' title='bbox 1832 3187 2028 3242; x_wconf 33' lang='lat' dir='ltr'><strong>amfi*</strong></span> 
     </span>
    </p>
   </div>
   <div class='ocr_carea' id='block_1_9' title="bbox 1269 2494 1353 2502">
    <p class='ocr_par' dir='ltr' id='par_1_14' title="bbox 1269 2494 1353 2502">
     <span class='ocr_line' id='line_1_61' title="bbox 1269 2494 1353 2502; baseline 0 740"><span class='ocrx_word' id='word_1_715' title='bbox 1269 2494 1353 2502; x_wconf 95' lang='lat' dir='ltr'><strong> </strong></span> 
     </span>
    </p>
   </div>
   <div class='ocr_carea' id='block_1_10' title="bbox 1745 2634 1937 2648">
    <p class='ocr_par' dir='ltr' id='par_1_15' title="bbox 1745 2634 1937 2648">
     <span class='ocr_line' id='line_1_62' title="bbox 1745 2634 1937 2648; baseline 0 594"><span class='ocrx_word' id='word_1_716' title='bbox 1745 2634 1937 2648; x_wconf 95' lang='lat' dir='ltr'><strong> </strong></span> 
     </span>
    </p>
   </div>
   <div class='ocr_carea' id='block_1_11' title="bbox 1991 2467 2028 3242">
    <p class='ocr_par' dir='ltr' id='par_1_16' title="bbox 1991 2467 2028 3242">
     <span class='ocr_line' id='line_1_63' title="bbox 1991 2467 2028 3242; baseline 0 0"><span class='ocrx_word' id='word_1_717' title='bbox 1991 2467 2028 3242; x_wconf 95' lang='lat' dir='ltr'><strong> </strong></span> 
     </span>
    </p>
   </div>
  </div>
 </body>
</html>
