1982 3268
201 132 259 175 20
900 105 902 107 ι
996 130 1210 174 Prooemium.

177 241 284 290 dis,
331 239 509 280 adhibito
546 238 743 279 Herculeo
782 238 930 292 lapide.
992 238 1048 278 Et
1079 244 1212 279 tamen
1244 238 1362 280 hodie
1393 238 1510 279 modo
1542 237 1637 280 mihi
1666 243 1805 280 natum
1835 244 1900 280 est
1930 239 1980 280 ho

201 299 432 348 consilium,
480 311 569 339 cras
607 298 779 339 fortasse
819 297 1060 350 displicebit.
1123 298 1414 351 Longitudines
1454 311 1503 337 ex
1543 297 1755 350 posteriori
1786 298 1982 352 capienda

201 364 318 400 erunt
362 372 412 399 ex
454 358 610 399 ratione
655 357 874 398 itineraria.
941 356 1129 398 Ceterum
1168 359 1311 411 vulgus
1341 357 1595 398 minutiorum
1625 369 1814 410 pagorum
1846 371 1897 398 ex
1927 371 1978 398 nu

200 431 309 459 mero
340 431 530 471 passuum
561 418 600 458 in
631 418 763 470 plan0,
802 430 852 456 ex
882 423 1097 469 prospectu
1129 417 1377 471 fastigiorum
1409 417 1447 456 in
1480 416 1576 457 altis
1601 417 1802 458 montibus
1833 417 1982 470 capiam

200 484 245 518 ut
286 478 518 518 Munsterus
542 473 575 526 ⁷)
621 478 752 518 docet.
815 476 902 518 Nec
933 483 1029 529 puto
1070 478 1336 518 necessariam
1382 477 1503 516 ullam
1536 477 1584 516 de
1617 476 1821 528 superficie
1855 477 1982 532 sphae

199 538 284 578 rica
315 537 602 590 cogitationem
634 537 672 576 in
704 536 891 588 regione,
930 536 1043 588 cujus
1087 541 1152 577 est
1195 537 1300 590 long.
1346 534 1421 585 40,
1461 537 1534 577 lat.
1569 533 1626 577 20
1670 535 1734 576 vel
1765 533 1821 577 30
1851 536 1982 586 millia

198 597 314 638 rium.
389 598 501 637 Haec
541 596 631 649 quin
672 596 888 637 scriberem
925 595 1143 649 praeterire
1187 610 1263 637 non
1307 596 1431 648 potui.
1495 595 1615 636 Vale.
1678 592 1748 636 20.
1793 592 1862 637 30.
1909 593 1982 639 Oct

197 670 261 698 an.
299 654 424 698 1595.

804 714 925 755 Hum.
958 714 1004 754 T.
1039 713 1304 756 Gratissimus
1337 715 1435 756 disc.

1521 772 1583 813 M.
1616 772 1683 813 Jo.
1714 771 1886 827 Kepler.

291 877 547 912 Maestlinus
571 879 739 922 respondit
764 879 793 911 d.
822 877 877 910 27.
905 879 999 912 Febr.
1026 891 1056 912 v.
1084 879 1133 913 St.
1165 877 1253 912 1596
1280 878 1443 920 (Hansch.
1467 890 1499 922 p.
1526 877 1682 919 4—11):

292 926 441 966 Quoties.
455 928 496 960 de
520 927 585 960 tuis
611 927 962 965 demonstrationibus,
995 929 1109 970 quibus
1136 927 1307 970 Copernici
1329 928 1526 970 hypotheses
1552 936 1573 959 a
1596 928 1693 968 priori
1717 926 1904 960 doctissime
1928 937 1982 970 pro

196 975 278 1012 bas,
314 975 444 1017 cogito,
478 975 690 1008 vehementer
713 975 791 1007 mihi
817 975 974 1017 gratulor,
1001 976 1086 1018 quod
1110 977 1245 1008 tandem
1271 976 1386 1018 aliquis
1412 976 1458 1007 vir
1482 975 1597 1007 doctus
1621 975 1830 1013 inveniatur,
1867 975 1922 1018 qui
1946 976 1982 1006 151

195 1022 449 1064 imprudentium
472 1023 779 1055 mathematicorum
803 1023 920 1054 turbae
946 1022 995 1055 his
1015 1023 1185 1065 Copernici
1209 1023 1443 1065 hypothesibus
1468 1022 1711 1064 obloquentium
1736 1031 1794 1055 ora
1821 1022 1982 1054 obtundet

195 1071 306 1103 audet.
357 1070 459 1112 quue
484 1074 578 1103 tanto
603 1071 725 1112 magis,
765 1070 851 1113 quod
884 1071 984 1102 etiam
1009 1075 1165 1104 creatoris
1191 1071 1361 1103 consilium
1385 1072 1419 1102 in
1443 1069 1555 1102 mundi
1580 1071 1745 1113 creatione
1759 1070 1930 1117 patescit:
1968 1079 1982 1102 e

195 1118 281 1160 quod
305 1118 518 1160 sphaerarum
544 1119 722 1155 dimensio,
748 1128 833 1160 quae
859 1120 991 1150 summis
1017 1119 1214 1158 artificibus,
1251 1119 1311 1160 ipsi
1337 1128 1462 1161 quoque
1489 1110 1666 1159 Copernico
1690 1128 1747 1159 pro
1773 1108 1982 1173 computandi

194 1165 542 1208 prosthaphaeresibus
567 1166 766 1198 solummodo
793 1175 814 1198 a
837 1166 1006 1206 posteriori
1030 1177 1088 1208 per
1113 1167 1354 1199 observationes
1379 1164 1571 1220 indaganda
1594 1166 1667 1203 fuit,
1689 1167 1760 1206 Jam
1778 1174 1799 1197 a
1814 1166 1912 1206 priori
1929 1165 1982 1198 adi

194 1218 264 1245 tum
287 1214 492 1255 patefactum
516 1213 638 1246 habere
662 1213 800 1245 videtur.
849 1213 985 1245 Interim
1021 1218 1135 1247 tamen
1169 1215 1246 1246 dum
1280 1214 1320 1246 de
1347 1215 1411 1246 tuis
1442 1213 1585 1244 numeris
1608 1212 1706 1254 paulo
1731 1212 1918 1255 diligentins
1944 1222 1982 1244 co

193 1262 272 1303 gito,
296 1261 391 1294 video
416 1271 498 1294 sane
522 1262 556 1293 in
582 1271 752 1302 corporum
775 1261 974 1303 regularium
999 1263 1141 1294 numeris
1165 1262 1246 1294 nihil
1272 1262 1470 1298 desiderari,
1501 1263 1538 1292 at
1562 1261 1597 1292 in
1621 1261 1764 1293 numeris
1787 1260 1982 1302 sphaerarum

188 1309 302 1341 mundi
326 1309 420 1341 video
445 1313 479 1341 te
514 1310 718 1351 potissimum
755 1318 906 1341 numeros
942 1319 1038 1342 meae
1069 1309 1212 1342 tabellae
1244 1314 1391 1342 secutum
1417 1317 1510 1346 esse,
1546 1311 1579 1340 et
1605 1317 1647 1340 ea
1670 1317 1756 1350 quae
1779 1309 1880 1340 totius
1902 1307 1982 1349 huju

188 1357 313 1399 negotii
337 1357 518 1398 praecipua
542 1362 629 1394 sunt,
655 1357 731 1389 inde
757 1356 965 1390 exstruxisse.
1018 1357 1210 1390 Existimavi
1236 1362 1360 1393 autem,
1387 1366 1448 1389 nec
1475 1356 1570 1388 aliter
1589 1355 1667 1387 mihi
1683 1355 1881 1398 persuadere
1897 1355 1982 1398 potui

189 1409 368 1446 antequam
393 1404 456 1436 hoc
481 1406 587 1446 ipsum
612 1404 695 1440 vidi,
729 1409 762 1436 te
787 1404 858 1436 illos
882 1405 1147 1446 magnitudinum
1172 1405 1384 1446 sphaerarum
1409 1413 1560 1436 numeros
1583 1403 1635 1435 vel
1660 1413 1700 1436 ex
1723 1403 1793 1446 ipso
1819 1402 1982 1445 Caper-nio

191 1450 240 1492 (in
266 1453 359 1493 cujus
383 1451 524 1484 lectione
549 1457 584 1484 te
612 1452 734 1493 optime
759 1456 925 1484 versatum
951 1462 1022 1485 esse
1048 1450 1209 1495 agnosco)
1235 1453 1285 1484 vel
1311 1463 1350 1484 ex
1374 1451 1574 1484 resolutione
1590 1461 1797 1484 numerorum
1813 1450 1982 1483 tabularum

187 1499 438 1532 Prutenicarum
475 1501 639 1532 sumsisse.
690 1499 814 1532 Verum
850 1502 983 1541 praeter
1019 1501 1298 1542 exspectationem
1333 1504 1448 1531 contra
1484 1499 1576 1530 video
1609 1498 1735 1531 factum
1760 1508 1844 1532 esse.
1892 1498 1982 1531 Inter

190 1547 321 1580 mittere
353 1548 454 1591 igitur
483 1557 549 1579 11011
583 1548 694 1589 potui,
734 1548 811 1589 quin
842 1552 876 1579 te
900 1547 964 1580 hac
990 1547 1130 1589 epistola
1154 1557 1338 1586 monerem,
1378 1547 1531 1579 videlicet
1553 1546 1639 1587 quod
1662 1546 1708 1578 illi
1733 1546 1878 1579 tabellae
1902 1555 1982 1579 mea

189 1592 304 1636 (quam
330 1599 408 1626 ante
432 1595 551 1627 multos
579 1605 683 1627 annos
710 1591 900 1636 conscripsi)
928 1595 1055 1627 numeri
1081 1606 1120 1627 ex
1144 1596 1213 1636 ipso
1233 1594 1413 1637 Gopernico
1437 1593 1625 1626 immediate
1651 1594 1827 1636 exscripti,
1852 1604 1918 1626 non
1946 1594 1982 1626 in

187 1646 355 1684 tegi-arum
380 1641 592 1683 sphaerarum
617 1642 862 1685 magnitudines
888 1643 1062 1684 explicent,
1089 1643 1147 1689 sed
1171 1643 1398 1684 planetarum
1405 1646 1536 1685 tantum
1560 1640 1736 1686 distantias
1762 1651 1783 1680 a
1808 1645 1921 1682 centro
1946 1651 1982 1680 01·

186 1690 235 1721 1115
259 1690 374 1732 magui
398 1690 556 1730 habeant
607 1690 653 1722 Ut
677 1701 705 1721 v
733 1700 764 1732 g.
792 1690 868 1721 dum
893 1686 919 1733 E
952 1691 987 1722 iu
1013 1686 1161 1733 apogaeo
1187 1691 1365 1723 eccentrici
1388 1690 1439 1721 sui
1464 1680 1567 1722 distat
1593 1697 1614 1721 a
1638 1694 1750 1722 centro
1775 1683 1860 1722 orbis
1884 1698 1982 1733 magn

189 1734 230 1768 9ο
255 1733 325 1775 42’,
353 1737 496 1779 qualium
523 1737 766 1770 semidiameter
791 1738 875 1769 orbis
899 1739 1013 1780 magni
1039 1743 1089 1770 est
1112 1747 1188 1780 pars
1213 1748 1303 1776 una;
1341 1748 1452 1770 verum
1475 1739 1545 1778 ipse
1568 1733 1596 1782 ἦ
1622 1741 1692 1770 tum
1715 1737 1750 1770 in
1775 1737 1924 1793 0111070111
1947 1746 1982 1769 su

187 1785 342 1828 perigaeo
368 1788 429 1817 est.
479 1785 565 1827 Ergo
592 1795 776 1827 apogaeum
802 1785 948 1826 ejusdem
972 1790 1042 1818 tum
1067 1786 1169 1817 multo
1202 1786 1300 1817 altius
1325 1785 1429 1817 abest.
1481 1785 1604 1818 Contra
1626 1785 1682 1823 fit,
1719 1785 1747 1817 si
1777 1785 1811 1817 in
1842 1785 1982 1828 perigae«

124 1870 128 1873 μ
189 1832 367 1865 eccentrici
391 1833 444 1864 sit.
495 1832 592 1872 Quod
616 1834 644 1864 si
667 1843 724 1874 pro
750 1834 1030 1875 eccentrepicyclo
1056 1837 1242 1865 assumatur
1267 1836 1437 1866 eccentrus
1463 1833 1618 1870 eccentri,
1644 1832 1694 1865 vel
1721 1832 1870 1874 epicyclii
1888 1832 1982 1875 epicy

190 1880 271 1918 clus,
296 1880 370 1921 pari
394 1880 489 1911 modo
516 1890 567 1912 res
593 1890 628 1912 se
652 1880 797 1912 habebit.
849 1881 894 1912 At
918 1882 1044 1913 numeri
1068 1882 1117 1913 tui
1142 1881 1292 1913 videntur
1316 1890 1408 1920 eam,
1435 1890 1521 1922 quae
1547 1884 1598 1912 est
1620 1880 1830 1922 planetarum
1853 1880 1982 1912 maxim:

189 1932 223 1960 et
246 1927 384 1959 minima
409 1937 430 1960 a
456 1932 567 1959 centro
594 1928 678 1959 orbis
703 1929 816 1970 magni
843 1928 1019 1966 distantia,
1045 1939 1102 1970 pro
1126 1928 1200 1970 ipsa
1223 1928 1383 1970 sphaerae
1407 1929 1550 1970 ipsorum
1573 1928 1800 1971 magnitudine
1825 1927 1975 1970 accipere

189 1984 264 2007 cum
288 1979 402 2007 tamen
429 1985 480 2013 ea,
507 1976 574 2007 sive
598 1979 729 2016 propter
754 1980 943 2008 eccentrum
969 1977 1113 2008 eccentri
1141 1976 1208 2007 sive
1234 1976 1550 2017 eccentrepicyclum
1575 1976 1625 2008 vel
1650 1975 1799 2018 epicyclii
1817 1975 1982 2017 epicyolun

187 2023 290 2055 multo
316 2023 359 2055 sit
382 2024 496 2063 major.
547 2022 594 2055 Ut
624 2023 753 2055 interim
786 2023 826 2055 de
858 2023 929 2055 aliis
960 2024 1152 2056 latitudines
1184 2023 1441 2066 gubernantibus
1472 2023 1600 2055 orbibus
1625 2022 1706 2055 nihil
1730 2023 1849 2056 dicam.
1898 2022 1982 2056 Porr«

190 2080 251 2113 ego
278 2069 371 2102 illam
393 2079 503 2102 meam
527 2071 677 2102 tabulam
702 2070 778 2102 olim
804 2071 996 2112 conscripsi,
1023 2076 1060 2103 ut
1086 2075 1119 2103 et
1142 2071 1221 2103 mihi
1247 2075 1280 2103 et
1304 2071 1393 2110 aliis,
1420 2071 1534 2112 quibus
1559 2080 1632 2104 eam
1656 2070 1894 2112 inspiciendam
1918 2079 1980 2103 con

189 2118 294 2155 cessi,
331 2118 520 2159 adjumento
547 2122 663 2157 05501,
686 2117 856 2159 Cepernici
880 2119 951 2150 illos
975 2128 1125 2151 numeros
1151 2117 1247 2161 (quos
1271 2119 1391 2150 retinui
1415 2116 1543 2158 omnes)
1567 2118 1694 2160 plenius
1719 2116 1938 2161 cognoscendi
1963 2126 1980 2150 e

187 2166 402 2198 incitamento
429 2166 561 2197 eosdem
586 2165 694 2208 quoad
718 2165 789 2197 fieri
813 2170 936 2207 potest,
962 2166 1097 2199 ulterius
1123 2165 1330 2203 extendendi,
1357 2175 1418 2198 nec
1442 2176 1509 2198 non
1532 2165 1760 2204 examinandi,
1784 2160 1979 2208 quemadmo

191 2213 268 2245 dum
295 2223 334 2245 ex
358 2218 452 2254 parte
477 2213 527 2245 his
551 2213 689 2255 pagellis
715 2213 880 2254 adjunctis
906 2223 928 2246 3
950 2225 1003 2246 1110
1027 2215 1152 2247 sactum
1175 2213 1285 2245 videre
1309 2218 1414 2255 potes.
1466 2213 1557 2252 Quas
1593 2222 1704 2246 coram
1733 2189 1792 2246 tibi
1814 2217 1982 2245 monstrat<

188 2261 300 2298 malui,
327 2260 385 2292 sed
410 2261 488 2302 quia
513 2261 633 2292 diutius
658 2270 756 2302 quam
782 2261 940 2302 opinabar
964 2262 1062 2298 abes,
1101 2266 1136 2294 et
1160 2262 1236 2304 quia
1261 2265 1294 2293 te
1319 2261 1449 2294 interim
1473 2262 1508 2293 in
1532 2260 1723 2293 adornando
1747 2261 1885 2303 scripto,
1911 2269 1982 2314 quoq

188 2309 274 2350 typis
301 2308 489 2347 excudatur,
514 2308 665 2340 laborare
690 2308 858 2351 intelligo,
883 2308 956 2341 ideo
983 2319 1040 2341 eas
1066 2309 1110 2341 ad
1133 2313 1167 2341 te
1191 2309 1320 2341 mittere
1345 2309 1447 2348 volui,
1473 2313 1510 2340 ut
1535 2309 1582 2341 eis
1606 2305 1763 2350 inspectis
1786 2317 1897 2341 meam
1921 2303 1982 2348 sen}

189 2356 330 2387 tentiam
355 2355 395 2387 de
422 2356 584 2388 distantiis
609 2356 733 2388 orbium
756 2357 877 2388 rectius
901 2358 1097 2399 perciperes,
1123 2366 1185 2389 nec
1210 2357 1361 2398 praecoci
1385 2356 1596 2389 festinatione
1621 2356 1829 2389 occasionem
1851 2353 1982 2388 nonnul

187 2403 227 2434 lis
262 2407 296 2435 et
333 2407 426 2434 tuum
462 2405 617 2444 scriptum
652 2408 686 2435 et
715 2413 768 2435 me
802 2402 976 2446 (siquidem
1008 2409 1042 2437 te
1073 2405 1139 2436 mei
1171 2405 1271 2436 etiam
1295 2405 1496 2436 mentionem
1519 2405 1629 2437 facere
1653 2401 1818 2446 intelligo)
1843 2402 1960 2435 eluden

187 2450 423 2492 suppeditares.
474 2451 525 2483 De
560 2451 610 2482 his
643 2461 724 2483 sane
760 2451 881 2483 dudum
911 2456 945 2483 te
984 2452 1279 2484 commonefactum
1317 2452 1481 2493 oportuit.
1519 2461 1631 2484 verum
1661 2461 1722 2494 ego
1746 2450 1892 2492 profecto
1915 2450 1948 2483 n‘

186 2499 294 2530 minus
319 2498 466 2540 cogitare
490 2499 602 2540 potui,
638 2507 735 2540 quam
770 2499 855 2540 quod
880 2499 955 2531 solis
979 2499 1040 2532 illis
1065 2499 1199 2532 tabulae
1223 2509 1319 2531 meae
1344 2499 1486 2531 numeris
1501 2522 1510 2537 ,
1548 2500 1603 2541 (1111
1625 2498 1840 2540 particulares
1864 2501 1940 2530 tant

190 2550 277 2582 sunt,
301 2546 480 2585 insisteres,
507 2546 565 2578 sed
591 2556 651 2588 ego
677 2546 807 2578 omnino
832 2548 956 2588 putavi,
982 2551 1016 2578 te
1040 2549 1144 2589 ipsum
1171 2557 1210 2579 ex
1225 2546 1415 2588 Copernico,
1439 2557 1499 2579 seu
1523 2556 1563 2578 ex
1585 2546 1685 2588 ipsius
1709 2545 1944 2577 demonstratio

187 2593 266 2630 bus,
305 2593 450 2625 adhibito
489 2593 615 2626 calculo
649 2593 899 2626 Prutenicarum
932 2595 1118 2626 tabularum
1133 2592 1164 2634 ⁸)
1203 2595 1313 2626 omnia
1342 2594 1526 2636 plenissime
1557 2595 1627 2634 jam
1651 2593 1751 2625 fuisse
1775 2602 1889 2634 persec

190 2640 286 2673 Haec
312 2641 450 2673 candido
477 2642 585 2673 animo
612 2641 734 2682 scripta
760 2642 898 2673 candide
925 2643 1069 2683 accipias
1094 2651 1184 2684 rogo.
1235 2642 1321 2674 Vale
1346 2642 1476 2682 optime.
1570 2670 1572 2673 .

285 2688 475 2727 „Tabula‚“
504 2689 544 2721 de
569 2697 635 2730 qua
658 2688 711 2720 hic
735 2689 993 2721 Maestlinus
1026 2691 1096 2732 agit
1122 2688 1225 2731 (apud
1247 2689 1451 2721 Hanschium
1475 2698 1506 2729 p.
1534 2685 1684 2728 5—11),
1710 2687 1827 2720 eadem
1850 2686 1918 2719 fere

188 2735 268 2772 fert,
307 2745 392 2777 quae
422 2735 619 2768 Maestlinus
657 2736 810 2769 addenda
847 2736 1064 2769 Prodromo
1102 2737 1212 2779 illique
1249 2736 1482 2775 „Rhaetici
1516 2735 1717 2768 narrationi“
1757 2735 1797 2767 de
1824 2733 1961 2776 Coponii

187 2783 325 2814 inventis
350 2783 436 2824 typis
461 2783 675 2825 imprimenda
700 2785 848 2822 curavit,
885 2785 946 2816 hoc
971 2785 1065 2816 titulo
1090 2785 1267 2826 inscripto:
1308 2783 1369 2816 De
1405 2783 1738 2815 dimensionibus
1769 2782 1930 2814 orbium

187 2829 460 2870 sphaerarum
495 2832 758 2869 coelestium,
794 2834 921 2873 Juxta
955 2832 1130 2864 tabulas
1166 2832 1426 2864 Prutenicas
1461 2841 1509 2862 ex
1542 2830 1764 2862 sententia
1795 2829 1884 2863 Nic.
1921 2826 1960 2866 G,

187 2877 369 2918 pernici.

281 2923 354 2955 Hoc
381 2924 495 2965 quibus
522 2926 628 2956 causis
653 2930 760 2957 motus
785 2926 908 2966 fecerit,
935 2927 969 2958 in
994 2927 1199 2968 praefatione
1225 2925 1412 2966 appendicis
1435 2924 1485 2956 his
1513 2925 1663 2966 exponit:
1694 2923 1766 2962 „Ne
1792 2923 1869 2965 quid
1887 2933 1944 2956 eru

188 2971 312 3002 tissimo
350 2975 383 3003 et
417 2971 676 3013 ingeniosissimo
715 2974 892 3005 doctissimi
926 2974 1150 3006 mathematici
1189 2973 1235 3005 M.
1262 2972 1400 3004 Joannis
1424 2972 1560 3013 Kepleri
1586 2971 1760 3003 Prodromo
1792 2974 1826 3004 et
1850 2971 1918 3003 dise

188 3018 320 3049 Rhetici
344 3017 533 3050 Narrationi
561 3019 710 3056 deesset.
739 3030 856 3061 operae
881 3023 1020 3063 pretium
1046 3022 1136 3058 duxi,
1164 3021 1221 3057 eis,
1248 3020 1440 3060 appendicis
1464 3018 1554 3056 loco,
1581 3019 1799 3050 dimensiones
1823 3018 1936 3061 magni

190 3065 300 3097 diuum
325 3066 391 3096 sive
418 3065 626 3098 altitudinum
649 3067 859 3107 sphaerarum
883 3069 1005 3105 mundi.
1033 3069 1146 3110 quibus
1172 3068 1311 3099 erratica
1336 3067 1444 3098 sidera
1467 3070 1648 3102 moventur,
1674 3066 1853 3098 secundum
1870 3065 1938 3107 Cop

189 3113 254 3144 nici
278 3112 472 3154 hypotheses
498 3114 704 3156 subjungere.
755 3115 827 3147 Etsi
853 3120 963 3147 autem
988 3126 1048 3149 eae
1075 3125 1114 3147 ex
1138 3116 1207 3156 ipso
1234 3114 1432 3155 Copernico‚
1459 3115 1578 3156 partim
1604 3114 1704 3145 etiam
1729 3123 1768 3145 ex
1790 3113 1918 3146 Ptolem
1975 3129 1977 3132 ⁴

190 3160 310 3202 absque
335 3160 446 3192 labore
472 3161 600 3201 excerpi
626 3165 659 3192 et
683 3163 842 3195 conscribi
866 3165 1066 3205 potuissent,
1099 3163 1201 3194 malui
1226 3166 1337 3194 tamen
1365 3162 1405 3194 ab
1430 3161 1566 3194 Erasmo
1590 3160 1796 3194 Rheinholdo
1821 3170 1879 3194 eas
1904 3169 1926 3193 a
