2028 3242
800 50 928 121 rm
953 88 1082 121 Um.
1763 85 1850 128 239

45 193 227 235 omnibus
258 193 478 247 generatim
507 193 677 245 vigeret,
708 198 750 234 et
780 194 867 234 sine
898 206 976 247 quo
1005 193 1106 234 nihil
1125 198 1248 241 esset,
1281 193 1396 245 cujus
1414 192 1685 245 coguitionem
1704 204 1849 245 capere

44 265 158 294 mens
187 259 328 294 nostra
354 258 508 305 posset.
560 253 711 304 ltaque
742 251 1176 293 hanc'demonstrandi
1209 251 1406 292 rationem
1443 263 1495 291 ex
1526 251 1748 303 geometria
1777 263 1851 292 cen

43 311 226 365 exemplo
265 312 490 352 desumtam
533 311 793 352 excoluerunt
835 316 877 351 et
915 311 956 351 in
999 311 1167 351 formam
1210 310 1311 350 artis
1350 310 1529 362 adeoque
1573 315 1616 350 et
1656 310 1851 350 scientiae

42 370 300 423 redegerunt,
333 383 435 423 quae
468 370 633 422 logica
666 370 825 410 dicitur.
888 369 1104 409 Vocabula
1134 374 1177 409 et
1205 374 1252 408 ut
1279 369 1476 421 loquimur
1505 368 1718 417 terminos,
1751 381 1851 422 quos

43 430 85 468 in
115 430 338 481 geometria
378 434 630 481 repererunt,
673 429 928 468 retinuerunt
959 428 1060 468 adeo
1091 428 1254 476 crebro,
1298 433 1344 467 ut
1374 439 1523 479 negare
1559 440 1677 467 nemo
1707 427 1850 479 possit.

44 488 111 528 Ita
139 488 482 540 hypotheseos
511 499 591 528 vox
621 499 775 540 quoque
808 486 1075 527 usitatissima
1105 491 1171 526 est
1206 486 1247 526 in
1266 485 1450 526 doctrina
1467 485 1851 527 demonstrationum

43 545 151 600 apud
176 546 456 588 Aristotelem.
520 544 622 587 Cum
653 545 790 598 itaque
821 545 976 597 logicae
1006 544 1235 597 jurisdictio
1271 557 1345 596 per
1374 557 1512 585 omues
1542 550 1686 596 pateat
1715 545 1850 585 scien-

43 605 146 654 tias,
186 618 238 647 ex
273 605 407 658 logica
437 615 592 658 quoque
628 604 667 644 in
700 604 1055 645 astronomiam
1088 616 1166 644 vox
1203 603 1472 657 hypotheseos
1510 602 1742 644 introducta
1771 610 1849 653 est,

43 676 146 717 quae
174 664 241 706 vel
268 663 357 706 siue
388 663 522 716 logica
549 669 715 716 propter
744 663 854 704 solas
886 663 1249 703 demonstrationes
1278 662 1321 703 in
1346 663 1597 703 astronomia.
1626 663 1849 715 geometri-

43 735 115 763 cas
156 727 200 764 et
229 721 288 763 sic
319 722 489 775 genuino
521 722 677 762 nomine
710 722 992 775 usurpabatur.
1055 721 1311 775 Hypothesin
1338 727 1474 762 autem
1504 721 1544 762 in
1570 733 1716 774 genere
1748 721 1850 762 dici-

42 794 150 830 mus,
195 781 383 835 quidquid
414 781 466 821 ad
506 793 779 834 quamcunque
822 781 1204 822 demonstrationem
1246 793 1319 833 pro
1350 787 1461 821 certo
1498 786 1541 821 et
1577 780 1852 821 demonstrato

45 840 224 881 affertur.
257 839 353 883 ,Ita
389 840 430 880 in
461 839 567 880 omni
600 839 832 893 syllogismo
853 839 1106 893 ,hypotheses
1142 839 1236 880 illae
1265 844 1379 887 suat,
1418 851 1519 892 quas
1556 839 1852 892 propositiones

44 898 130 939 sive
158 899 405 951 praemissas
436 898 556 940 aliter
587 899 770 938 dicimus.
834 899 880 939 In
911 899 1089 950 longiore
1109 911 1204 939 vero
1230 897 1587 946 demonstratione,
1618 910 1721 951 quae
1745 898 1850 939 mul-

44 963 110 999 tos
151 957 277 998 habet
314 957 570 1010 syllogismos
613 957 915 1006 subordinatos,
965 958 1181 1009 primorum
1230 957 1552 1010 syllogismorum
1599 957 1849 1010 praemissae

44 1015 242 1057 dicuntur
269 1015 526 1069 hypotheses.
590 1017 656 1056 Ita
697 1016 738 1056 in
775 1016 1076 1065 astronomicis,
1122 1016 1281 1069 quoties
1321 1029 1371 1056 cx
1407 1015 1477 1065 iis,
1516 1028 1619 1069 quae
1657 1016 1698 1056 in
1736 1016 1849 1056 coelo

43 1074 258 1128 diligenter
288 1079 331 1114 et
359 1081 455 1128 apte
485 1075 633 1115 attenti
664 1075 854 1123 vidimus,
894 1075 1043 1127 aliquid
1086 1087 1336 1115 numerorum
1368 1080 1411 1115 et
1447 1075 1660 1126 figurarum
1692 1087 1767 1128 ope
1798 1075 1848 1115 de

43 1133 183 1191 stella,
211 1145 329 1186 quam
359 1133 730 1182 observaveramus,
764 1134 1106 1174 demonstramus:
1139 1141 1234 1175 tunc
1258 1147 1319 1182 ea,
1353 1146 1472 1187 quam
1497 1133 1579 1174 dixi
1604 1133 1849 1183 observatio,

42 1193 83 1233 in
114 1191 301 1233 instituta
330 1191 671 1234 demonstratione
696 1193 743 1232 fit
771 1192 1019 1246 hypothesis,
1051 1206 1174 1246 super
1198 1205 1315 1246 quam
1344 1192 1559 1246 praecipue
1592 1193 1849 1234 demonstra-

43 1251 102 1292 tio
132 1251 366 1292 exstruitur.

161 1305 347 1350 Genuina
376 1309 476 1350 haec
506 1315 572 1349 est
601 1309 713 1350 vocis
744 1309 980 1363 hypothesis
1011 1309 1136 1350 notio.
1200 1310 1246 1350 In
1276 1309 1411 1362 specie
1449 1316 1607 1359 tamen,
1646 1322 1737 1350 cum
1766 1323 1844 1351 nu-

44 1381 154 1410 mero
184 1367 452 1409 multitudinis
483 1369 856 1408 astronomicas
889 1368 1056 1408 dicimus
1100 1369 1426 1422 hypotheses,
1471 1368 1639 1409 facimus
1668 1368 1712 1408 id
1740 1381 1850 1410 more

43 1428 272 1468 scholarum
300 1426 419 1479 hujus
449 1427 588 1475 seculi,
621 1427 883 1480 designantes
915 1439 1108 1467 summam
1131 1427 1329 1480 quandam
1354 1427 1659 1480 conceptionum
1677 1427 1849 1468 celebris

47 1486 218 1539 alicujus
248 1485 438 1532 artificis,
475 1499 526 1526 ex
551 1485 693 1538 quibus
719 1492 844 1526 totam
876 1486 946 1527 ille
968 1487 1172 1526 rationem
1202 1492 1380 1526 motuum
1417 1485 1653 1527 coelestium
1681 1486 1850 1527 demon-

46 1551 173 1586 strat:
216 1557 299 1598 qua
334 1544 373 1584 in
417 1557 571 1585 summa
600 1544 737 1585 insunt
778 1557 867 1585 cum
897 1545 1087 1598 physicae
1124 1550 1208 1585 tum
1245 1545 1514 1598 geometricae
1553 1544 1850 1598 propositiones

46 1617 198 1653 omnes,
233 1608 428 1657 quotquot
457 1605 509 1644 ad
541 1608 669 1644 totum
700 1616 799 1655 opus
831 1610 1060 1644 astronomo
1091 1604 1150 1644 illi
1179 1604 1426 1656 propositum
1457 1604 1727 1644 asciscuntur:
1764 1605 1851 1645 sive

46 1662 142 1704 illas
172 1661 334 1703 aliunde
365 1662 418 1702 ad
448 1675 561 1703 suum
594 1663 841 1702 commodum
872 1663 1127 1703 transtulerit
1157 1663 1326 1708 artifex,
1358 1663 1443 1703 sive
1475 1668 1598 1704 antea
1627 1675 1679 1703 ex
1709 1663 1851 1705 ohser-

51 1720 280 1765 vationibus
323 1720 685 1770 demonstraverit,
744 1728 786 1761 et
822 1722 908 1773 jam
958 1722 1026 1762 via
1065 1722 1269 1774 reciproca
1319 1735 1456 1762 secum
1506 1722 1787 1765 demonstrata
1827 1735 1854 1763 a

44 1780 224 1821 discente
254 1779 333 1819 sibi
361 1792 435 1820 ceu
466 1780 713 1833 hypotheses
744 1781 907 1820 concedi
939 1781 1136 1833 postulet,
1169 1794 1220 1821 ex
1250 1781 1392 1833 quibus
1422 1781 1483 1821 illi
1515 1787 1557 1821 et
1587 1793 1657 1820 eos
1689 1781 1852 1834 (quibus

44 1838 157 1880 initio
188 1850 323 1879 secum
351 1838 634 1892 hypothesium
665 1840 752 1879 loco
785 1853 880 1879 usus
911 1841 1019 1888 erat)
1052 1840 1288 1880 observatos
1308 1840 1519 1880 stellarum
1551 1839 1655 1879 situs
1686 1846 1730 1880 et
1753 1853 1853 1894 quos

42 1910 160 1950 porro
179 1897 365 1938 similiter
382 1897 637 1950 apparituros
657 1904 808 1950 sperat,
831 1899 1078 1939 necessitate
1098 1899 1351 1953 syllogistica
1374 1898 1740 1940 demonstraturum
1757 1899 1851 1952 pol-

43 1956 225 1997 liceatur.
282 1955 379 1996 Dixi
409 1957 503 2008 quid
534 1957 589 1997 sit
618 1957 867 2010 hypothesis.
933 1958 1079 1998 Dicam
1116 1964 1159 1999 et
1190 1958 1348 2010 qualem
1380 1970 1472 1998 esse
1502 1957 1690 2010 justam
1719 1959 1851 2012 hypo-

43 2014 177 2056 thesin
207 2014 263 2055 sit
291 2027 470 2055 necesse.

162 2071 264 2114 Cum
294 2073 336 2113 in
366 2074 474 2113 omni
512 2074 726 2125 disciplina
764 2080 849 2115 tum
879 2074 920 2114 in
953 2075 1198 2115 astronomia
1228 2087 1402 2128 quoque,
1446 2088 1548 2128 quae
1579 2047 1851 2117 concludendo

45 2133 235 2173 lectorem
267 2131 473 2182 docemus,
520 2145 570 2172 ea
599 2145 706 2184 seno
733 2133 931 2182 facimus,
969 2134 1126 2186 omnino
1165 2133 1287 2186 ludos
1309 2147 1404 2187 ιιοιι
1417 2134 1645 2193 agitantes.
1706 2136 1850 2188 Itaque

20 2227 31 2236 ,
46 2189 232 2243 quicquid
275 2194 338 2229 est
379 2190 419 2229 in
459 2191 607 2230 nostris
605 2178 1005 2237 conclusionibus,
1038 2205 1175 2232 verum
1219 2205 1310 2232 esse
1356 2205 1591 2245 persuasum
1589 2181 1848 2236 ῳἿιειίιθιιιιιε.

47 2307 290 2361 hypotheses
319 2319 438 2346 veras
470 2320 560 2346 esse
593 2320 732 2346 necess
736 2321 757 2346 e
789 2314 864 2348 est.
927 2309 1028 2348 Tum
1059 2310 1217 2348 demum
1248 2309 1351 2349 enim
1382 2311 1459 2350 fine
1489 2316 1628 2351 nostro
1658 2311 1848 2362 potimur,

46 2373 92 2406 ut
119 2379 257 2406 verum
289 2365 429 2405 lectori
459 2365 737 2413 ostendamus,
769 2379 858 2405 cum
887 2365 1123 2419 hypothesis
1154 2373 1321 2418 utraque
1353 2368 1603 2434 undiquaque
1634 2381 1731 2408 vera
1760 2370 1850 2420 lege

47 2425 298 2478 syllogistica
339 2424 378 2463 in
418 2424 712 2463 conclusionem
749 2425 903 2464 directa
939 2425 1072 2464 fuerit.
1133 2426 1194 2465 At
1236 2425 1271 2465 si
1312 2438 1422 2466 error
1458 2427 1528 2466 vel
1563 2427 1603 2466 in
1642 2433 1850 2480 utramque

39 2484 114 2526 ,vel
143 2483 183 2523 in
216 2483 452 2522 alterutram
483 2482 794 2534 praemissarum
826 2483 1106 2535 hypothesium
1136 2484 1353 2536 irrepserit,
1386 2484 1466 2524 etsi
1495 2497 1632 2525 verum
1651 2484 1852 2527 interdum

39 2542 87 2582 ‘in
118 2541 370 2582 conclusione
403 2543 595 2593 sequitur,
630 2541 669 2580 id
701 2547 850 2591 tamen,
882 2548 928 2581 ut
952 2542 1039 2593 jam
1069 2542 1222 2593 pridem
1248 2541 1349 2595 Cap.
1387 2542 1424 2583 1.
1456 2544 1536 2583 mei
1565 2543 1693 2596 Myst.
1715 2543 1851 2585 Cosm.

41 2599 246 2652 allegavi,
279 2600 444 2640 fortuito
475 2600 531 2648 fit,
566 2613 637 2639 nec
669 2612 843 2651 semper,
883 2600 953 2639 sed
990 2606 1074 2640 tum
1111 2601 1269 2641 demum
1306 2615 1394 2641 cum
1426 2614 1535 2642 error
1564 2603 1849 2654 propositionis

46 2659 164 2698 unius
207 2659 379 2698 occurrit
420 2664 564 2710 aptae,
608 2659 672 2697 vel
713 2671 831 2697 verae
870 2659 934 2698 vel
977 2659 1125 2707 falsae,
1170 2660 1289 2699 alteri
1328 2661 1380 2699 ad
1416 2672 1553 2700 verum
1597 2661 1847 2703 eliciendum.

47 2716 233 2768 Exempli
264 2717 351 2757 loco
384 2718 634 2757 latitudinem
666 2717 804 2756 Lunae
838 2716 1081 2768 Copernicus
1102 2718 1310 2769 supposuit
1333 2731 1412 2758 non
1430 2724 1498 2758 sat
1521 2731 1730 2771 magnam;
1760 2721 1850 2762 visa

45 2781 116 2816 'est
143 2775 214 2815 illa
243 2775 339 2815 olim
369 2788 438 2815 cor
469 2776 615 2827 scorpii
635 2781 785 2827 tegere.
850 2774 1094 2826 Copernicus
1127 2777 1233 2815 falsa
1270 2777 1345 2816 hac
1372 2777 1599 2818 latitudinis
1635 2778 1850 2832 hypothesi

49 2833 226 2885 conjecit
249 2839 396 2882 tamen,
430 2847 477 2874 eo
497 2840 676 2900 tempore
709 2834 946 2885 oportuisse
966 2834 1048 2885 tegi
1080 2835 1241 2874 stellam
1273 2849 1299 2874 a
1316 2835 1445 2876 Luna.
1506 2835 1591 2876 Sed
1617 2837 1721 2877 alter
1739 2850 1851 2879 error

45 2892 248 2936 accessit:
297 2893 489 2932 assumsit
530 2893 634 2932 enim
670 2892 924 2932 latitudinem
962 2892 1105 2932 stellae
1145 2898 1259 2933 tanto
1297 2894 1491 2934 minorem
1526 2895 1654 2947 justo,
1699 2902 1848 2949 quanto

46 2951 178 3014 gunor
201 2951 314 3002 justo
344 2951 513 2991 latitudo
545 2951 682 2990 Lunae
714 2951 934 2990 constituta
965 2951 1110 2991 fuerat.
1172 2953 1327 3004 Atque,
1367 2958 1414 2992 ut
1442 2953 1483 2992 in
1513 2954 1723 3006 proverbio
1755 2968 1847 2998 mo·

150 3022 196 3050 ur
225 3010 439 3049 mendaces
467 3015 514 3049 ut
543 3010 627 3050 sint
656 3022 876 3056 memores,
920 3010 979 3049 ita
1009 3010 1072 3048 hic
1104 3010 1231 3050 falsae
1263 3011 1530 3064 hypotheses,
1561 3025 1700 3053 verum
1729 3015 1849 3056 simul

46 3015 220 3150 mito
250 3068 531 3117 conducentes,
562 3068 603 3107 in
633 3080 849 3121 progressu
880 3069 1250 3119 demonstrationis,
1282 3070 1349 3111 ubi
1374 3070 1467 3111 aliis
1497 3076 1617 3127 atque
1634 3072 1729 3114 aliis
1755 3074 1846 3116 fue-

44 2250 171 2289 Porro
201 2253 247 2289 ut
276 2261 412 2288 verum
444 2249 702 2288 concludatur
732 2250 928 2301 legitime,
972 2251 1268 2303 propositiones
1310 2251 1350 2290 in
1382 2252 1636 2309 syllogismo,
1682 2253 1756 2293 hoc
1787 2259 1851 2293 est
1911 2276 1915 2279 -
