1982 3268
136 47 193 92 22
900 49 901 52 ’
935 51 1150 85 Prooemium.

764 156 946 199 Salutem
977 158 1188 210 plurimam
1222 158 1323 200 dico.

257 216 358 259 Cum
390 217 440 257 ad
471 216 771 258 Humanitatem
803 223 912 258 tuam
945 215 971 259 3
997 217 1151 270 Aprilis
1184 218 1222 258 ni
1256 219 1374 259 fallor
1406 218 1657 270 scripsissem
1686 220 1739 260 'de
1771 219 1942 272 quodam

139 277 257 318 dubio
289 277 329 316 in
361 276 534 316 numeris
567 277 620 327 {23
659 276 1080 329 literasque-Sautero
1111 278 1369 318 tradidissem
1401 278 1451 319 ob
1482 277 1711 320 nunciorum
1742 278 1942 330 inopiam:

137 341 284 390 postea
315 336 378 376 die
412 348 482 388 pro
516 333 620 375 festo
652 335 880 376 Palmarum
911 336 1002 377 hinc
1042 336 1122 377 abii
1153 337 1375 378 confectum
1406 337 1560 389 reliqua
1589 351 1681 394 mea
1712 337 1875 390 negotia
1906 337 1943 376 in

128 393 315 436 'inferiori
346 395 519 448 regionis
551 401 679 447 parte.
742 396 839 436 Heri
878 409 965 436 cum
1002 396 1196 446 redirem,
1236 397 1388 450 accipio
1426 402 1519 437 tuae
1557 395 1777 443 industriae
1817 396 1946 437 dicam

140 469 189 495 an
222 455 526 495 benevolentiae
558 461 853 496 monumentum
886 461 994 495 certe
1027 457 1266 507 stupendum
1298 457 1416 497 mihi:
1460 461 1505 496 ut
1541 457 1647 510 quod
1675 470 1739 497 me
1771 456 1946 509 quotidie

138 515 268 567 magis
301 515 349 555 de
380 515 610 567 reponenda
642 514 776 567 gratia
808 515 1021 555 sollicitum
1054 516 1188 556 efficit.
1251 516 1308 556 Ut
1339 516 1460 569 igitur
1491 516 1629 566 scires,
1661 529 1724 557 me
1753 516 1794 556 id
1828 528 1946 556 acce-

138 575 264 628 pisse,
297 586 458 627 operam
491 575 585 614 dare
618 574 738 614 volui.
790 574 906 627 Rogo
940 579 1074 615 autem
1107 575 1154 615 de
1187 576 1216 626 ζξ
1246 575 1484 616 brevissima
1509 575 1658 616 scheda
1690 575 1945 629 respondeas,

140 635 175 675 si
206 647 270 674 res
303 638 368 674 est
399 633 610 685 expedita:
645 633 704 674 sin
738 646 827 682 non,
862 646 1023 686 possum
1056 634 1172 675 facile
1205 640 1247 675 et
1273 635 1358 675 sine
1389 634 1671 687 impedimento
1698 634 1947 675 commodum

141 693 214 734 tibi
244 698 403 745 tempus
437 698 666 746 expectare.
729 692 842 745 Opus
875 699 1106 746 argenteum
1132 691 1166 744 ⁹)
1199 694 1258 734 ita
1295 695 1408 734 tarde
1446 694 1645 747 procedit,
1687 699 1732 734 ut
1767 694 1946 746 pluribus

141 753 256 794 faber
288 765 407 805 quam
440 752 580 793 fabrile
614 752 760 793 ictibus
793 752 970 806 indigere
1002 753 1202 803 videatur,
1237 759 1281 794 ut
1311 754 1516 806 procedat.
1579 754 1698 795 Vale.

263 810 313 854 13
348 809 444 861 (23)
477 813 576 865 Apr.
612 809 681 854 96.
1441 814 1492 854 Η.
1526 813 1573 853 Τ.
1635 813 1734 854 disc.
1767 825 1827 866 gr.

1389 873 1450 914 M.
1483 870 1656 914 Johnmn
1685 871 1856 928 Kepler.

233 965 486 999 Maestlinus
522 966 703 997 consulenti
737 965 881 1007 Keplero
913 967 1080 1008 respondit
1113 967 1144 998 d.
1183 966 1219 998 11
1258 965 1336 1008 (21)
1364 967 1480 1009 Aprilis
1514 965 1677 1008 (Hansch.
1702 977 1734 1010 p.
1763 964 1844 1007 11),
1879 976 1947 999 non

137 1015 297 1046 immerito
322 1024 358 1046 se
388 1023 409 1045 a
432 1013 576 1054 Keplero
602 1014 716 1045 erroris
742 1013 846 1056 argui.
900 1013 959 1051 „In
984 1014 1100 1047 tabula
1124 1008 1294 1058 ἅφηλιων
1318 1016 1441 1053 nescio,
1467 1015 1522 1058 qui
1546 1015 1794 1057 impertinentes
1817 1014 1945 1046 numeri

137 1062 215 1094 mihi
235 1061 430 1094 describenti
455 1062 667 1102 obrepserint,
695 1071 770 1094 cum
795 1061 876 1093 alios
902 1062 1044 1093 diversos
1069 1063 1103 1094 in
1121 1062 1263 1100 scheda,
1290 1073 1330 1095 ex
1353 1072 1420 1105 qua
1443 1072 1496 1095 me
1519 1062 1592 1095 illos
1617 1062 1827 1104 descripsisse
1851 1066 1945 1103 puto,

139 1113 270 1142 notatos
295 1108 493 1141 inveniam.“
545 1108 674 1140 Deinde
697 1108 792 1149 justis
818 1110 960 1141 numeris
994 1110 1161 1142 subductis
1196 1111 1359 1152 queritur,
1395 1111 1481 1152 quod
1507 1109 1705 1152 Gopernicus
1731 1119 1754 1143 a
1776 1110 1945 1151 prioribus,

139 1168 206 1189 non
230 1157 464 1190 recentioribus
484 1156 762 1188 observationibus
779 1157 944 1197 profectus
962 1158 1015 1194 sit,
1046 1157 1192 1200 ..grande
1218 1159 1303 1190 enim
1330 1162 1364 1190 et
1387 1158 1529 1190 immane
1554 1157 1757 1198 postulatum
1780 1157 1860 1189 illud
1884 1161 1946 1194 est,

142 1204 433 1243 „concedendum
467 1208 620 1245 putamus
655 1205 988 1236 commensurationes
1023 1204 1215 1237 circulorum
1249 1206 1408 1238 mansisse
1444 1215 1466 1237 a
1496 1204 1686 1238 Ptolemaeo
1718 1203 1944 1238 etiamnum““

140 1251 238 1294 (Cep.
262 1252 360 1284 revol.
387 1251 468 1284 coel.
495 1251 538 1288 V,
565 1249 647 1290 30);
683 1261 762 1283 nam
795 1252 868 1292 ipsa
897 1256 1030 1284 terrena
1060 1253 1289 1285 eccentricitas
1321 1253 1483 1285 diminuta
1507 1252 1587 1285 alios
1612 1262 1764 1285 numeros
1789 1252 1945 1294 postulat.

140 1300 211 1332 Nec
236 1300 323 1332 enim
347 1309 459 1331 verum
485 1303 545 1335 est,
572 1299 657 1340 quod
673 1298 832 1331 Rheticus
857 1300 890 1330 in
917 1300 1046 1342 dialogo
1072 1300 1162 1337 dicit,
1189 1301 1274 1342 quod
1298 1301 1332 1333 in
1349 1300 1513 1333 Mercurio
1537 1300 1630 1333 nulla
1653 1295 1780 1343 quoque
1803 1299 1890 1333 sicut
1912 1300 1947 1332 in

140 1348 220 1380 Jove
245 1348 407 1380 sentiatur
432 1347 687 1379 eccentricitatis
711 1346 884 1378 mutatio.“
936 1346 1065 1390 (Comp.
1091 1348 1202 1380 Prodr.
1230 1358 1302 1390 cap.
1329 1347 1470 1385 XVIII),
1517 1347 1557 1380 In
1586 1347 1654 1380 fine
1685 1346 1844 1390 epistolae
1868 1347 1949 1380 dicit

140 1395 356 1428 Maestlinus:
388 1403 475 1426 anne
501 1394 668 1426 stellarum
694 1394 831 1426 fixarum
857 1395 1109 1436 descriptionem
1134 1397 1319 1437 acceperis,
1353 1406 1391 1428 ex
1416 1396 1518 1428 literis
1542 1395 1726 1438 intelligere
1750 1405 1817 1428 non
1840 1395 1944 1437 potui.

139 1443 266 1480 Puella,
293 1451 378 1485 quae
403 1446 478 1474 tuas
503 1442 581 1474 mihi
606 1442 719 1474 literas
744 1442 896 1479 reddidit,
924 1444 1042 1475 asserit
1063 1453 1163 1480 sane,
1189 1453 1226 1475 se
1251 1453 1326 1476 eam
1351 1453 1372 1476 a
1395 1453 1448 1476 me
1473 1443 1534 1476 sibi
1559 1443 1782 1476 concreditam
1806 1442 1949 1476 fideliter

138 1490 333 1527 tradidisse,
359 1489 498 1531 ideoque
524 1490 555 1522 ei
579 1490 765 1522 mercedem
790 1490 950 1531 epistolae
976 1490 1171 1533 deportatas
1195 1491 1288 1523 solvi.
1924 1494 1927 1497 ⁴

235 1538 359 1579 Quibus
383 1537 611 1579 Keplerus
635 1537 821 1579 respondit:

259 1631 303 1673 S.
354 1632 505 1672 Eodem
536 1632 673 1684 procul
707 1632 825 1672 dubio
856 1637 1036 1684 tempore
1068 1632 1235 1685 legimus
1267 1637 1433 1685 uterque
1472 1633 1630 1682 literas,
1670 1637 1713 1673 et
1750 1645 1824 1685 ego
1856 1637 1948 1674 tuas

143 1697 184 1733 et
215 1697 259 1732 tu
291 1705 425 1732 meas:
471 1691 625 1732 scilicet
663 1692 725 1731 die
747 1693 786 1743 ζὲ
824 1688 873 1732 14
904 1691 1071 1744 Aprilis,
1137 1691 1368 1745 Scripseras
1401 1698 1444 1732 tu
1481 1691 1525 1732 11
1564 1692 1738 1746 Aprilis,
1779 1704 1853 1744 ego
1895 1690 1947 1733 13

142 1751 334 1805 ejusdem.
390 1751 448 1790 Tu
481 1752 528 1790 de
561 1751 726 1791 fixarum
758 1752 958 1803 catalogo,
993 1764 1067 1804 ego
1100 1751 1148 1791 de
1180 1752 1307 1792 literis
1341 1751 1594 1804 quaesitoriis
1626 1751 1739 1800 meis,
1772 1751 1948 1804 utrisque

141 1811 294 1864 pridem
321 1810 500 1862 scriptis,
535 1823 690 1850 eramus
717 1810 891 1851 solliciti.
950 1811 1074 1863 Atqui
1107 1811 1350 1862 respondisti
1382 1817 1426 1851 tu
1457 1824 1568 1851 meae
1601 1811 1839 1864 quaestioni,
1873 1823 1948 1862 ego

107 1892 120 1905 v
142 1872 191 1911 de
223 1875 291 1910 tuo
325 1870 523 1922 catalogo.
575 1870 681 1910 Ecce
713 1870 920 1922 pulchrum
952 1871 1237 1922 spectaculum.
1289 1870 1376 1911 Aut
1407 1875 1568 1911 nostrae
1599 1870 1741 1912 literae
1760 1868 1950 1911 Mercurii

142 1930 344 1982 ingenium
380 1930 552 1981 adeptae
586 1935 679 1968 sunt
710 1930 833 1975 (forte
867 1943 916 1970 ex
948 1930 1204 1981 inscriptione
1237 1930 1284 1970 de
1310 1930 1522 1978 Mercurio,
1557 1936 1601 1970 ut
1626 1942 1763 1971 aurum
1782 1942 1834 1970 ex
1852 1941 1949 1969 con-

142 1994 255 2029 tactu
289 1989 443 2040 argenti
484 1988 584 2037 vivi,
629 1989 731 2041 quod
764 1989 962 2029 Mercurio
1001 1989 1182 2037 subest),
1225 1994 1304 2042 aut·
1326 1989 1548 2030 Mercurius
1588 1989 1672 2042 ipse
1711 2002 1805 2029 suos
1836 1986 1950 2028 nobis

142 2053 275 2089 motus
307 2049 382 2088 hoc
414 2048 530 2100 modo
563 2047 1075 2101 demonst1·at,'uobisque‚
1116 2054 1160 2088 ut
1191 2053 1254 2087 est
1286 2049 1412 2091 fallax
1443 2049 1624 2098 nuncius,
1659 2048 1799 2089 literas
1829 2052 1950 2101 petu-

140 2108 270 2148 lantia
302 2108 474 2160 quadam
507 2107 581 2147 huc
613 2107 704 2147 illuc
739 2108 872 2148 differt
904 2113 946 2147 et
978 2108 1116 2149 eludit.
1180 2109 1317 2148 Metuo
1352 2115 1395 2148 ut
1427 2109 1554 2148 denuo
1579 2121 1641 2148 me
1674 2107 1871 2147 scribente
1911 2111 1952 2146 et

142 2174 187 2207 tu
218 2167 385 2215 scribas,
421 2173 540 2219 atque
574 2166 631 2206 sic
664 2167 825 2206 nimium
857 2167 931 2207 tibi
963 2167 1112 2207 laboris
1133 2167 1353 2207 exhibeam.
1394 2166 1507 2214 Quae
1542 2173 1675 2208 autem
1707 2167 1755 2206 de
1788 2167 1817 2218 Q
1847 2166 1950 2206 scri-

142 2227 204 2266 bis
237 2227 354 2266 credo
387 2231 432 2265 ut
470 2231 673 2266 aetemata
711 2227 967 2277 (αἰτημιιτα),
1011 2239 1102 2266 nam
1145 2227 1522 2267 demonstrationem
1563 2239 1639 2266 nou
1678 2226 1805 2279 capio.
1869 2225 1951 2266 Sed

141 2286 240 2326 illud
277 2290 317 2326 te
356 2298 522 2325 moneo:
569 2286 671 2338 quod
710 2286 854 2326 lineam
885 2286 945 2339 Ay
978 2286 1064 2338 jam
1102 2299 1284 2326 numeres
1318 2284 1486 2334 26270,
1527 2291 1635 2327 recte
1670 2297 1757 2326 meo
1782 2283 1949 2338 judicio,

143 2346 214 2385 sed
246 2345 363 2385 aliter
396 2358 513 2397 quam
544 2344 582 2384 in
624 2350 805 2396 comput:
847 2345 950 2385 dist:
991 2345 1277 2397 sphaeraru1n3
1318 2359 1406 2385 eam
1437 2345 1540 2386 enim
1571 2345 1626 2385 ibi
1655 2345 1758 2385 facis
1791 2340 1949 2392 22470,

142 2405 209 2455 Αβ
240 2417 333 2444 vero
366 2401 524 2453 26270,
558 2417 644 2444 cum
678 2405 732 2443 sit
764 2403 918 2445 30070.
976 2404 1092 2451 Quod
1124 2417 1278 2450 moneo,
1311 2418 1359 2444 ne
1392 2410 1434 2445 et
1463 2410 1503 2445 te
1536 2404 1686 2447 fallat„
1715 2403 1842 2444 Doleo
1875 2414 1980 2443 au-‘

144 2470 226 2504 tem
257 2469 297 2504 te
329 2476 405 2503 non
440 2476 537 2515 opus
571 2469 738 2512 tantum,
773 2465 844 2504 sed
871 2464 991 2504 etiam
1013 2469 1166 2504 sumtus
1195 2465 1339 2504 facere.
1392 2464 1600 2518 Increpavi
1624 2467 1732 2503 certe
1762 2463 1948 2516 puellam,
1979 2505 1982 2527 a

147 2524 249 2576 quod
282 2523 374 2576 quid
407 2522 574 2574 accepit.
632 2523 687 2563 Et
712 2523 799 2575 jam
830 2536 946 2575 porro
978 2523 1135 2576 impono
1167 2523 1240 2564 tibi
1272 2523 1486 2573 silentium,
1520 2524 1646 2564 donec
1676 2534 1766 2562 mea
1796 2521 1950 2562 ruditas
1978 2541 1982 2585 4

145 2583 301 2635 copiam
333 2582 530 2622 scribendi
562 2596 715 2622 rursum
752 2582 888 2623 faciat.

262 2643 379 2682 Vale.
434 2641 485 2682 15
519 2640 616 2690 (25)
650 2642 748 2693 Apr.
784 2639 854 2682 96.
1141 2642 1191 2682 Η.
1227 2642 1273 2681 Τ.
1339 2640 1391 2682 G.
1425 2641 1475 2680 D.
1687 2640 1746 2680 Μ.
1778 2603 1982 2705 Kepha-si

240 2725 374 2758 Interea
406 2723 683 2761 Maestlinus‚
719 2734 816 2766 quum
849 2724 993 2756 libellum
1024 2723 1161 2765 Kepleri
1193 2723 1450 2764 manuscriptum
1479 2722 1698 2764 Tubingensis
1730 2722 1950 2756 universitatis
1978 2707 1982 2782 j

147 2774 276 2805 senatui
301 2773 483 2810 obtulisset,
511 2772 552 2804 ab
577 2772 638 2805 hoc
664 2781 758 2804 suam
784 2772 824 2804 de
850 2772 904 2803 illo
932 2773 1132 2804 sententiam
1156 2772 1240 2804 ferre
1263 2774 1393 2813 jussus,
1418 2770 1502 2802 haec
1526 2769 1653 2802 retulit:

728 2869 921 2914 Maynifi-ce
947 2869 1105 2903 Domine
1131 2868 1366 2903 Pro-Rector.

244 2936 407 2978 Scriptum
426 2938 602 2970 doctissimi
620 2939 661 2970 D.
682 2938 833 2981 Magistri
850 2938 1007 2980 Keppleri
1024 2938 1102 2980 legi,
1123 2937 1282 2979 judicium
1306 2946 1415 2969 meum
1438 2936 1479 2968 de
1506 2945 1544 2968 eo
1562 2934 1684 2967 Vestra
1698 2920 1950 2977 Magnificentia
1967 2927 1969 2929 ’

76 2994 79 2996 ·
148 2984 304 3016 benevole
330 2986 489 3025 accipiat,
515 2996 604 3027 rogo.

245 3030 389 3062 Materia
414 3037 447 3063 et
471 3043 522 3064 res
547 3034 634 3072 ipsa,
668 3038 705 3063 ut
729 3042 814 3064 nova
841 3037 907 3070 est,
944 3027 977 3065 et
1001 3042 1085 3074 quae
1110 3033 1228 3063 nullius
1253 3039 1395 3072 unquam
1419 3034 1563 3062 mentem
1588 3029 1704 3066 subiit,
1730 3029 1779 3060 ita
1803 3016 1948 3069 profecto

150 3078 412 3125 ingeniosissima
438 3083 487 3111 est
512 3083 546 3112 et
570 3079 748 3121 publicam,
774 3090 856 3124 quae
874 3082 907 3113 in
926 3081 1094 3114 doctorum
1110 3080 1274 3115 hominum
1292 3087 1410 3112 manus
1433 3078 1597 3114 deveniat,
1623 3076 1822 3121 dignissima.
1864 3074 1945 3119 Quis
1966 3100 1967 3105 ,
