2028 3242
144 85 230 129 256
878 85 1041 130 Apologia
1065 85 1228 127 Tychonis

146 199 302 234 stantes
342 206 367 232 a
403 191 507 244 polis
548 191 688 243 hujus,
737 197 927 243 qnantum
974 189 1191 244 quantitati
1235 194 1597 246 retrogradationis
1635 193 1796 242 sufficit,
1842 204 1962 245 super

146 253 285 305 quibus
318 251 424 291 orbis
457 250 520 290 hic
552 250 718 290 interior
749 250 787 289 in
821 251 1062 291 contrarium
1096 252 1307 292 exterioris
1329 253 1487 306 aequali
1507 258 1686 306 tempore
1706 251 1959 293 restituatur.

143 313 204 352 At
234 312 309 351 hoc
340 316 459 363 pacto
496 310 662 362 planeta
694 323 852 363 semper
892 310 929 350 in
973 311 1161 363 ecliptica
1202 317 1272 351 aut
1303 324 1459 364 semper
1490 312 1530 352 in
1559 311 1718 365 aequali
1748 305 1962 352 latitudine

145 376 261 411 extra
293 370 519 422 eclipticam
551 374 709 419 manet,
734 375 845 410 motu
878 370 1102 410 librationis
1136 371 1193 410 cis
1227 376 1270 411 et
1301 372 1408 411 ultra
1440 371 1579 412 Solem
1610 383 1847 419 excurrens,
1891 375 1962 409 aut

149 430 187 469 si
233 429 352 470 fuerit
390 429 603 481 inaequale
644 435 802 482 tempus
840 429 1157 480 restitutionum,
1200 431 1268 470 fiet
1304 436 1350 471 ut
1381 430 1476 471 olim
1514 432 1682 484 planeta
1712 429 1963 470 latitudinem

144 489 295 529 habeat
326 489 534 541 aequalem
565 488 919 540 retrogradationi.
982 489 1036 529 Et
1067 494 1113 529 ut
1144 489 1295 539 demus,
1328 491 1556 543 neglectam
1587 490 1638 531 ab
1662 489 1831 530 Eudoxo
1863 487 1962 528 lati-

145 548 323 589 tudinem
359 549 635 601 planetarum,
681 561 759 588 non
798 553 931 588 tamen
972 553 1037 588 est
1073 548 1308 598 verisimile,
1354 563 1467 590 usum
1509 563 1598 590 esse
1629 548 1839 589 Eudoxum
1878 551 1963 588 tam

143 608 354 649 recondita
395 608 523 647 forma
554 607 826 660 hypotheseos
859 607 909 647 ad
941 607 1331 659 retrogradationem
1369 609 1635 650 efficiendam:
1675 620 1763 648 cum
1795 605 1964 661 epicycli

145 673 361 719 conceptus
389 679 478 706 sese
518 667 647 718 ipsum
681 666 795 719 quasi
827 668 970 707 offerat
993 667 1096 707 ultro
1117 667 1506 719 retrogradationem
1531 666 1816 716 consideranti,
1851 670 1894 706 et
1922 665 1963 705 in

146 726 449 779 disciplinarum
490 725 776 766 constitutione
803 725 1100 778 simplicissima
1131 732 1173 766 et
1213 726 1404 767 facillima
1436 741 1614 782 quaeque
1651 727 1780 780 primo
1814 737 1962 778 sequa-

102 794 108 835 ς
145 799 251 833 mur,
302 785 594 825 necessitatem
638 785 954 837 perpendentes
989 797 1066 824 non
1104 785 1324 838 ingenium,
1371 791 1416 826 ut
1451 788 1758 828 FracastoreuS.
1820 785 1962 837 Neque

106 840 114 880 ’ἴ
147 850 305 885 tantum
336 844 555 884 verisimile
594 857 672 884 non
705 850 781 894 est,
816 845 887 885 sed
912 844 1032 896 plane
1053 850 1195 885 contra
1219 857 1374 885 omnem
1400 846 1610 896 rationem,
1642 844 1812 886 Eudoxo
1830 843 1962 884 visum

130 917 236 944 -esse
269 904 372 944 hunc
404 903 766 956 retrogradationis
801 909 953 943 motum
985 903 1023 943 in
1057 904 1309 944 concentrico
1341 905 1424 945 fieri
1462 910 1574 946 motu
1600 878 1854 952 librationis,
1901 901 1963 942 ita

149 969 192 1004 ut
224 963 392 1003 eandem
431 977 455 1002 a
487 963 614 1003 Terra
646 963 881 1003 distantiam
919 963 1085 1014 planeta
1123 969 1355 1004 conservet:
1401 977 1490 1005 cum
1530 964 1653 1005 etiam
1685 961 1796 1016 vulgi
1827 961 1963 1003 oculos

146 1023 398 1076 perstringat
429 1023 576 1063 Martis
610 1023 861 1077 acrochhii
864 1022 1030 1078 ingens
1035 1023 1287 1084 magnitudo,
1323 1023 1387 1076 qui
1415 1024 1502 1076 jam
1533 1023 1585 1064 ad
1604 1023 1740 1064 Solem
1768 1021 1964 1063 accedens

151 1097 175 1122 a
209 1082 357 1122 tertiae
391 1069 709 1134 magnitudinis
712 1083 842 1123 stellis
875 1087 1098 1133 superatur,
1133 1095 1184 1121 ex
1216 1095 1291 1134 quo
1323 1083 1541 1124 manifesta
1571 1088 1636 1123 est
1667 1083 1752 1135 ejus
1783 1095 1809 1122 a
1838 1079 1965 1121 Terra

145 1142 424 1182 diversissima
455 1142 640 1194 utrinque
674 1142 884 1182 distantia.
948 1140 1080 1187 Quam
1114 1141 1367 1182 librationem
1406 1142 1440 1182 si
1472 1142 1596 1182 etiam
1628 1140 1844 1182 statuisset
1876 1139 1963 1180 Eu-

151 1202 297 1249 doxus,
339 1201 484 1241 fuisset
515 1215 540 1240 a
579 1200 749 1255 Calippo
790 1201 1075 1253 reprehensus,
1119 1206 1161 1240 et
1196 1201 1362 1252 proinde
1397 1202 1552 1242 orbium
1581 1200 1738 1242 Eudoxi
1778 1209 1964 1240 numerus

151 1266 193 1301 et
224 1261 320 1300 ordo
353 1265 545 1310 mutatus,
579 1261 690 1313 cujus
724 1260 965 1301 contrarium
991 1260 1165 1300 affirmat
1195 1260 1454 1301 Aristoteles.
1519 1260 1622 1302 Cum
1653 1261 1788 1313 itaque
1821 1257 1963 1309 Calip—

150 1333 224 1372 pus
258 1319 488 1371 diligentior
529 1333 607 1359 non
645 1321 815 1360 haberet
860 1321 964 1372 quod
990 1319 1060 1375 vhic
1093 1320 1131 1359 in
1162 1319 1331 1360 Eudoxo
1363 1320 1693 1372 reprehenderet,
1738 1331 1815 1359 non
1848 1318 1966 1358 decet

151 1392 236 1425 nos,
268 1379 436 1419 Eudoxo
469 1385 626 1419 tantam
657 1379 924 1431 ignorantiam
958 1379 1147 1420 tribuere.
1212 1379 1293 1419 Sed
1327 1380 1377 1420 ad
1398 1379 1608 1420 Eudoxum
1624 1379 1851 1420 redeamus.
1900 1374 1965 1432 Ex

152 1438 273 1478 tertio
307 1443 347 1478 et
379 1438 514 1491 quinto
554 1439 669 1489 orbe,
716 1439 907 1486 diximus,
947 1439 1116 1478 alterum
1157 1438 1362 1479 latitudini
1394 1439 1544 1480 servire
1584 1439 1749 1488 debere,
1795 1437 1965 1478 alterum

153 1497 507 1549 retrogradationi.
571 1497 689 1544 Quod
727 1499 854 1551 primo
894 1499 981 1538 loco
1020 1503 1215 1538 tenemus.
1285 1498 1442 1538 Deinde
1480 1511 1568 1538 cum
1605 1498 1793 1538 distincte
1830 1499 1966 1536 narret

152 1558 402 1597 Aristoteles
436 1557 484 1596 de
511 1557 637 1610 primo
672 1564 712 1598 et
744 1558 919 1598 secundo
952 1557 1067 1606 orbe,
1112 1557 1215 1610 quod
1246 1556 1282 1597 is
1315 1558 1496 1598 omnibus
1533 1557 1708 1611 planetis
1746 1553 1966 1596 communis

153 1616 228 1666 sit,
262 1617 311 1656 de
344 1616 464 1656 tertio
498 1630 591 1656 vero
630 1618 694 1657 vel
727 1623 868 1670 quarto
909 1615 934 1657 5
967 1617 1222 1668 planetarum
1260 1629 1339 1656 non
1372 1618 1566 1665 affirmet,
1609 1617 1846 1657 alterutrum
1877 1625 1964 1654 cum

153 1675 272 1716 tertio
312 1675 562 1716 luminarium
603 1689 693 1716 esse
729 1677 919 1724 eundem3
965 1676 1056 1716 hinc
1094 1681 1204 1716 recte
1245 1676 1427 1716 concludi
1467 1674 1674 1725 existimo,
1715 1674 1794 1716 etsi
1825 1674 1965 1714 horum

153 1735 349 1775 alteruter
390 1735 495 1774 idem
535 1748 624 1775 cum
666 1736 787 1775 tertio
821 1735 1069 1775 luminarium
1106 1735 1231 1775 habet
1275 1735 1447 1775 officium
1501 1735 1672 1776 vehendi
1707 1736 1904 1787 planetas
1925 1730 1964 1772 in

153 1794 416 1842 latitudinem,
450 1794 650 1846 positione
682 1801 816 1835 tamen
848 1795 1061 1847 plurimum
1093 1795 1266 1834 differre.
1330 1795 1467 1835 Tertio
1488 1794 1820 1835 considerandum
1851 1789 1965 1832 nobis

152 1859 229 1899 est,
264 1853 356 1905 quid
389 1866 439 1892 ex
472 1866 516 1892 eo
550 1860 754 1906 sequatur,
789 1854 893 1906 quod
924 1854 1070 1894 tertiae
1104 1854 1300 1906 sphaerae
1332 1854 1484 1906 polisin
1519 1853 1552 1903 ῼ
1586 1859 1628 1894 et
1658 1854 1687 1905 ζὲ
1718 1853 1799 1894 sint
1829 1851 1964 1892 iidem.

154 1912 254 1952 Cum
292 1912 415 1963 igitur
453 1912 562 1952 hisce
602 1914 754 1953 duobus
789 1926 992 1953 commune
1033 1913 1130 1953 nihil
1170 1912 1223 1952 sit
1256 1913 1314 1959 (in
1354 1913 1700 1965 usitata-quidem
1739 1912 1788 1952 de
1820 1909 1966 1952 mundo

153 1972 454 2022 conceptione),
497 1978 659 2023 praeter
692 1973 834 2013 lineam
867 1972 987 2012 medii
1020 1977 1171 2022 motus,
1216 1985 1317 2024 quae
1348 1985 1421 2023 per
1454 1977 1634 2012 centrum
1674 1970 1844 2025 epicycli
1876 1974 1965 2010 tra-

148 2030 308 2082 jicitur:
354 2031 527 2071 latitudo
567 2032 671 2071 enim
704 2032 865 2072 diversa
897 2037 980 2079 est,
1023 2031 1383 2083 retrogradationis
1423 2036 1465 2071 et
1495 2036 1654 2083 tempus
1686 2036 1729 2071 et
1759 2028 1966 2083 quantitas

152 2090 293 2129 itidem
324 2089 504 2129 diversa:
539 2092 719 2143 sequitur
750 2091 884 2143 igitur,
916 2090 1026 2130 tertii
1059 2091 1166 2130 orbis
1199 2091 1312 2143 polos
1344 2091 1518 2143 pendere
1545 2105 1570 2130 a
1601 2090 1706 2130 linea
1737 2087 1859 2130 medii
1877 2099 1966 2139 mo-

154 2156 232 2189 tus.
295 2149 350 2188 Et
383 2149 571 2201 amplius,
619 2163 707 2190 cum
749 2156 898 2190 certum
938 2150 992 2189 sit
1035 2150 1270 2190 latitudines
1313 2149 1344 2198 Q
1391 2155 1432 2190 et
1463 2151 1492 2201 ζξ
1535 2150 1575 2190 in
1609 2149 1778 2190 diversis
1810 2146 1967 2188 zodiaci

156 2208 252 2248 locis
284 2208 440 2260 perfici,
480 2222 552 2249 nec
585 2222 742 2261 semper
775 2209 997 2262 aequaliter
1029 2210 1079 2249 ab
1112 2210 1281 2250 invicem
1322 2209 1520 2268 removeri
1552 2206 1652 2249 haec
1684 2209 1792 2250 loca:
1834 2211 1966 2247 r'etro-

155 2268 405 2330 gradationis
437 2280 532 2308 velo
565 2268 603 2308 in
637 2275 802 2321 utroque
834 2269 1000 2321 planeta
1031 2269 1122 2309 loca
1153 2269 1286 2309 media
1319 2265 1476 2322 semper
1509 2281 1598 2309 esse
1625 2269 1857 2321 conjuncta·
1886 2278 1966 2314 gg,-

156 2327 287 2379 quitur
318 2316 452 2379 igi‘tur,
487 2329 648 2381 tertium
682 2329 815 2369 orbem
848 2328 1184 2380 retrogradationi
1210 2328 1374 2381 servire,
1388 2333 1598 2383 quartum
1611 2326 1827 2376 latitudini,
1863 2318 1986 2378 quod

157 2386 314 2442 quidem
356 2392 396 2426 et
432 2377 557 2426 ve1ba
591 2384 827 2428 Aristotelis
867 2401 945 2427 non
984 2388 1151 2428 obscure
1191 2377 1370 2435 innuunt.
1434 2387 1522 2427 Hoc
1561 2387 1620 2427 ita
1657 2392 1795 2427 tamen
1831 2395 1968 2424 verum
2026 2390 2028 2426 ἶ

157 2451 232 2495 est,
267 2451 310 2485 ut
343 2452 383 2485 et
416 2459 536 2498 supra
567 2447 605 2487 in
628 2447 744 2487 Luna
776 2448 869 2488 fuit:
905 2460 1046 2499 nempe
1079 2447 1223 2487 tertius
1243 2448 1368 2487 nodos
1389 2446 1548 2495 vehere,
1582 2450 1746 2499 quartus
1773 2449 1816 2484 et
1832 2449 1968 2484 retro·

155 2505 433 2555 gradationem
466 2511 507 2545 et
540 2507 791 2547 latitudinem
824 2506 905 2547 una
938 2507 1129 2547 beneficio
1162 2506 1272 2546 tertii
1308 2507 1465 2546 efficere
1491 2510 1641 2558 potest.
1705 2503 1860 2550 Quarto
1893 2502 1967 2542 de-

158 2564 272 2616 nique
307 2564 622 2615 consideremus,
666 2567 769 2618 quod
802 2567 976 2606 affirmat
1010 2565 1274 2611 Aristoteles,
1317 2566 1433 2618 polos
1472 2565 1581 2605 tertii
1621 2577 1711 2604 esse
1749 2564 1789 2604 in
1822 2560 1968 2601 circulo

157 2636 226 2674 per
257 2624 429 2664 medium
463 2624 677 2676 signorum.
741 2626 788 2665 Id
819 2626 1080 2665 multifariam
1112 2626 1195 2665 fieri
1227 2630 1380 2677 potest.
1443 2624 1530 2664 Aut
1549 2624 1655 2664 enim
1685 2621 1862 2676 oppositi
1886 2618 1970 2672 poli
2016 2619 2019 2621 ’

159 2684 196 2721 in
236 2684 431 2735 oppositis
470 2685 623 2724 zodiaci
665 2685 762 2724 locis
801 2691 1029 2732 cernentur,
1077 2697 1164 2724 cum
1202 2697 1258 2724 sc.
1292 2684 1418 2723 Terra
1454 2683 1492 2722 in
1527 2683 1644 2735 hujus
1672 2680 1794 2723 ‘tertii
1832 2683 1969 2720 centro

159 2747 244 2781 est:
281 2749 351 2783 aut
383 2749 548 2796 uterque
580 2744 763 2796 polorum
795 2744 832 2783 in
867 2745 1005 2783 eodem
1038 2743 1192 2783 zodiaci
1225 2743 1325 2790 loco,
1357 2755 1445 2782 cum
1477 2755 1534 2781 sc.
1556 2743 1680 2782 Terra
1700 2745 1816 2780 extra
1835 2738 1968 2779 orbem
2013 2760 2015 2762 -

160 2801 259 2840 hunc
293 2802 559 2852 constituitur,
594 2804 652 2843 ita
683 2809 728 2843 ut
759 2803 865 2843 orbis
899 2803 961 2842 hic
995 2803 1195 2857 epicyclus
1229 2802 1296 2851 sit,
1330 2806 1371 2842 et
1402 2802 1509 2842 linea
1541 2814 1591 2841 ex
1623 2800 1748 2840 Terra
1778 2811 1851 2851 per
1881 2796 1968 2850 epi-

161 2860 259 2911 cycli
305 2866 483 2902 centrum
522 2862 724 2902 coincidat
763 2875 850 2902 cum
900 2863 986 2914 ejus
1028 2875 1117 2903 axe.
1180 2862 1266 2901 Aut
1304 2860 1471 2912 denique
1517 2860 1604 2900 axis
1642 2859 1759 2911 hujus
1800 2854 1971 2910 epicycli

161 2920 373 2959 secundum
414 2921 621 2972 eclipticae
663 2922 947 2973 longitudinem
981 2921 1102 2971 situs,
1147 2927 1355 2972 utrumque
1393 2920 1528 2972 polum
1565 2919 1605 2958 in
1638 2918 1778 2958 vicinis
1815 2914 1969 2956 zodiaci

161 2976 256 3015 locis
300 2979 529 3020 constituet.
592 2981 767 3020 Primum
800 2982 1067 3021 Fracastoreo
1105 2982 1264 3032 placet,
1307 2979 1376 3018 sed
1411 2979 1460 3018 ob
1494 2991 1639 3018 causas
1678 2989 1800 3030 supra
1837 2975 1986 3022 dictas

161 3047 249 3074 esse
284 3051 356 3076 non
391 3046 539 3089 potest.
602 3041 706 3078 Nam
752 3041 946 3090 ejusmodi
985 3040 1092 3080 orbis
1131 3052 1207 3080 non
1247 3045 1312 3078 est
1348 3037 1406 3078 ita
1438 3042 1712 3090 comparatus,
1752 3041 1797 3076 ut
1836 3039 1999 3075 retro-¹

161 3095 436 3145 gradationem
470 3097 626 3138 efficere
665 3099 808 3150 possit.
873 3098 1117 3148 Secundum,
1162 3098 1196 3138 si
1226 3097 1350 3138 verba
1386 3097 1568 3151 praecise
1605 3107 1838 3149 urgeamus,
1880 3102 1970 3133 esse
