2028 3242
203 130 219 171 1
230 130 286 172 70
887 131 1036 172 Mysterii
1062 130 1328 174 Cosmogtaphici

196 241 502 287 θαφαιρεσεως,
550 242 736 276 correcta
781 237 897 275 modo
943 236 1157 284 distantia,
1203 237 1433 278 existiment
1477 238 1696 279 astronomi
1741 238 1815 280 sibi
1858 239 2013 280 abunde

201 296 470 336 satisfactum.

317 355 362 394 In
384 354 486 394 Jove
518 353 616 394 nihil
643 353 734 405 jure
767 354 988 394 desiderari
1020 360 1168 407 potest.
1233 355 1338 395 Nam
1371 355 1557 407 exiguam
1578 355 1702 396 habet
1733 357 2011 406 differentiam,

201 419 322 467 atque
354 413 545 454 minorem
577 418 764 453 sextante
797 414 960 465 gradus.
1765 412 1775 416 “
1842 430 1847 435 «

316 471 434 519 Quod
478 476 609 512 autem
655 471 776 512 etiam
814 471 853 512 in
886 472 1020 513 Marte
1067 472 1245 512 semissis
1285 450 1432 525 gradus
1476 472 1676 521 abundat,
1719 472 1816 515 nihil
1859 474 2026 528 mirum„

197 546 268 573 nec
300 545 362 572 me
396 537 556 571 movet:
591 536 727 571 movet
758 531 798 571 id
830 531 976 583 potius,
1011 532 1203 584 majorem
1235 545 1310 572 non
1345 545 1435 572 esse
1465 532 1757 573 diversitatem.
1820 533 2013 575 Testatur

198 592 301 631 enim
333 591 370 631 in
403 591 654 643 praefatione
685 590 963 642 Ephemeridis
996 591 1046 630 ad
1081 604 1225 631 annum
1262 589 1370 633 1577
1404 592 1669 632 Maestlinus:
1719 592 1864 633 sideris
1894 593 2012 645 hujus

196 663 353 691 errores
385 664 409 690 a
441 650 593 690 calculo
626 649 733 689 intra
765 650 928 690 duorum
962 650 1155 702 graduum
1189 651 1399 702 angustias
1433 650 1521 703 cogi
1554 664 1630 691 non
1663 664 1798 704 posse.

311 709 404 749 Jam
444 709 494 748 ad
532 708 741 748 inferiores
776 708 807 755 ῼ
848 714 890 749 et
920 711 949 759 ζὲ
993 709 1097 761 quod
1139 709 1307 757 attinet,
1353 709 1429 749 etsi
1473 722 1569 762 prae
1602 709 1873 762 superioribus
1905 723 2011 751 non-

196 769 293 808 nihil
326 767 623 808 commoditatis
656 768 804 807 habere
835 769 1043 816 videntur,
1082 774 1299 819 propterea
1331 769 1435 822 quod
1467 782 1519 808 ex
1549 769 1804 822 elongatione
1836 770 2013 811 maxima

198 827 355 867 facilius
389 832 472 875 est,
513 840 631 879 quam
665 840 714 866 ex
745 826 955 880 ἀκρονυχιᾳ
987 827 1287 876 observatione,
1327 828 1502 880 ipsorum
1534 829 1652 868 orbes
1685 827 1878 879 dimetiri,
1922 829 2013 881 ipsa

196 891 331 926 tamen
366 886 605 926 observandi
638 885 705 925 via
742 885 836 925 mihi
860 886 1070 938 vsuspecta
1103 891 1178 926 est.
1244 885 1438 933 Quamvis
1477 887 1625 928 rectius
1664 888 1906 928 astronomis
1936 889 2011 928 hoc

197 946 490 986 aestimandum
521 944 721 996 relinquo:
764 958 904 997 nempe
937 950 1068 985 utrum
1101 958 1175 985 non
1209 946 1248 985 in
1281 946 1343 986 his
1373 946 1551 998 planetis
1583 959 1775 998 vaporum
1808 947 2008 988 densitate

196 1010 235 1044 et
268 1005 435 1059 physica
466 1004 682 1056 parallaxi,
717 1017 832 1056 quam
866 1016 937 1043 nee
971 1003 1041 1044 Sol
1075 1017 1146 1044 nec
1179 1005 1296 1045 Luna
1328 1005 1486 1055 effugit,
1520 1005 1719 1046 interdum
1751 1005 2006 1054 fallantur-⁵).

197 1063 319 1104 Certe
363 1063 604 1103 Maestlinus
643 1061 682 1102 in
723 1063 1007 1115 Disputatione
1052 1064 1100 1102 de
1145 1063 1396 1116 Echpsibus,
1419 1060 1476 1112 Η)
1508 1064 1612 1104 thesi
1651 1063 1722 1106 58.
1765 1065 1814 1105 de
1847 1065 2007 1106 Venere

195 1123 386 1171 affirmat,
423 1123 526 1175 quod
558 1135 633 1162 non
666 1135 756 1162 raro
789 1123 879 1162 visa
912 1123 1032 1162 fuerit
1063 1122 1150 1174 ejus
1184 1137 1207 1162 a
1239 1123 1334 1163 Sole
1375 1136 1499 1176 prope
1530 1123 1780 1164 horizontem
1811 1124 2009 1165 distantia

195 1182 429 1222 notabiliter
460 1181 588 1221 minor
619 1194 728 1221 vera.
793 1181 957 1228 Quanto
978 1182 1107 1233 magis
1140 1181 1180 1221 id
1213 1182 1260 1222 de
1287 1182 1487 1223 Mercurio
1520 1182 1598 1223 dici
1628 1182 1791 1235 poterit,
1825 1184 1891 1237 qui
1923 1183 2007 1225 fere

196 1253 354 1293 semper
387 1241 459 1280 sub
482 1240 589 1281 Solis
621 1241 745 1280 radiis
779 1246 860 1289 est,
897 1247 937 1280 et
970 1241 1150 1293 quamvis
1183 1241 1380 1282 interdum
1411 1247 1605 1294 emergat,
1639 1254 1839 1295 nunquam
1873 1247 2008 1283 tamen

194 1301 269 1340 nisi
302 1313 425 1353 prope
458 1300 705 1340 horizontem
743 1313 814 1352 per
847 1300 1101 1352 interjectam
1133 1301 1432 1341 exhalationum
1466 1302 1619 1354 copiam
1661 1307 1798 1351 nostro
1830 1314 1874 1341 se
1904 1302 2007 1342 visui

193 1364 439 1412 praesentat.
501 1359 557 1399 Et
588 1360 770 1411 quamvis
806 1359 1236 1411 Venerivopitulentur
1267 1360 1370 1400 fixae
1398 1353 1523 1400 ‘simul
1563 1366 1605 1400 et
1646 1373 1769 1412 prope
1803 1373 2004 1413 apparen-

194 1425 284 1468 tes,
317 1419 540 1459 Mercurius
579 1424 715 1458 tamen
754 1418 1001 1471 frequentius
1042 1419 1081 1458 in
1115 1419 1233 1470 culpa
1264 1425 1417 1468 manet,
1467 1419 1531 1473 qui
1568 1419 1653 1472 ipse
1698 1428 1788 1459 raro
1820 1419 2007 1469 cernitur,

196 1483 237 1517 et
277 1478 405 1518 rarius
447 1478 550 1518 fixae
588 1489 712 1529 prope
751 1478 893 1529 ipsum.
958 1476 1136 1529 Cumque
1182 1478 1282 1518 haec
1314 1478 1432 1518 hodie
1465 1479 1676 1528 accidant,
1721 1476 1912 1525 credibile
1945 1483 2010 1519 est

198 1541 239 1577 et
269 1537 474 1576 veteribus
508 1537 820 1589 quantiscunque
860 1536 1079 1576 artificibus
1113 1537 1296 1577 accidere
1341 1537 1533 1588 potuisse.
1595 1538 1701 1578 Nam
1732 1538 1836 1590 quod
1878 1538 2007 1578 lecto-

198 1609 282 1636 rem
315 1595 363 1635 de
397 1608 443 1635 eo
475 1609 551 1636 non
585 1602 759 1644 monent,
792 1595 832 1635 id
864 1596 990 1647 ipsum
1024 1595 1290 1647 suspicionem
1324 1597 1371 1636 de
1405 1597 1543 1640 horum
1565 1597 1820 1649 planetarum
1849 1597 2007 1637 dimen-

198 1654 373 1695 sionibus
404 1654 563 1694 vitiosis
597 1660 730 1707 auget.
792 1655 879 1694 Hoc
912 1654 1016 1694 enim
1048 1654 1192 1695 iudicio
1226 1661 1307 1704 est,
1350 1668 1422 1695 nec
1456 1656 1775 1696 animadversum
1806 1655 1904 1708 ipsis
1938 1669 2008 1696 nec

198 1719 419 1754 correctum
461 1727 570 1762 esse,
617 1714 652 1753 si
692 1714 784 1766 quid
830 1727 878 1754 ex
911 1726 956 1753 eo
990 1714 1075 1753 vitii
1120 1714 1290 1754 exstitit.
1361 1713 1498 1760 Quare
1540 1716 1579 1756 in
1620 1715 1790 1755 lectione
1827 1720 2007 1756 veterum

198 1773 391 1825 imprimis
424 1773 686 1825 spectandum
719 1787 809 1813 esse
841 1778 951 1825 puto,
984 1778 1115 1813 utrum
1148 1774 1392 1825 singularum
1413 1774 1749 1823 observationum,
1783 1787 1884 1827 quae
1905 1774 2007 1814 alle-

197 1839 355 1883 gantur,
387 1832 654 1872 instrumenta
687 1837 728 1872 et
760 1833 867 1871 modi
899 1832 987 1872 huic
1021 1833 1147 1872 errori
1179 1833 1337 1872 obnoxii
1371 1846 1461 1873 esse
1493 1833 1711 1886 potuerint.

313 1891 467 1930 Deinde
500 1903 577 1930 non
610 1891 754 1943 injuria
785 1898 940 1938 metuo,
985 1898 1028 1930 ut
1059 1893 1185 1931 multa
1219 1893 1346 1932 adhuc
1380 1892 1417 1932 in
1449 1893 1604 1933 ratione
1636 1892 1914 1946 hypothesium
1945 1892 2007 1933 his

196 1949 349 1989 duobus
394 1950 568 2000 planetis
611 1950 755 1989 relicta
798 1950 952 1989 incerta
994 1949 1087 1989 sint.
1153 1950 1400 2002 Copei‘nicus
1444 1952 1509 1999 (ut
1552 1948 1755 2003 colligitur
1797 1964 1857 1991 ex·
1887 1951 2006 1991 modo

196 2007 332 2061 posita
362 2008 537 2054 Rhetici,
569 2014 610 2048 et
641 2009 745 2049 infra
777 2021 825 2047 ex
851 2009 1065 2058 Maestlini¹
1091 2009 1282 2060 epistola)
1313 2010 1403 2061 plus
1435 2011 1658 2050 Ptolemaei
1690 2010 1854 2062 placita,
1890 2020 2007 2062 quam

197 2067 518 2107 observationum
558 2068 841 2107 necessitatem
881 2073 1041 2107 secutus
1083 2075 1145 2107 est
1187 2068 1224 2107 in
1260 2069 1516 2109 emendandis
1559 2069 1785 2108 inferiorum
1825 2069 2006 2108 theoriis.

199 2125 288 2171 Qua
319 2126 357 2165 in
391 2139 432 2166 re
466 2139 541 2178 quo
574 2126 702 2166 minus
733 2126 971 2177 reprehendi
1001 2132 1153 2178 posset,
1187 2127 1383 2167 Rheticus
1415 2128 1453 2167 in
1489 2141 1562 2167 sua
1593 2128 1820 2175 narratione
1853 2128 2005 2168 effecit:

196 2185 261 2224 ubi
306 2190 458 2233 monet,
505 2185 809 2236 religiosissime
852 2191 1029 2225 veterum
1074 2186 1260 2238 vestigiis
1306 2187 1590 2227 inhaerendum
1633 2200 1705 2227 nec
1750 2187 1867 2240 facile
1914 2186 2005 2238 quid

196 2245 445 2292 mutandum,
493 2245 616 2283 donec
658 2244 983 2284 observationum
1028 2250 1207 2284 extrema
1243 2246 1468 2286 necessitas
1506 2252 1662 2298 urgeat.
1727 2244 1845 2292 Quod
1883 2245 2007 2297 igitur

196 2303 296 2347 adeo
330 2303 552 2356 exquisitae
585 2303 887 2342 observationes
922 2303 1057 2343 haberi
1091 2316 1164 2343 non
1198 2310 1383 2356 possent,
1427 2318 1475 2345 ea
1507 2305 1680 2348 fortasse
1725 2303 1825 2344 satis
1858 2316 2007 2356 magna

196 2375 320 2402 causa
359 2362 431 2402 fuit
464 2362 604 2402 artifici
636 2362 967 2413 prudentissimo,
1012 2368 1174 2414 praeter
1212 2364 1621 2404 accommodationem
1661 2363 1816 2403 ad‘sua
1854 2357 2007 2415 placita

191 2421 293 2468 ,nihil
325 2421 490 2461 ulterius
522 2421 562 2460 in
594 2423 779 2473 planetas
812 2422 931 2461 hosce
964 2422 1158 2462 tentandi.

313 2478 430 2525 Quod
469 2481 591 2532 igitur
633 2480 670 2520 in
710 2481 869 2520 Venere
915 2493 1100 2532 magnam
1130 2482 1244 2521 vides
1277 2494 1437 2521 arcuum
1478 2482 1767 2527 diversitatem,
1815 2480 1901 2531 ejus
1946 2479 2006 2520 rei

195 2539 352 2590 culpam
388 2539 493 2579 inter
531 2544 685 2588 cetera,
731 2552 831 2591 quae
863 2539 901 2578 in
935 2552 1079 2591 genere
1111 2541 1324 2591 praemisi,
1366 2542 1488 2592 (quae
1531 2546 1572 2580 te
1609 2540 1732 2592 probe
1778 2539 2006 2579 meminisse

193 2598 356 2646 velim),
399 2598 519 2638 etiam
551 2598 590 2638 in
628 2598 726 2638 haee
765 2599 880 2638 modo
920 2600 1099 2651 allegata
1137 2600 1376 2639 offendicula
1413 2600 1567 2647 confer3
1613 2604 1655 2638 et
1691 2598 2007 2649 magnitudinem

197 2656 418 2696 discordiae
454 2658 765 2710 aequianmitate
797 2663 889 2705 tua,
932 2658 966 2697 si
999 2659 1098 2698 bene
1133 2659 1291 2710 singula
1322 2657 1588 2710 perpendisti,
1629 2657 1748 2697 facile
1781 2656 2003 2708 superabis.
2027 2697 2028 2702 ,

195 2714 286 2760 Qua
317 2716 356 2755 in
389 2729 431 2756 re
464 2729 607 2768 magno
641 2716 714 2756 tibi
748 2716 893 2756 solatio
927 2717 1021 2764 erit,
1069 2717 1174 2769 quod
1206 2730 1391 2757 numerus
1427 2715 1726 2768 Cepernicanus
1758 2715 1911 2756 medius
1943 2721 2028 2757 est

196 2774 298 2814 inter
330 2788 446 2815 arcus
481 2789 529 2815 ex
559 2775 802 2827 interposita
840 2781 880 2815 et
919 2789 968 2815 ex
1000 2776 1148 2816 omissa
1181 2776 1296 2816 Luna
1333 2775 1590 2827 prodeuntes.
1652 2775 1757 2815 Nam
1799 2774 1832 2814 si
1871 2756 2028 2824 orbeml

196 2845 381 2884 magnum
414 2839 633 2888 systemate
667 2835 804 2874 Lunae
838 2835 1010 2875 farcias:
1047 2834 1283 2875 icosaedron
1306 2835 1505 2874 Venerem
1538 2833 1693 2885 longius
1726 2847 1750 2872 a
1782 2833 1908 2873 Terra
1939 2833 2004 2873 di-

194 2897 328 2931 movet
359 2898 478 2944 atque
511 2892 756 2944 Copernicus
789 2894 987 2945 prodidit:
1023 2894 1083 2934 sin
1117 2899 1279 2933 exemta
1299 2894 1413 2933 Luna
1445 2892 1663 2932 tenuiorem
1692 2892 1844 2931 efficias
1871 2893 2004 2932 orbem

196 2962 401 3000 magnum,
435 2952 561 3002 figura
593 2952 795 2992 Venerem
827 2952 985 2992 nimium
1018 2965 1139 3004 prope
1173 2952 1368 2999 admittit,
1401 2952 1682 3003 majoremque,
1723 2963 1838 3003 quam
1872 2955 1936 2991 est
1966 2949 2003 2990 in

197 3006 430 3058 Copernico,
465 3023 553 3049 esse
586 3011 749 3062 patitur.
815 3010 949 3057 Quare
989 3011 1137 3063 aliquid
1170 3011 1299 3050 miuus
1331 3011 1446 3049 Luna
1478 3023 1559 3049 reni
1587 3010 1730 3061 juvare
1761 3010 1929 3061 poterit,
1971 3007 2004 3049 si

196 3067 390 3106 tenendus
424 3066 669 3117 Cepernicus
703 3076 778 3110 est.

313 3125 372 3163 De
404 3126 601 3166 Mercurio
633 3140 727 3166 vero
761 3134 915 3167 tantum
943 3128 1030 3179 jam
1063 3128 1210 3167 dictum
1246 3132 1325 3174 est,
1369 3126 1523 3179 dicique
1558 3126 1727 3178 amplius
1759 3131 1914 3177 potest,
1961 3130 2005 3165 ut
