1982 3268
73 45 156 90 104
789 42 939 84 Epistola
964 41 1169 74 dedicatoria

71 157 243 200 dernae,
274 153 364 192 hinc
396 150 688 203 provincia-rum
721 147 1087 199 circumjacentium
1117 150 1340 198 respectus.
1393 145 1508 187 Illinc
1533 157 1702 198 namque
1733 144 1882 185 multos

71 228 92 255 e
123 212 335 253 nobilitate
355 210 553 258 videbam,
576 208 640 260 qui
666 220 728 247 me
759 207 823 246 vel
858 206 1044 246 audivere
1078 206 1297 254 docentem,
1331 206 1394 245 vel
1427 204 1622 245 communi
1649 217 1789 245 mensa
1813 211 1883 244 aut

71 270 328 314 contubernio
359 282 447 308 meo
479 268 540 308 usi
571 280 632 307 me
666 266 826 319 propius
858 270 1152 316 cognoverunt,
1193 261 1318 317 exque
1352 277 1398 304 eo
1425 270 1603 316 tempore
1636 263 1893 304 benevolenae

69 333 169 373 tiam
213 344 237 369 a
279 328 461 383 patribus
504 327 544 367 in
590 340 633 366 se
678 326 903 366 derivatam
946 336 1042 375 erga
1078 336 1139 363 me
1181 328 1446 371 conservant,
1480 323 1696 375 quibusque
1730 322 1884 374 pollent

71 389 210 443 copiis,
244 389 531 435 demonstrant,
567 386 775 438 diguitatis
808 389 849 424 et
869 383 1025 436 gratiae
1047 382 1272 423 Caesareae
1295 383 1466 423 fructum
1486 395 1557 435 per
1581 382 1882 422 beneficentiam

71 450 302 501 exigentes:
349 460 421 487 nec
465 447 610 486 desunt
655 458 704 484 ex
748 443 1111 484 ecclesiasticorum
1155 455 1335 492 numero,
1371 442 1544 494 quinon
1577 441 1726 488 minus,
1766 453 1882 494 quam

71 514 352 549 antecessores
386 506 466 555 sui,
501 510 542 544 et
573 511 682 544 artes
714 502 1022 542 mathematicas
1055 507 1097 541 et
1128 515 1189 541 me
1222 503 1414 541 cultorem
1446 505 1608 549 amant,
1653 513 1794 552 meque
1833 500 1884 539 ad

72 581 115 608 se
147 566 394 614 invisendos,
428 564 463 604 si
494 564 635 604 turbae
669 562 1009 614 conquievissent‚
1043 561 1091 600 de
1122 561 1342 613 propinquo
1375 574 1417 600 se
1451 564 1687 601 evocaturos
1720 560 1882 600 nuntia-

72 631 176 667 runt.
240 624 414 675 Dignum
457 623 580 675 igitur
622 626 711 662 erat
748 634 837 661 mea
867 621 906 660 in
941 625 1130 672 utrosque
1162 620 1429 671 gratitudine,
1474 625 1519 660 ut
1551 619 1692 671 quibus
1723 631 1883 672 possem

33 705 35 709 ¹
72 684 221 726 mutuis
253 683 394 723 officiis
426 688 562 722 tantos
596 682 773 721 fautores
806 680 1063 731 percolerem‚
1096 679 1342 731 ampliusque
1377 678 1570 719 demereri
1601 678 1817 719 studerem.

39 733 49 744 μ
191 743 294 783 Hinc
327 755 421 781 vero
454 754 503 780 ex
532 746 646 792 parte
667 739 859 780 Austriae
886 739 1073 791 pavidam
1101 738 1377 790 imbellemque
1399 735 1686 778 astronomiam
1711 737 1882 778 circum-

74 802 228 844 stantia
260 801 457 853 pericula,
493 804 688 847 terrores,
724 799 990 845 calamitates,
1028 810 1242 837 aerumnae.
1276 797 1441 837 subinde
1475 797 1690 837 admonent
1722 797 1770 836 de
1803 796 1883 837 cir-

75 860 380 914 cumspiciendis
414 859 586 899 auxiliis.
652 858 857 898 Transivit
900 858 970 897 illa
1003 871 1039 896 a.
1072 854 1184 898 1600
1229 870 1250 896 e
1290 851 1437 910 Styria'
1465 856 1506 897 in
1537 856 1799 905 Bohemiam,
1845 860 1890 896 ut

76 933 178 974 quae
211 920 283 960 sub
315 918 559 959 Austriacae
593 918 732 957 domus
777 918 918 957 umbra
949 917 1100 969 primas
1132 917 1287 956 radices
1320 921 1483 967 egerat,
1527 916 1668 955 eadem
1709 915 1782 956 sub
1818 915 1890 955 illa

77 986 119 1020 et
150 984 453 1019 maturesceret.
519 977 578 1016 Ibi
625 978 733 1017 varie
772 978 933 1029 jactata
965 991 989 1016 a
1021 975 1331 1028 tempestatibus
1362 975 1574 1023 bellorum,
1610 980 1692 1015 tam
1724 975 1889 1016 intesti-

75 1051 214 1080 norum
248 1051 365 1091 quam
404 1042 680 1084 externorum,
724 1037 885 1076 tandem
923 1042 1018 1088 post
1062 1049 1270 1076 excessum
1310 1035 1512 1088 Rudolphi
1553 1033 1807 1087 imperatoris
1851 1048 1888 1074 a.

80 1097 192 1140 1612
225 1098 426 1138 constanti
460 1098 598 1136 domus
631 1097 873 1136 Austriacae
913 1096 1044 1135 studio
1083 1096 1252 1135 recurrit
1296 1096 1334 1135 in
1367 1094 1604 1135 Austriam:
1638 1094 1705 1134 ubi
1738 1093 1891 1134 utinam

78 1171 195 1211 quam
227 1158 397 1209 benigne
430 1162 599 1207 excepta
633 1162 673 1196 et
707 1156 810 1204 fota,
846 1161 928 1195 tam
960 1156 1141 1207 impensa
1172 1167 1455 1206 generosarum
1494 1153 1682 1194 mentium
1715 1149 1888 1205 Occupa-

77 1218 185 1258 tione
219 1218 315 1263 (non
347 1217 476 1256 minus
510 1221 629 1267 atque
663 1229 686 1254 a
718 1228 780 1254 me
813 1216 896 1267 ejus
928 1215 1219 1261 instauratore)
1258 1213 1407 1267 percoli
1443 1212 1656 1265 potuisset.
1726 1213 1889 1260 Verum,

78 1277 200 1324 eheu,
249 1275 409 1328 quantis
443 1288 532 1314 sese
565 1280 701 1314 mutuo
734 1275 847 1314 bonis
881 1281 1030 1313 exuunt
1061 1274 1253 1313 mortales
1285 1272 1420 1312 miseri
1463 1285 1535 1325 per
1576 1272 1751 1312 scabiem
1792 1284 1891 1311 con-

77 1336 299 1376 tentionum
330 1334 637 1386 turpissimam?
718 1333 848 1380 Quam
884 1333 1105 1385 profunda,
1148 1334 1205 1373 sic-
1250 1332 1439 1380 meritos,
1485 1331 1616 1371 obruit
1664 1330 1893 1382 ignorantia

79 1395 184 1434 fati?
247 1392 378 1440 Quam
410 1393 659 1433 lamentabili
704 1393 870 1432 consilio
911 1393 1071 1444 „ignem
1117 1393 1208 1432 dum
1247 1391 1444 1444 fugimus,
1476 1389 1892 1442 mediosminc-urr'imus

78 1453 244 1506 ignes?“
275 1453 445 1496 *Utinam
475 1465 570 1492 vero
604 1453 845 1497 etiamnunc,
877 1457 972 1504 post
1003 1457 1257 1492 consecutam
1294 1463 1425 1490 rerum
1457 1448 1761 1490 Austriacarum
1793 1461 1893 1490 con-

77 1513 315 1560 versionem,
348 1511 458 1550 locus
492 1512 667 1563 supersit
698 1511 756 1551 illi
778 1511 958 1550 Platonis
992 1511 1165 1558 oraculo,
1201 1509 1278 1562 qui,
1313 1522 1400 1549 cum
1433 1507 1584 1548 Gracia
1617 1509 1732 1560 longo
1765 1513 1807 1548 et
1832 1507 1892 1547 ci-

79 1572 150 1611 vili
181 1571 287 1610 bello
321 1571 482 1610 arderet
512 1571 708 1622 undique,
742 1570 937 1621 malisque
970 1574 1184 1609 vexaretur
1216 1569 1421 1617 omnibus,
1463 1581 1563 1620 quae
1597 1567 1713 1607 civile
1745 1567 1892 1607 bellum

81 1629 264 1670 comitari
297 1630 446 1674 solent,
481 1630 688 1669 consultus
722 1642 840 1680 super
870 1629 1121 1679 problemate
1161 1627 1347 1672 Deliaco,
1381 1627 1563 1679 quaesito
1596 1631 1808 1680 praetextu
1841 1625 1894 1666 ad

81 1688 332 1741 suggerenda
362 1688 519 1740 populis
552 1688 719 1728 consilia
751 1688 970 1736 salutaria,
1016 1688 1074 1727 ita
1118 1688 1273 1727 demum
1311 1686 1568 1738 tranquillam
1609 1698 1659 1725 ex
1689 1685 1892 1737 Apollinis

81 1747 283 1788 sententia
316 1746 532 1787 Graeciam
564 1748 735 1787 futuram
760 1747 988 1799 respondit,
1023 1747 1057 1786 si
1089 1760 1131 1786 se
1171 1747 1220 1785 ad
1254 1745 1517 1798 geometriam
1556 1750 1768 1797 ceteraque
1800 1744 1893 1796 phi-

80 1806 287 1858 losophica
319 1806 453 1846 studia
486 1805 633 1846 Graeci
666 1806 984 1846 convertissent:
1020 1806 1112 1858 quia
1143 1805 1242 1844 haec
1270 1805 1403 1845 studia
1424 1804 1578 1844 animos
1605 1804 1655 1844 ab
1675 1803 1892 1844 ambitione

82 1871 124 1905 et
152 1865 315 1917 reliquis
348 1866 652 1918 cupiditatibus,
694 1878 743 1904 ex
776 1865 916 1917 quibus
947 1865 1054 1904 bella
1088 1870 1129 1904 et
1160 1869 1296 1904 cetera
1328 1864 1436 1903 mala
1467 1863 1663 1912 existunt,
1692 1863 1742 1903 ad
1777 1875 1892 1902 amo-

81 1937 165 1965 rem
195 1924 306 1976 pacis
339 1929 380 1963 et
412 1924 725 1964 moderationem
750 1924 790 1964 in
824 1924 1004 1964 omnibus
1035 1923 1154 1963 rebus
1189 1923 1446 1962 adducerent.

201 1983 366 2024 Utinam
400 1983 567 2034 denique
595 1984 681 2034 jam
714 1983 939 2035 suppressis
985 1982 1105 2022 armis
1144 1987 1301 2021 tantum
1334 1983 1449 2021 detur
1480 1981 1726 2021 induciarum
1759 1993 1784 2019 a
1815 1979 1893 2019 mi—

26 2094 29 2096 ·
85 2042 227 2091 seriis,
273 2047 318 2082 ut
361 2042 459 2082 viris
503 2042 617 2081 bonis
660 2047 802 2089 vacet,
850 2042 977 2082 simile
1012 2041 1214 2094 quippiam
1247 2040 1564 2081 ciceroniani
1602 2039 1706 2079 illius
1740 2038 1895 2079 consilii

85 2100 354 2149 comminisci,
391 2101 480 2152 qui,
513 2114 655 2140 eversa
679 2101 884 2153 republica
910 2101 1113 2149 Romana,
1148 2113 1235 2139 cum
1269 2104 1378 2139 esset
1398 2099 1467 2138 vix
1492 2097 1747 2138 consolabilis
1768 2098 1894 2145 dolor,

22 2168 26 2199 j
85 2161 124 2200 in
163 2164 281 2199 tanta
325 2160 496 2199 omnium
539 2173 669 2199 rerum
708 2159 921 2200 amissione
962 2166 999 2199 et
1046 2159 1325 2211 desperatione
1363 2158 1647 2210 recuperandi,
1683 2162 1897 2209 postquam

84 2218 157 2259 illi·
176 2218 266 2262 arti,
301 2219 362 2258 cui
395 2219 617 2267 studuerat,
652 2219 749 2259 nihil
782 2232 871 2258 esse
904 2219 995 2266 loci,
1030 2232 1157 2271 neque
1190 2218 1228 2257 in
1262 2217 1371 2257 curia
1403 2230 1530 2269 neque
1562 2217 1602 2256 in
1634 2217 1734 2265 foro,
1765 2215 1895 2255 vidit:

87 2290 242 2317 omnem
274 2290 387 2316 suam
420 2291 553 2317 curam
586 2284 703 2330 atque
737 2291 899 2330 operam
943 2279 994 2317 ad
1031 2277 1324 2330 philosophiam
1363 2277 1556 2324 contulit,
1602 2288 1767 2316 monens
1800 2273 1897 2315 Sul-

85 2336 227 2388 pitium
260 2349 383 2384 suum,
418 2337 455 2376 in
489 2337 631 2376 iisdem
663 2337 815 2377 versari
847 2337 979 2385 rebus,
1015 2351 1133 2389 quae,
1169 2337 1326 2376 etiamsi
1359 2336 1488 2376 minus
1520 2335 1772 2388 pro'dess‘eut,
1805 2333 1896 2374 ani-

85 2408 190 2435 mum
221 2400 356 2434 tamen
390 2409 414 2435 a
445 2396 712 2436 sollicitudine
747 2396 991 2436 abducerent
1023 2409 1123 2448 aque
1156 2395 1352 2435 molestiis
1385 2396 1580 2435 levarent.

205 2453 359 2500 Quibus
390 2455 495 2494 votis
529 2455 563 2494 si
595 2455 704 2495 Deus
739 2460 901 2503 annuat,
934 2468 1009 2495 non
1044 2455 1225 2507 equidem
1259 2454 1442 2505 indignas
1474 2453 1632 2493 homine
1666 2450 1897 2502 Christiano

86 2513 330 2564 voluptates,
366 2526 639 2554 aerumnarum
673 2514 832 2561 solatia,
866 2514 1146 2554 mathematice
1180 2527 1269 2553 mea
1301 2514 1364 2553 vel
1398 2526 1447 2553 ex
1478 2509 1756 2553 astronomicis
1776 2522 1896 2550 exer-

87 2571 206 2621 citiis,
240 2572 304 2612 vel
331 2585 381 2611 ex
401 2573 735 2625 contemplatione
757 2573 976 2614 divinorum
997 2586 1172 2626 operum,
1195 2586 1320 2625 exque
1341 2571 1580 2622 Harmonice
1600 2569 1739 2610 Mundi
1761 2568 1898 2617 (fatali

87 2631 158 2670 illa
191 2631 469 2683 occupatione,
507 2632 545 2671 in
580 2633 801 2672 durissimis
835 2633 966 2672 exacti
998 2632 1147 2672 biennii
1180 2632 1462 2680 dissonantiis)
1499 2641 1721 2683 proponere
1742 2632 1898 2680 *parata

89 2702 246 2741 semper
278 2690 367 2729 erit.
431 2691 490 2730 At
522 2691 614 2743 quia
645 2692 682 2731 in
716 2692 755 2731 id
788 2697 851 2731 est
883 2692 1043 2743 incepta
1074 2692 1174 2731 haec
1203 2691 1411 2743 occupatio
1439 2688 1719 2735 astronomica,
1739 2691 1785 2727 ut
1802 2699 1898 2738 per-

88 2748 261 2787 ficiatur:
297 2749 388 2800 quid
420 2749 541 2801 igitur
572 2751 646 2790 hoc
666 2750 857 2790 Austriae
891 2756 1002 2791 statu
1035 2750 1386 2790 calamitosissimo
1417 2749 1551 2801 potius
1577 2751 1688 2799 agat,
1717 2758 1834 2798 quam
1853 2749 1899 2786 ut

88 2805 304 2856 praesidia,
338 2807 479 2858 quibus
511 2809 599 2860 ipsa
631 2809 795 2861 indiget,
819 2809 869 2849 ad
891 2822 1013 2861 opera
1032 2810 1137 2849 inter
1156 2809 1332 2848 homines
1358 2808 1571 2860 vulganda,
1606 2806 1734 2857 adque
1753 2816 1898 2844 nomen

89 2863 304 2913 Rudolphi,
340 2866 503 2906 Tabulis
535 2868 742 2919 perpetuis
775 2869 1046 2915 asserendum,
1080 2868 1229 2920 pudore
1263 2868 1452 2914 cohibita,
1480 2879 1529 2906 ne
1562 2866 1612 2905 ab
1644 2863 1807 2904 afflictis
1833 2862 1899 2902 vel

92 2921 317 2974 lugentibus
350 2926 480 2963 omnia
510 2931 637 2976 petat,
670 2926 804 2978 potius
838 2927 926 2966 inde
960 2931 1158 2979 corroget,
1193 2938 1379 2978 quorsum
1411 2926 1548 2966 clades
1567 2924 1683 2971 istae,
1713 2932 1899 2974 quorsum

93 2979 361 3032 prodigiorum
394 2984 625 3023 coelestium
658 2986 908 3036 expiationes
940 2984 1269 3025 horribilissimae
1314 2998 1390 3024 non
1429 2984 1696 3036 pertigerunt,
1731 2979 1897 3032 denique

96 3039 148 3079 ad
179 3038 369 3093 pristinos
400 3046 603 3092 patronos,
638 3044 687 3082 ad
720 3056 815 3096 quos
837 3044 998 3084 dimidio
1019 3045 1107 3084 viae
1122 3044 1209 3097 jam
1230 3056 1331 3083 anno
1357 3041 1467 3084 1612
1494 3041 1896 3097 appropinquaverat,
