2028 3242
762 61 973 104 Amatam
995 60 1195 96 manshun.
1795 56 1883 107 423

816 167 990 208 Tbesis
1019 165 1140 209 XIX

181 190 345 266 Tertia
371 237 497 267 causa
525 224 842 278 praedictionum
870 225 1040 281 physica
1067 229 1134 269 est
1151 222 1391 277 reliquorum
1420 222 1739 275 planetarum
1768 223 1883 264 varia

84 285 259 332 natura,
274 295 377 337 quas
406 283 484 336 ipsi
515 284 669 325 colores
687 284 872 337 produnt.
932 282 1025 331 Quo
1040 284 1129 325 loco
1149 282 1429 331 erraverimus,
1462 281 1499 322 si
1517 286 1687 334 quatuor
1710 282 1883 322 usitatas

84 340 303 395 qualitates
336 342 445 383 inter
479 343 668 395 planetas
705 343 1009 387 distribuamus.
1066 341 1215 394 Frigus
1256 340 1360 381 enim
1397 345 1439 381 et
1475 340 1640 381 siccitas
1677 352 1756 381 non
1787 346 1883 381 sunt

85 399 306 452 positivae,
350 401 424 442 sed
461 401 686 454 privativae
729 400 830 442 lucis
869 407 914 442 et
949 405 1147 454 cognatae
1186 399 1344 440 animae
1381 398 1628 440 affectiones,
1689 398 1796 440 Nam
1824 399 1881 441 ibi

86 457 213 511 frigus
243 463 288 500 et
316 459 480 501 siccitas
510 464 577 501 est
605 471 775 508 summa,
803 459 872 501 ubi
901 459 971 501 lux
1001 459 1143 505 omnis,
1174 458 1311 499 anima
1340 458 1469 499 omnis
1499 458 1668 510 ideoque
1699 464 1742 499 et
1771 459 1881 499 calor

84 516 215 561 omnis
244 518 376 560 abest.
438 517 541 560 Cum
574 517 711 571 itaque
749 531 800 559 ex
836 518 949 559 coelo
979 517 1081 558 nihil
1116 517 1169 558 ad
1199 529 1272 557 nos
1303 516 1383 556 nisi
1412 517 1481 557 lux
1521 517 1731 558 stellarum
1761 517 1879 558 dela-

84 575 216 626 batur,
242 576 374 631 frigus
401 581 512 619 certe
541 580 586 618 et
614 576 779 618 siccitas
807 589 881 630 per
910 589 1002 618 sese
1031 588 1112 618 non
1141 575 1365 617 delabetur.

822 635 1001 676 Thesis
1030 634 1129 676 XX.

197 691 287 734 No·
327 698 371 735 et
404 692 587 734 variatas
623 693 877 746 planetarum
922 693 1031 734 vires
1073 698 1118 734 et
1163 704 1371 733 numerum
1414 690 1534 732 aliter
1570 695 1612 732 et
1654 691 1757 732 forte
1798 704 1877 732 non

82 749 357 794 inconcinnius
386 751 649 802 deducemus,
681 765 801 805 quam
819 752 1068 794 Aristoteles
1099 765 1174 793 sua
1204 755 1373 804 quatuor
1404 750 1603 791 elementa
1637 763 1688 790 ex
1707 755 1879 803 quatuor

82 809 325 863 qualitatum
353 810 726 852 combinationibus.
790 811 976 853 Variatio
996 810 1125 852 omnis
1155 824 1181 851 a
1203 809 1557 851 contrarietatibus
1582 813 1660 857 est,
1692 815 1734 850 et
1751 809 1879 862 prima

60 882 109 910 -ι
135 867 290 922 pa‘mis.
349 869 529 911 Primam
553 870 883 911 contrarietatem
912 870 1159 912 Aristoteles
1188 869 1229 910 in
1259 867 1547 922 metaphysicis
1578 868 1722 921 recipit
1752 868 1875 918 illam,

79 939 184 980 quae
207 932 282 969 est
301 927 406 969 inter
441 928 567 969 idem
605 934 649 969 et
686 929 838 970 aliud:
881 929 1022 970 volens
1061 941 1185 981 supra
1219 927 1482 980 geometriam
1521 927 1645 967 altius
1676 932 1718 968 et
1749 939 1875 979 gene-

79 986 206 1028 nlius
241 986 527 1039 philosophari.
599 987 703 1029 Mihi
741 987 928 1028 alteritas
958 987 999 1028 in
1034 987 1183 1028 creatis
1220 986 1332 1027 nulla
1374 985 1533 1026 aliunde
1574 998 1664 1026 esse
1704 985 1874 1035 videtur,
1917 1017 1923 1019 >

77 1057 201 1097 ‘quam
230 1057 283 1086 ex
309 1046 483 1087 materia
519 1050 592 1086 aut
627 1046 837 1087 occasione
878 1046 1095 1094 materiae,
1134 1050 1181 1086 at
1209 1044 1275 1085 ubi
1311 1044 1502 1093 materia,
1547 1043 1603 1084 ibi
1639 1044 1875 1096 geometria.

80 1104 222 1158 Itaque
253 1115 373 1157 quam
390 1104 636 1146 Aristoteles
667 1105 771 1146 dixit
799 1105 969 1158 primam
1001 1104 1329 1146 contrarietatem
1359 1103 1446 1143 sine
1470 1103 1600 1144 medio
1631 1102 1737 1144 inter
1768 1102 1874 1143 idem

85 1168 129 1202 et
157 1160 292 1211 aliud,
329 1175 418 1204 eam
455 1175 533 1215 ego
562 1163 604 1204 in
641 1164 913 1216 geometricis,
957 1163 1229 1217 philosophice
1264 1161 1552 1211 consideratis,
1593 1161 1752 1202 invenio
1784 1175 1874 1202 esse

51 1220 246 1274 primam
274 1221 435 1275 quidem
463 1222 812 1272 contrarietatem,
846 1223 918 1263 sed
949 1235 1040 1263 cum
1069 1222 1220 1271 medio,
1252 1221 1311 1262 sic
1342 1220 1519 1274 quidem.
1564 1225 1609 1261 ut
1639 1221 1745 1273 quod
1774 1220 1876 1262 Ari-

79 1279 223 1321 stoteli
250 1280 331 1322 fuit
357 1280 524 1330 aliud,
556 1294 659 1322 unus
687 1282 901 1331 terminus,
935 1294 1026 1323 eum
1054 1293 1130 1321 uos
1160 1281 1200 1321 in
1231 1281 1340 1333 plus
1372 1284 1415 1320 et
1444 1278 1619 1328 minu,
1659 1280 1760 1320 duos
1790 1284 1879 1320 ter-

78 1338 208 1379 minos
248 1338 494 1380 dirimamus.
566 1338 669 1381 Cum
713 1353 808 1392 ergo
852 1340 1074 1392 geometria
1121 1339 1200 1380 toti
1241 1339 1387 1380 mundo
1431 1338 1604 1384 creando
1648 1339 1879 1390 praebuerit

77 1397 300 1450 exemplar,
331 1410 411 1439 non
441 1397 577 1450 inepte
606 1398 708 1439 haec
738 1399 986 1451 geometrica
1016 1398 1286 1439 contrarietas
1317 1397 1368 1438 ad
1401 1402 1585 1438 ornatum
1615 1397 1772 1448 mundi,
1812 1398 1877 1452 qui

78 1455 265 1497 consistit
291 1456 338 1505 in,
362 1455 532 1497 variatis
561 1457 814 1511 planetarum
837 1457 1002 1506 viribus,
1034 1461 1257 1498 concurret.

809 1516 907 1556 The
919 1515 990 1556 sis
1018 1515 1136 1557 XXI.

194 1571 281 1614 Sed
309 1584 398 1614 cum
427 1572 469 1613 hi
499 1573 683 1615 termini:
716 1573 833 1624 idem,
866 1568 988 1624 aliud,
1021 1574 1202 1627 aequale,
1235 1572 1339 1624 plus,
1372 1571 1524 1621 minus,
1553 1583 1635 1623 per
1657 1584 1748 1613 sese
1779 1572 1878 1614 nihil

77 1630 327 1684 significent,
371 1631 422 1672 de
458 1632 650 1684 subjectis
692 1632 791 1685 ipsis
831 1633 1090 1685 cogitandum
1126 1636 1204 1672 est.
1267 1630 1463 1682 Subjecta
1502 1635 1656 1679 autem,
1699 1644 1771 1671 seu
1810 1645 1876 1672 res

80 1690 302 1739 naturales,
335 1689 476 1742 quibus
508 1691 584 1731 hae
617 1696 848 1744 competant
879 1691 1191 1739 enunciationes,
1223 1689 1316 1730 inde
1336 1689 1545 1730 habentur.
1605 1689 1879 1741 Ptoposuerat

81 1748 158 1789 sibi
189 1746 386 1789 Conditor
415 1748 738 1801 sapientissimus
768 1750 957 1790 mundum
987 1749 1232 1790 constituere
1264 1760 1509 1800 corporeum.
1570 1747 1747 1788 Primum
1781 1761 1876 1801 ergo

78 1808 200 1860 atque
229 1811 458 1847 creaturam
477 1809 674 1860 concepit,
706 1808 921 1849 materiam
951 1808 1148 1861 concepit,
1180 1820 1299 1859 quam
1332 1819 1383 1846 ex
1400 1807 1517 1846 Mose
1548 1807 1696 1847 scimus
1716 1820 1873 1862 aquam,

85 1866 161 1906 hoc
190 1870 275 1915 est,
304 1865 529 1915 humidam,
562 1866 838 1916 tractabilem,
882 1868 1046 1909 fictilem
1075 1866 1214 1907 fuisse.
1275 1866 1388 1905 Haec
1421 1877 1516 1917 ergo
1547 1877 1627 1905 una
1657 1878 1722 1906 res
1753 1871 1874 1907 natu-

78 1923 178 1964 ralis
207 1928 295 1971 ost,
333 1923 473 1964 humor
502 1924 671 1966 scilicet.
731 1925 792 1966 At
830 1938 909 1966 non
940 1925 1098 1967 suffecit
1128 1923 1326 1965 conditori
1363 1935 1508 1975 corpus
1539 1924 1695 1972 mundi,
1726 1925 1806 1966 uisi
1835 1926 1876 1966 id

81 1987 127 2023 et
153 1981 353 2023 conditori
384 1982 498 2023 fieret
527 1984 816 2036 quodammodo
847 1984 1000 2033 simile,
1041 1987 1232 2034 suscepta
1261 1981 1347 2022 vita
1377 1987 1420 2022 et
1449 1987 1571 2023 motu.
1634 1982 1748 2024 Haec
1775 1996 1874 2036 ergo

79 2041 210 2081 altera
238 2053 305 2081 res
335 2045 419 2081 est:
463 2041 550 2082 vita
581 2042 749 2083 scilicet.
815 2042 910 2083 Jam
949 2042 1042 2095 quia
1083 2043 1132 2082 de
1177 2041 1385 2082 stellarum
1416 2040 1567 2081 viribus
1609 2041 1873 2094 disputamus,

79 2111 179 2151 quas
209 2103 398 2139 exercent
427 2099 468 2139 in
497 2100 561 2140 his
591 2100 867 2142 inferioribus:
899 2100 1254 2149 considerandum,
1288 2099 1476 2151 quidnam
1506 2113 1531 2139 a
1562 2100 1692 2140 stellis
1725 2102 1775 2141 ad
1802 2115 1875 2141 nos

80 2157 313 2198 descendat.
373 2157 465 2198 Nou
502 2160 674 2199 materia
708 2160 774 2200 vel
812 2172 955 2212 corpus
984 2160 1154 2212 ipsum34
1178 2171 1270 2198 nam
1301 2158 1344 2198 id
1375 2162 1440 2198 est
1471 2163 1592 2199 antea
1627 2171 1752 2211 penes
1783 2173 1869 2200 nos.

78 2215 172 2256 Non
201 2215 290 2255 vita
317 2214 408 2268 ipsa
437 2216 706 2268 originaliter:
739 2218 842 2258 hanc
874 2218 977 2258 enim
1007 2219 1174 2258 trahunt
1202 2216 1382 2257 viventia
1406 2217 1540 2256 omnia
1571 2230 1622 2257 ex
1652 2218 1875 2270 agitatione

79 2273 255 2322 animae,
297 2286 399 2325 quae
440 2274 481 2314 in
516 2275 618 2327 ipsis
649 2280 726 2316 est.
788 2275 954 2316 Scilicet
990 2289 1069 2316 non
1106 2280 1303 2327 generant
1339 2275 1497 2323 stellae,
1544 2277 1617 2316 sed
1661 2278 1867 2329 adjuvant.

79 2331 185 2373 Sunt
215 2343 311 2384 ergo
342 2345 367 2372 a
395 2337 512 2383 parte
541 2333 808 2374 instrumenti.
869 2334 1201 2374 Instrumentales
1231 2333 1355 2385 igitur
1374 2334 1591 2386 qualitates
1623 2335 1739 2375 nobis
1770 2348 1870 2387 sup-

78 2390 288 2441 peditant:
321 2390 420 2430 duas
450 2391 503 2430 ad
534 2391 699 2431 duarum
729 2405 862 2432 rerum
891 2391 1131 2433 naturalium
1160 2403 1383 2431 numerum:
1416 2392 1468 2431 ad
1493 2393 1686 2433 materiae
1713 2398 1871 2434 tracta-

53 2468 59 2470 ·
82 2448 284 2490 bilitatem
312 2448 568 2490 humectandi
598 2450 639 2489 vi
669 2451 887 2502 pollentes,
919 2450 970 2490 ad
1000 2451 1109 2490 vitae
1140 2453 1184 2489 et
1213 2454 1344 2489 motus
1377 2450 1571 2498 fomenta,
1606 2452 1869 2492 calfaciendi:

79 2511 286 2560 utramque
323 2507 505 2548 obtinent
547 2513 590 2548 et
619 2513 809 2549 exercent
843 2508 1036 2549 beneficio
1066 2507 1184 2556 lucis,
1218 2520 1336 2559 quam
1373 2508 1579 2548 obtinuere
1619 2515 1664 2550 et
1702 2511 1753 2551 ad
1797 2523 1871 2550 nos

74 2566 227 2619 jugiter
256 2564 484 2606 demittunt.
546 2566 668 2607 Lucis
698 2567 821 2619 igitur
848 2567 1012 2619 propria
1041 2566 1228 2618 qualitas,
1262 2570 1458 2617 quatenus
1485 2567 1554 2607 lux
1572 2573 1648 2618 est,
1682 2569 1870 2611 calfactio

81 2629 174 2667 osu>
195 2624 296 2665 lucis
324 2636 432 2674 vero,
465 2629 660 2678 quatenus
689 2625 919 2675 reflectitur,
953 2625 1126 2677 qualitas
1157 2629 1222 2664 est
1251 2624 1510 2666 humectatio.
1531 2622 1587 2673 ¹²)

802 2683 978 2724 'rhesis
1007 2683 1146 2724 XXII.

196 2740 309 2782 Duas
340 2753 436 2794 ergo
468 2741 685 2782 facultates
715 2741 928 2783 habemns:
961 2741 1241 2782 calfactionem
1271 2745 1313 2781 et
1342 2741 1693 2791 humectationem,
1727 2743 1768 2784 in
1793 2745 1870 2786 tri-

80 2798 174 2851 plici
193 2799 411 2852 quamlibet
429 2799 668 2850 discrimine,
702 2812 882 2849 excessu,
914 2800 1202 2848 mediocritate,
1230 2799 1402 2840 defectu.
1465 2800 1699 2850 Videamus,
1722 2809 1872 2857 quanta

80 2857 259 2899 varietas
293 2858 387 2898 inde
419 2862 622 2910 sequatur.
680 2859 864 2900 Primum
899 2863 1069 2911 possunt
1106 2870 1196 2898 esse
1227 2858 1433 2898 solitariae
1472 2859 1715 2900 facultates:
1761 2863 1871 2904 calor

81 2914 331 2965 inexcessu,
363 2915 653 2966 mediocritate,
686 2917 858 2959 defectu.
919 2916 1177 2958 Humectatio
1201 2916 1244 2956 in
1262 2928 1443 2967 excessu,
1473 2918 1762 2969 mediocritate,
1795 2922 1868 2962 de-

58 2982 62 2985 ’
83 2972 204 3015 fietu.
263 2974 343 3014 Hic
370 2979 466 3014 sunt
495 2974 743 3017 differentiae
771 2987 859 3016 sex.
919 2975 1074 3016 Deinde
1105 2987 1156 3015 ex
1185 2975 1476 3016 combinatione
1507 2976 1711 3030 utriusque
1737 2978 1870 3021 facul-

82 3031 183 3075 tutis
209 3031 388 3077 oriuntur
418 3032 666 3076 differentiae
696 3046 853 3083 novem,
885 3034 992 3088 quod
1022 3046 1072 3075 ex
1102 3033 1254 3074 tabella
1283 3037 1399 3086 patet
1428 3035 1594 3077 inferius
1624 3037 1774 3088 posita.
