2028 3242
1330 62 1355 87 Ο

149 127 234 169 222
949 79 1168 159 Pmtamm.
1190 120 1218 141 ·-
1231 156 1239 162 ,,
1280 116 1331 166 x,
1445 127 1455 136 ·

150 246 252 273 anno
291 229 347 273 94
393 231 618 283 dimiserat,
664 245 866 286 nunquam
906 237 991 272 tam
1033 232 1275 284 exquisitam
1311 231 1407 272 mihi
1447 233 1829 274 commendationem
1868 234 1967 287 (qua

149 299 293 340 tamen,
330 291 420 330 dum
453 293 602 341 vixero,
637 292 802 332 inferior
833 294 921 340 ero)
954 291 1258 343 impertivisset.
1309 291 1453 344 Itaque
1484 291 1562 333 hac
1594 304 1668 346 ego
1700 293 1832 346 specie
1866 294 1965 334 doc-

148 351 277 391 trinae
316 351 354 390 in
392 353 644 402 praeclaram
685 351 908 404 opinionem
942 351 990 391 de
1027 351 1131 391 Urso
1165 345 1324 390 erectus
1356 351 1480 391 incidi
1511 357 1657 403 postea
1698 352 1739 392 in
1773 353 1966 405 quosdam

149 423 199 450 ex
231 409 441 449 nobilitate
469 411 677 464 Styriaca,
716 411 1002 450 mathematum
1036 415 1242 459 amantes,
1285 410 1426 462 quibus
1459 411 1563 463 quod
1595 416 1708 452 esset
1736 412 1968 452 necessaria

149 469 315 509 subinde
356 482 469 510 mora
506 471 546 510 in
580 471 673 511 aula
705 469 918 517 Caesaris,
964 470 1059 510 Ursi
1091 469 1237 509 notitia
1269 474 1369 510 erat.
1434 470 1498 510 Illi
1530 471 1702 512 hominis
1733 471 1966 522 praedicare

148 528 361 580 ingenium,
396 529 573 579 iuventa,
607 530 763 570 hortari
795 542 875 577 me,
904 534 949 568 ut
981 529 1183 568 anniterer
1214 528 1252 567 in
1287 528 1374 580 ejus
1397 528 1716 578 familiaritatem
1743 529 1965 583 pervenire,

148 587 329 640 polliceri
362 602 475 629 suam
508 602 684 641 operam.
749 587 831 628 Sed
863 588 1086 637 Diogenem
1121 587 1346 640 quempiam
1386 588 1483 628 mihi
1515 589 1800 629 describebant
1830 588 1966 642 aliqui,

150 646 212 686 cui
243 647 320 686 nisi
353 653 423 687 aut
463 649 601 688 lubeat
633 654 703 688 aut
735 661 823 688 cum
855 647 1112 698 improbitate
1145 647 1282 699 aliqua
1315 648 1544 700 extorqueri
1574 648 1671 688 nihil
1702 648 1849 700 possit:
1893 648 1969 688 His

151 719 225 758 ego
268 707 316 746 de
355 707 489 748 causis
533 708 698 747 inventa
733 708 852 759 paulo
891 712 985 758 post
1024 706 1299 757 speculatione
1338 719 1447 757 mea,
1486 719 1574 747 cum
1615 719 1694 748 non
1727 712 1836 750 esset
1873 707 1969 747 mihi

151 766 321 806 vicinior
352 767 673 815 mathematicus,
709 767 758 806 ad
785 779 900 818 quem
933 765 1175 805 commodius
1209 765 1437 814 scriberem,
1472 766 1524 806 ad
1550 762 1802 807 scribendum
1820 765 1969 820 impul-

151 839 238 874 suS,
287 826 452 866 formam
485 827 615 878 ipsam
646 825 794 877 partim
826 825 878 864 ad
909 824 1081 864 hominis
1114 830 1300 864 naturam
1344 837 1445 877 quae
1473 825 1696 875 ferebatur,
1733 825 1882 878 partim
1914 825 1967 866 ad

93 913 99 922 ,
151 898 240 929 eas,
286 897 385 936 quas
427 890 511 925 tum
554 887 656 927 forte
691 883 854 924 fortuito
900 884 1107 935 legebam,
1157 883 1462 924 efficacissimae
1502 883 1715 925 brevitatis
1760 884 1969 938 epistolas,

151 944 346 997 disqspluto
373 944 417 997 in
451 957 639 997 pompam
674 944 824 998 auimo*
848 957 898 982 ex
929 943 1083 983 receuti
1115 942 1356 983 inventionis
1389 955 1502 983 meae
1535 956 1695 992 amore,
1740 957 1966 984 accommo-

152 997 255 1052 davi,
290 996 846 1043 securfi'ff'de'*liue'eve‘fit‘us
863 993 1460 1054 *Qfi‘ff'ifieidff'si‘qiiffl‘inihi
1493 996 1642 1044 excldlt
1670 1003 1791 1055 paulo
1822 1003 1967 1056 majus,

152 1075 270 1115 quam
303 1062 350 1101 de
383 1063 469 1115 ipso
504 1076 722 1112 senseram,
757 1063 796 1102 in
829 1062 1001 1113 gratiam
1035 1061 1288 1102 laudatorum
1320 1061 1446 1114 ipsius
1479 1066 1521 1102 et
1551 1061 1630 1102 mei
1661 1061 1787 1115 ipsius
1819 1075 1967 1112 amore,

153 1127 283 1162 totum
315 1122 355 1161 id
382 1122 575 1174 juvenilis
607 1121 848 1162 temeritatis
875 1126 952 1170 est,
984 1134 1058 1161 nec
1090 1121 1209 1161 aliter
1240 1133 1400 1170 excuso,
1435 1121 1646 1162 dummodo
1679 1121 1843 1163 sceleris
1875 1134 1967 1161 sus-

150 1181 348 1233 picionem
391 1182 588 1222 aboleam.
651 1181 715 1221 Ex
747 1181 818 1230 iis,
854 1193 955 1232 quae
989 1181 1093 1228 dixi,
1129 1180 1242 1220 vides
1273 1179 1456 1232 primum,
1493 1177 1555 1220 me
1587 1181 1694 1221 bona
1724 1181 1970 1222 conscientia

159 1240 383 1292 „gloriam“
418 1241 494 1293 ipsi
521 1241 723 1291 tribuisse,
759 1254 837 1292 qua
856 1240 1065 1280 videbatur
1084 1253 1253 1292 regnare
1274 1241 1312 1280 in
1346 1240 1439 1279 aula
1459 1238 1649 1280 Caesaris
1683 1245 1724 1280 et
1754 1240 1858 1294 apud
1879 1253 1969 1280 ma·—

152 1301 416 1348 thematicos‚
450 1313 548 1352 quos
581 1300 620 1340 in
655 1301 791 1340 libello
813 1312 884 1339 suo
907 1299 1197 1352 alloquebatur.
1265 1289 1638 1348 „Illustrissimaffl
1661 1304 1795 1340 autem
1814 1313 1884 1340 cur
1905 1300 1968 1340 di—

152 1359 297 1407 xerim,
339 1373 503 1399 causam
543 1373 619 1399 non
653 1360 836 1412 reperio,
884 1358 959 1398 nisi
987 1359 1102 1411 quod
1142 1359 1321 1399 illustres
1360 1358 1487 1399 nostri
1527 1372 1615 1399 eum
1651 1358 1888 1411 praedicant,
1930 1364 1972 1398 et

156 1419 460 1458 Illustrissimus
493 1419 727 1471 praedicare
759 1419 940 1466 videtur,
975 1419 1066 1458 dum
1099 1431 1187 1458 eum
1218 1418 1255 1458 'm
1289 1418 1382 1458 aula
1407 1417 1546 1466 habet,
1589 1418 1968 1473 etp-qum-

156 1491 241 1518 sum
267 1478 467 1530 ingenium
502 1479 621 1532 facile
654 1491 832 1518 muscam
865 1478 1147 1530 conspicatur,
1166 1491 1214 1517 ex
1236 1490 1313 1530 qua
1343 1470 1759 1535 *i'aciatAe-lepbantum’.
1816 1477 1969 1517 Eodem

154 1538 282 1577 refero
317 1543 359 1577 et
389 1538 442 1587 id,
478 1534 582 1590 quod
614 1536 700 1578 011111
734 1536 941 1577 constaret
973 1532 1025 1577 de
1055 1536 1266 1589 aliquibus,
1301 1536 1383 1576 dixi
1416 1536 1471 1585 (si
1495 1530 1612 1576 modo
1633 1529 1736 1582 *dlxii
1769 1537 1820 1577 ab
1840 1537 1968 1576 omni-

153 1597 225 1636 bus
274 1596 403 1636 doctis
447 1597 576 1648 ipsum
621 1597 862 1649 magnifieri3
910 1602 1018 1637 certe
1064 1597 1167 1636 enim
1211 1595 1471 1636 Maestlinum
1517 1600 1559 1635 et
1596 1595 1824 1650 Tychonem
1866 1596 1971 1642 inter

154 1656 293 1696 doctos
338 1657 550 1705 habebam,
598 1669 696 1708 quos
741 1656 917 1695 sciebam
958 1669 1034 1697 non
1082 1656 1295 1695 admodum
1338 1656 1545 1707 praeclare
1584 1655 1632 1694 de
1676 1654 1764 1708 ipso
1803 1655 1968 1695 sentire.

155 1713 271 1760 Quod
305 1721 438 1755 autem
473 1716 593 1755 etiam
625 1716 741 1768 plura
782 1715 819 1754 in
853 1715 956 1754 hunc
988 1715 1148 1754 modum
1182 1715 1480 1755 declamaturus
1513 1714 1698 1763 fuissem,
1744 1715 1779 1754 si
1810 1719 1970 1766 tempus

154 1774 326 1823 tulisset,
362 1775 401 1814 id
433 1787 511 1814 non
545 1774 703 1814 memini
731 1776 792 1814 me
824 1774 1018 1826 polliceri.
1083 1775 1167 1814 Imo
1201 1775 1272 1814 illa
1305 1775 1352 1814 de
1386 1774 1625 1826 garrulitate
1658 1773 1791 1813 aliena
1823 1788 1848 1813 a
1878 1786 1968 1814 ma-

153 1834 383 1873 thematicis
416 1834 658 1886 protestatio
698 1846 774 1873 non
819 1834 928 1872 facta
961 1839 1023 1873 est
1055 1834 1106 1873 ad
1139 1832 1376 1874 excusanda]
1403 1833 1526 1873 etiam
1563 1833 1678 1885 plura
1714 1833 1966 1885 hujusmodi:

155 1893 226 1932 sed
257 1893 390 1944 potius
423 1894 474 1932 ad
507 1893 742 1945 corrigenda
773 1893 917 1944 priora.
983 1891 1100 1938 Quod
1133 1893 1166 1932 si
1199 1905 1292 1931 vero
1335 1905 1425 1932 mea
1457 1897 1550 1932 sunt
1575 1892 1708 1932 emnia
1739 1897 1781 1932 et
1811 1891 1970 1944 singula

154 1951 237 1991 ista
268 1952 404 2001 verba,
444 1953 576 2004 „quod
606 1952 916 1991 mathematicos
948 1951 1063 2003 hujus
1096 1952 1185 1990 aevi
1216 1956 1371 1991 tautum
1392 1951 1610 2003 praecedat
1627 1963 1746 1999 unus,
1780 1955 1971 2004 quantum

155 2010 379 2050 Phoebeius
403 2010 510 2050 orbis
532 2011 684 2050 minuta
705 2011 891 2050 sidera“:
928 2024 990 2050 me
1026 2009 1211 2050 Christe!
1245 2023 1429 2062 magnam
1462 2009 1645 2062 injuriam
1677 2007 1815 2050 multis
1846 2003 1969 2062 praef

156 2069 390 2109 clarissimis
421 2070 517 2109 viris
558 2075 676 2121 atque
710 2070 811 2109 adeo
849 2070 926 2109 mei
964 2070 1091 2121 ipsius
1123 2069 1392 2109 conscientiae
1436 2070 1664 2122 imprudens
1710 2069 1799 2110 feci.
1865 2069 1969 2116 nlud

154 2129 361 2168 verissime
396 2129 526 2168 dicere
558 2141 739 2181 possum,
776 2142 973 2181 nunquam
1006 2142 1067 2168 me
1101 2129 1179 2168 ullo
1212 2129 1330 2168 modo
1363 2129 1480 2177 serio,
1520 2141 1592 2181 per
1623 2129 1763 2177 lusum,
1797 2128 1966 2180 publice,

154 2188 365 2240 privatim,
409 2188 446 2227 in
493 2201 537 2227 os
577 2202 626 2227 an
668 2201 717 2227 ex
755 2188 908 2237 animo,
957 2189 1157 2228 volentem
1190 2194 1230 2228 et
1267 2189 1501 2239 prudentem
1542 2188 1618 2227 hoc
1643 2187 1815 2236 dixisse,
1865 2184 1970 2239 quod'

154 2247 496 2299 Regiomontan0‚
532 2246 772 2299 Copernico‚
807 2247 992 2296 Rhetico,
1027 2247 1272 2295 Reinholdo‚
1307 2247 1506 2301 Tychoni,
1539 2246 1786 2295 Maestlino,
1819 2243 1967 2286 ceteris

153 2320 254 2347 unus
286 2307 414 2347 Ursus
458 2307 743 2358 praeferendus
777 2307 843 2347 sit.
906 2308 1120 2359 Nunquam
1165 2307 1294 2355 sensi,
1340 2319 1539 2359 nunquam
1581 2306 1787 2358 praesenti
1833 2305 1967 2345 animo

155 2366 309 2418 scripsi,
342 2379 538 2419 nunquam
573 2372 655 2405 tam
688 2367 932 2418 flagitiosam
965 2366 1233 2406 adulationem
1264 2367 1444 2418 probavi.
1509 2364 1627 2412 Quod
1660 2365 1694 2405 si
1720 2359 1846 2406 rerba
1876 2376 1968 2404 mea
2026 2409 2028 2411 ,

154 2426 324 2477 genuina
357 2427 438 2465 tale
466 2426 558 2477 quid
590 2431 748 2474 sonant,
783 2426 885 2479 quod
918 2425 1067 2472 nescio,
1101 2438 1218 2465 casus
1249 2426 1287 2465 in
1316 2426 1433 2477 culpa
1465 2431 1527 2465 est
1557 2424 1723 2476 meaque
1745 2422 1966 2472 festinatio,
2022 2435 2028 2472 j

156 2491 196 2524 et
228 2486 331 2536 quod
373 2485 466 2538 quid
498 2485 727 2537 scripserim
770 2498 847 2524 non
881 2485 1018 2537 relegi.
1082 2485 1311 2534 Poeticum,
1345 2490 1390 2524 ut
1419 2484 1555 2537 vides,
1588 2489 1729 2532 ,totum
1759 2483 1802 2523 id
1833 2488 1897 2522 est.
1928 2488 1971 2522 et
2020 2478 2028 2526 ἶ

157 2557 205 2582 ex
236 2549 359 2596 poeta
391 2545 627 2593 desumtum,
664 2550 705 2583 et
735 2545 899 2596 poetico
929 2545 1072 2596 spiritu
1106 2544 1274 2584 dictum:
1309 2544 1413 2596 quod
1444 2555 1520 2582 non
1554 2547 1711 2582 tantum
1738 2543 1828 2594 jam
1859 2537 1987 2590 110]δῖ
2017 2532 2028 2552 ’4

157 2603 227 2642 sed
259 2609 300 2643 et
332 2610 426 2652 tum,
461 2616 549 2643 011111
583 2604 743 2655 scripsi,
778 2605 959 2643 uolebam
994 2604 1183 2643 aliorsum
1208 2603 1314 2655 rapi,
1355 2603 1540 2642 nolebam
1575 2601 1696 2641 aliam
1728 2608 1970 2653 repraesen-

157 2662 233 2701 tari
262 2663 524 2711 senteutiam,
560 2676 676 2715 quam
711 2664 814 2714 quod
848 2663 1067 2703 antecellat
1099 2663 1258 2714 vulgus,
1291 2662 1456 2713 vulgus,
1491 2661 1672 2712 inquam,
1705 2659 1968 2700 mathemati-

158 2734 307 2770 corum,
342 2723 445 2774 quod
478 2727 518 2761 et
563 2722 774 2762 credebam
820 2727 860 2762 et
892 2723 993 2762 citra
1034 2722 1292 2773 praecipuam
1329 2720 1499 2772 gloriam
1537 2719 1621 2760 fieri
1663 2725 1814 2771 potest.
1876 2719 1995 2759 Non·

156 2785 403 2830 protestarer
434 2786 551 2820 tanta
584 2781 885 2821 asseveratione
918 2786 1058 2821 contra
1089 2780 1305 2820 manifesta
1331 2779 1453 2819 verba
1487 2779 1542 2827 (si
1568 2779 1685 2818 modo
1717 2779 1819 2827 talia
1838 2778 1967 2826 sunt),

158 2839 233 2877 nisi
274 2839 312 2878 in
345 2840 433 2891 ipsa
477 2841 545 2879 illa
578 2840 750 2892 epistola
782 2841 1060 2880 documentum
1099 2839 1312 2878 maximum
1346 2843 1505 2877 extaret
1543 2850 1656 2877 meae
1700 2830 1966 2885 innocentiae,

160 2897 206 2935 de
241 2910 315 2948 quo
349 2911 480 2949 supra.
543 2900 649 2939 Nam
683 2899 781 2947 etsi,
827 2900 967 2952 quibus
999 2899 1133 2939 verbis
1166 2897 1364 2950 Tychonis
1395 2896 1637 2936 mentionem
1675 2895 1856 2946 fecerim,
1893 2907 1968 2935 ne·
1997 2943 2000 2947 Δ

159 2955 253 3003 scio,
291 2956 434 2995 fecisse
467 2963 599 2997 tamen
634 2959 736 2998 scio:
772 2964 813 2998 et
845 2958 1039 3009 ejusmodi
1071 2957 1314 2997 mentionem
1347 2955 1506 3008 quidem
1539 2961 1658 3007 atque
1691 2968 1742 2996 ex
1774 2953 1968 3008 ejusmodi
1996 2971 1998 2973 >

159 3014 343 3064 opinione
376 3015 615 3066 profectam,
652 3030 751 3070 quae
784 3019 925 3058 merito
957 3018 1104 3058 Ursum
1137 3021 1314 3069 pungat,
1359 3015 1392 3054 si
1426 3027 1512 3054 eum
1543 3019 1627 3054 tam
1659 3014 1830 3054 feliciter
1859 3013 1987 3054 titiis

160 3073 244 3112 lant
277 3073 375 3113 haec
408 3075 467 3113 sui
499 3075 622 3125 ipsius
657 3077 802 3128 elogia.
866 3076 947 3116 Sed
981 3081 1111 3123 caute,
1154 3079 1199 3114 ut
1230 3074 1362 3122 vides,
1388 3074 1558 3126 posthac
1591 3073 1843 3113 scribendum
1875 3072 1965 3113 erit.

159 3131 274 3172 Adeo
306 3146 503 3185 nunquam
545 3147 620 3173 nou
655 3135 831 3175 salutare
866 3135 1068 3188 quippiam
1111 3133 1192 3175 ursi
1228 3133 1268 3174 in
1311 3146 1445 3174 aurem
1484 3133 1767 3173 insusurrando
1804 3131 1964 3185 praeci-
1990 3183 2002 3198 Ῡ
