2028 3242
32 2738 51 2885 ananus*
32 2710 35 2720 ·“
31 2660 41 2695 “⁴'‘
32 2599 38 2633 '⁴⁴'
34 2567 36 2570 ⁴
29 2510 34 2516 ‘¹

36 3188 60 3210 ,ζ
34 2987 65 3183 ,ἐςὲξιιῇθῆἑῌν
33 2918 57 2982 ''ff-<⁴⁴⁸
34 2889 53 2915 -ὴ

866 109 975 144 Notae
1000 111 1152 144 mitaris.
1830 112 1912 156 195

199 211 262 256 29)
285 224 317 256 p.
345 212 425 246 106.
476 215 607 259 Georgii
633 215 740 249 Stadii
763 225 883 248 nomen
908 225 1014 258 neque
1037 215 1072 247 in
1095 215 1341 248 mathematicis
1365 226 1472 258 neque
1495 217 1531 249 in
1557 218 1783 250 astronomicis
1806 217 1914 251 incla-

104 260 190 297 mit.
223 270 320 304 quem
345 271 426 294 eave
452 262 593 294 eundem
616 268 712 304 putes
737 267 836 305 atque
861 262 969 302 illum,
1004 262 1059 304 qui
1083 261 1318 303 Ephemerides
1342 262 1551 306 'fabulasque
1578 263 1808 307 „Bagam-
1834 275 1912 298 con-

104 305 244 349 scripsit,
263 307 472 342 *Joannem
498 308 707 347 Stadium,
732 309 999 342 Loenhutensem
1022 307 1275 346 natussum,
1300 314 1462 343 mortuum
1487 310 1622 343 Parisiis
1648 320 1736 343 anno
1761 310 1864 343 1579.

201 375 208 382 .
1758 368 1783 388 ἣ

199 397 263 441 80)
285 411 318 443 p.
346 400 426 433 110.
476 402 515 434 Ῑιι
539 403 751 445 inscriptione
778 401 919 440 „Nuncii
944 402 1083 434 siderei“
1115 402 1354 443 nuncupandos
1380 402 1526 435 decrevit
1551 404 1719 436 Galilaeus
1744 404 1835 437 Jovis
1859 414 1912 438 sa-

105 446 228 479 tellites
254 447 452 486 „Medicaea
476 448 627 486 Sidera“,
652 449 810 482 dedicans
834 449 921 481 hunc
945 449 1061 481 librum
1085 447 1202 480 Cosmo
1227 447 1375 481 Medices
1401 449 1445 487 11,
1471 449 1596 492 Magno
1612 451 1787 484 Hetruriae
1812 451 1911 484 Duci.

199 493 295 534 Quae
316 497 433 537 paucis
458 500 537 528 ante
560 496 655 528 lineis
680 497 760 528 dicit
783 495 946 538 Keplerus
971 495 1013 528 de
1040 495 1316 536 „Disputatione“
1344 502 1379 528 et
1406 495 1721 540 „Cosmographia“‚
1756 507 1799 530 ea
1824 508 1912 531 com-

104 545 262 581 parentur
285 551 360 574 cum
382 542 451 580 his,
476 551 562 585 quae
587 543 631 574 ad
655 542 862 575 Hei-vartum
885 543 1073 584 perscripsit
1096 552 1128 584 p.
1156 539 1212 574 62.

200 633 261 675 31)
276 645 309 679 p.
329 633 408 668 1¹7.
447 635 702 679 Alphonsus
726 646 783 668 rex
801 636 960 668 Castiliae
976 635 1160 677 „Sapiens“
1180 634 1218 676 (†
1236 634 1344 676 1284)
1361 636 1575 679 'fabulaeque
1592 640 1832 671 astronomicae
1857 639 1912 670 illo

101 681 239 722 jubente
255 684 461 725 conscriptae
480 685 603 725 passim
628 688 803 715 occurrunt
827 685 862 715 in
884 683 971 716 libris
998 683 1225 716 astronomicis
1249 684 1376 716 illorum
1400 687 1593 725 temporum.
1631 685 1811 718 Absolutae
1837 691 1914 718 sunt

104 729 169 761 hae
185 729 319 762 tabulae
336 739 365 762 c.
384 739 416 762 a.
440 729 542 767 ¹252,
569 735 602 763 et
625 731 848 763 inserviebant
873 730 1090 762 astronomico
1116 729 1242 762 calculo
1266 740 1369 773 usque
1394 731 1437 762 ad
1455 731 1554 763 finem
1571 741 1638 763 sec.
1655 731 1729 764 XV.
1769 732 1913 764 Primum

104 777 334 855 {nupsit-⁸:⁸21:
305 782 383 808 sunt
413 777 577 857 ἷῗῗῗξὶ
587 787 619 810 a.
645 776 750 864 33⁸3).
802 777 1180 855 sequentffiossffitiigge:
1213 782 1303 856 ¹⁸33}
1326 782 1460 856 aliem?
1468 777 1674 857 11180Ιὶἰίξὲιίἰο
1710 777 1916 822 (Einleitung

104 831 141 854 m
197 832 218 855 e
335 832 397 856 em.
478 833 496 856 c
580 835 644 856 enn
770 833 929 856 annorum
1019 825 1028 837 ⁴
1044 847 1054 861 ‚
1174 847 1184 860 ,
1307 848 1315 854 .
1371 834 1430 856 nes
1493 825 1519 856 's
1638 826 1666 857 is
1693 831 1822 863 ..motus
1846 832 1911 860 tre-

105 869 303 910 pidationis*
329 870 374 902 ad
398 871 626 912 explicandum
650 876 774 903 motum
798 871 936 903 fixarum
960 873 994 903 in
1019 871 1192 912 ecliptica,
1227 881 1325 913 quem
1348 873 1471 912 primus
1496 872 1623 903 addidit
1645 874 1787 913 priorum
1810 875 1911 906 ratio·

106 916 202 949 nibus
221 916 341 950 Thebit
351 917 426 950 Ben
443 918 553 951 Chora
577 918 659 958 (sec.
675 918 724 950 IX
740 918 790 950 vel
806 916 911 957 xm).
950 917 1058 957 Quam
1086 918 1380 960 „trepidationem“
1407 923 1445 950 ut
1468 923 1615 950 meretur
1630 918 1750 952 Thebit
1775 925 1913 953 octavae

106 961 419 1043 sphaedrzmagdidit
441 975 582 1004 nonam,
618 974 716 1008 quam
741 965 934 1006 Alphonsini
966 966 1143 998 astronomi
1173 966 1379 997 retinuerunt
1403 970 1438 997 et
1460 975 1529 997 rem
1552 966 1658 1007 ipsam
1684 967 1795 1008 aliqua
1817 972 1913 1010 parte

109 1018 204 1042 emen

200 1102 263 1146 32)
284 1115 317 1148 p.
344 1103 424 1137 118.
473 1105 653 1139 Decretum
678 1107 789 1139 curiae
814 1105 989 1138 Romanae
1021 1116 1096 1138 cum
1120 1105 1290 1138 Maestlini
1324 1115 1464 1139 censura
1497 1106 1720 1148 proposuimus
1749 1115 1827 1150 pag.
1855 1105 1910 1139 56.

108 1151 205 1192 Quod
228 1162 327 1195 quum
356 1154 472 1195 paucis
505 1157 585 1186 ante
620 1155 715 1186 annis
746 1151 871 1194 (1616)
902 1154 937 1186 in
964 1153 1130 1194 publicum
1161 1153 1352 1194 prodiisset,
1388 1158 1423 1186 et
1444 1152 1610 1195 Keplerus
1634 1163 1700 1185 non
1723 1157 1855 1186 tantum
1878 1155 1913 1186 in

107 1198 294 1238 Prodromo,
318 1199 378 1232 sed
401 1201 435 1232 in
460 1201 608 1232 omnibns
633 1201 710 1236 suis,
734 1210 820 1242 quae
843 1205 960 1242 postea
985 1200 1096 1239 edidit,
1123 1200 1274 1242 operibus
1292 1199 1463 1241 Copernici
1488 1200 1678 1232 defenderet
1701 1202 1913 1238 sententiam.

106 1256 173 1278 non
197 1246 269 1279 sine
292 1247 441 1279 veritatis
466 1249 577 1289 specie
602 1249 764 1288 conjicere
789 1248 911 1288 potuit,
938 1256 1051 1288 pamm
1077 1253 1176 1290 grata
1199 1251 1401 1289 acceptaque
1425 1247 1493 1278 fore
1517 1248 1550 1278 in
1574 1247 1748 1288 provinciis
1772 1247 1914 1280 Romani

108 1293 234 1335 inperii
259 1293 336 1326 iidei
361 1293 544 1326 catholicae
570 1294 722 1326 addictis.
761 1294 952 1326 Confirmat.
963 1293 1051 1326 hanc
1075 1294 1295 1335 suspicionem
1318 1293 1350 1326 J.
1376 1293 1533 1326 Remus
1559 1291 1608 1333 (d.
1634 1291 1690 1324 ²3.
1709 1294 1775 1326 sul.
1803 1292 1912 1334 16¹9)

108 1340 275 1374 scribens:
311 1339 489 1373 Desiderat
514 1341 682 1373 Galilaeus
705 1341 827 1373 habere
852 1341 967 1372 librum
991 1345 1084 1373 tuum
1109 1341 1385 1382 Copernicanum,
1424 1342 1502 1382 quia
1533 1341 1712 1381 prohibitus
1736 1345 1789 1372 est
1811 1342 1914 1374 etiam

109 1386 356 1420 Florentiae‘et
378 1398 445 1419 non
473 1388 589 1420 haberi
617 1393 736 1429 potest.
786 1388 838 1420 Ad
863 1388 948 1420 haec
972 1388 1200 1429 Keplerus,
1237 1389 1410 1434 primam,
1442 1389 1578 1434 inquit,
1610 1400 1660 1423 ex
1691 1389 1763 1423 tuis
1793 1389 1912 1424 literis

108 1441 251 1487 accipio
274 1441 427 1483 famam,
457 1442 588 1477 librum
617 1453 734 1477 meum
752 1442 890 1476 Romae
910 1448 949 1476 et
968 1442 1177 1476 Florentiae
1202 1453 1284 1476 esse
1309 1442 1550 1487 prohibitum:
1583 1453 1650 1476 nec
1677 1442 1768 1476 satis
1793 1442 1911 1487 capio,

108 1506 215 1540 quem
234 1499 274 1529 tu
292 1494 426 1530 librum
445 1495 734 1540 Copernicanum
752 1495 867 1530 dicas.
895 1486 1039 1529 *Omnes
1059 1495 1154 1529 enim
1180 1494 1250 1529 mei
1274 1500 1358 1529 sunt
1379 1494 1630 1540 Copernicani,
1656 1494 1769 1529 etiam
1787 1495 1911 1540 Ep‘he-

107 1547 280 1583 moricum
298 1548 572 1594 prolegomena.
610 1548 833 1582 Har-monica
850 1547 993 1592 quidem
1013 1549 1169 1582 nondum
1194 1554 1281 1582 sunt
1305 1547 1424 1582 edita:
1454 1547 1525 1582 nisi
1544 1547 1639 1581 forte
1659 1547 1849 1582 titulorum
1868 1549 1916 1582 ad

107 1606 147 1634 te
168 1600 358 1635 missorum
381 1600 467 1635 libri
487 1601 530 1635 V.
560 1612 653 1635 unus
674 1601 825 1635 Romam
853 1601 1036 1645 perlatus,
1071 1611 1263 1635 censuram
1288 1599 1453 1634 subierit.
1503 1599 1676 1644 Suspicor
1706 1600 1838 1646 igitur,
1869 1601 1914 1635 de

106 1652 280 1698 Epitoma
296 1655 398 1689 Astr.
421 1653 695 1699 Copernicanae
715 1653 782 1688 tibi
803 1663 1003 1687 sermonem
1023 1664 1117 1688 esse.
1157 1655 1233 1688 Abs
1253 1658 1291 1687 te
1310 1652 1486 1698 majorem
1506 1653 1542 1687 in
1570 1653 1713 1687 modum
1737 1657 1843 1698 peto,
1872 1658 1915 1687 ut

106 1704 328 1751 descriptum
346 1706 432 1741 mihi
451 1706 577 1741 mittas
597 1706 803 1741 formalium
822 1707 1013 1740 verborum
1039 1717 1216 1740 censurae
1242 1706 1360 1747 illius,
1390 1709 1430 1740 et
1457 1711 1498 1739 ut
1526 1705 1726 1751 significes,
1755 1716 1842 1740 num
1869 1716 1916 1740 ea

107 1760 263 1794 censura
279 1759 418 1800 autori,
447 1759 478 1794 si
498 1759 534 1794 iu
553 1760 667 1794 ltalia
693 1759 1043 1805 deprehenderetur,
1072 1759 1192 1793 fmudi
1221 1764 1320 1793 esset
1339 1758 1466 1793 futura
1484 1763 1523 1792 et
1541 1769 1626 1792 num
1643 1758 1834 1803 palinodia
1852 1759 1914 1793 de-

107 1811 288 1858 prehenso
306 1810 562 1857 imperaretur.
601 1813 696 1847 Illud
714 1813 824 1847 etiam
845 1813 891 1846 ad
911 1823 966 1846 me
985 1813 1158 1857 pertinet,
1179 1813 1283 1852 scire,
1309 1817 1430 1846 utrum
1450 1811 1486 1845 in
1504 1811 1657 1845 Austria
1675 1811 1776 1846 locus
1795 1811 1912 1846 eidem

106 1875 284 1899 censurae
299 1865 351 1899 sit
367 1865 538 1899 futurus?
576 1866 670 1900 Nam
689 1865 758 1900 hoc
776 1866 806 1899 si
831 1870 941 1904 esset,
969 1877 1041 1899 non
1066 1871 1211 1900 tantum
1235 1866 1279 1905 iu
1289 1865 1443 1898 Austria
1467 1864 1744 1910 typographum
1770 1865 1912 1899 nullum

107 1916 305 1952 invenirem
333 1917 507 1962 posthac,
540 1919 603 1952 sed
634 1918 746 1953 etiam
778 1918 1024 1962 exemplaria,
1067 1929 1162 1963 quae
1200 1923 1382 1952 mercator
1412 1917 1473 1962 qui
1503 1921 1643 1950 sumtus
1674 1917 1838 1952 refundit
1871 1918 1912 1952 in

107 1969 261 2004 Austtia
277 1971 324 2004 ad
342 1981 460 2005 meam
479 1970 692 2005 instantiam
709 1971 869 2016 reliquit,
893 1971 928 2004 in
948 1971 1149 2015 periculum
1167 1970 1345 2010 venirent,
1374 1971 1592 2015 tandemque
1611 1971 1780 2005 damnum
1799 1970 1836 2004 in
1854 1981 1912 2004 me

106 2022 297 2057 recideret.
336 2023 430 2063 Quin
448 2023 518 2058 imo
543 2024 691 2058 dabitur
717 2024 804 2058 mihi
829 2023 1119 2069 intelligendum,
1147 2023 1431 2058 renunciandum
1449 2022 1536 2056 mihi
1555 2022 1773 2067 professioni
1793 2028 1911 2057 astro-

108 2074 284 2116 uomicae,
307 2080 503 2121 postqum
515 2076 596 2120 jam
616 2077 692 2111 fere
713 2076 885 2111 consenui
904 2076 941 2110 in
958 2076 1069 2121 hujus
1089 2076 1271 2123 dogmatis
1296 2075 1472 2115 doctrina,
1502 2075 1645 2109 nemine
1671 2076 1808 2110 tamdiu
1828 2087 1911 2110 con-

109 2127 324 2169 tradicente,
353 2130 571 2174 tandemque
595 2129 878 2164 renunciandum
896 2129 966 2174 ipsi
984 2129 1194 2174 provinciae
1214 2128 1405 2168 Austriae,
1435 2128 1466 2162 si
1486 2128 1523 2162 in
1541 2139 1588 2162 ea.
1607 2139 1679 2163 non
1697 2129 1746 2163 sit
1765 2129 1910 2163 futurus

111 2180 212 2214 locus
239 2179 407 2215 libertati
433 2181 722 2227 philosophicae,
770 2180 813 2222 (E
838 2181 939 2212 literis
965 2180 996 2212 d.
1023 2181 1129 2212 Lincii
1155 2178 1187 2210 4.
1214 2181 1300 2222 Aug.
1327 2177 1444 2218 1619.)

204 2231 365 2263 Remus
389 2231 568 2273 Keplerum
593 2233 765 2264 sollicitum
791 2233 998 2269 confirmans,
1026 2232 1231 2273 „Epitome“,
1257 2232 1380 2268 scribit,
1408 2242 1496 2269 „non
1520 2232 1585 2263 alio
1609 2233 1717 2269 modo,
1742 2238 1780 2264 nt
1804 2233 1911 2271 credo,

110 2277 291 2319 prohibitus
322 2279 402 2315 erit,
436 2288 535 2320 quam
568 2280 654 2320 quod
687 2284 802 2311 contra
832 2280 974 2320 diploma
999 2279 1033 2311 S.
1060 2279 1168 2311 Officii
1199 2284 1277 2311 ante
1308 2279 1475 2310 biennium
1505 2278 1639 2310 affixum
1663 2279 1824 2320 loquatur.
1874 2280 1912 2311 ln

112 2332 216 2357 causa
240 2330 312 2357 erat
334 2325 467 2367 quidam
489 2326 660 2367 religiosus
683 2325 924 2366 Neapolitanus
949 2325 1148 2365 (Foscarini)
1161 2349 1169 2362 ‚
1204 2326 1258 2366 qui
1282 2325 1398 2357 Italice
1422 2325 1602 2367 spargebat
1626 2326 1658 2356 in
1684 2326 1800 2367 vulgus
1824 2326 1912 2357 hanc

112 2372 298 2413 opinionem
329 2372 458 2413 publico
492 2374 630 2413 scripto,
665 2373 753 2404 unde
782 2372 987 2413 periculosae
1012 2373 1267 2413 consequentiae
1301 2376 1335 2403 et
1367 2373 1535 2412 opiniones
1568 2372 1808 2409 nascebantur;
1844 2377 1913 2404 tum

110 2417 280 2451 Galilaeus
304 2420 405 2451 etiam
429 2420 526 2450 nimis
555 2421 698 2462 rigorose
732 2428 868 2451 causam
901 2428 995 2450 suam
1027 2419 1254 2460 pertractabat
1284 2418 1399 2450 eodem
1429 2423 1575 2459 tempore
1599 2417 1738 2450 Romae.
1788 2419 1912 2450 Eodem

109 2465 206 2498 modo
230 2470 265 2498 et
288 2465 487 2508 Copernicus
512 2471 676 2498 correctus
701 2469 752 2497 est
775 2466 894 2497 saltem
917 2466 952 2497 in
975 2466 1132 2507 principio
1162 2466 1256 2506 primi
1279 2466 1352 2496 libri
1374 2475 1433 2505 per
1458 2465 1582 2506 aliquot
1605 2464 1722 2496 lineas.
1771 2465 1915 2496 Possunt

110 2516 223 2544 tamen
247 2513 347 2545 iidem
372 2518 406 2544 et
428 2513 481 2544 hic
506 2523 632 2554 quoque
655 2513 736 2544 liber
761 2510 824 2551 (uti
847 2510 964 2553 puto),
999 2513 1148 2554 Epitome
1173 2512 1318 2548 scilicet,
1353 2512 1419 2553 legi
1444 2521 1517 2542 cum
1541 2511 1678 2543 licentia
1703 2521 1724 2543 a
1749 2512 1853 2544 doctis
1879 2517 1913 2544 et

109 2560 222 2600 peritis
245 2560 279 2591 in
302 2559 367 2592 hac
393 2564 463 2592 arte
487 2560 615 2592 Romae
641 2564 674 2591 et
698 2569 756 2600 per
778 2564 884 2591 totam
907 2559 1050 2590 Italiam.
1100 2559 1195 2590 Unde
1219 2569 1285 2590 non
1317 2563 1384 2595 est,
1419 2558 1504 2599 quod
1529 2558 1588 2589 tibi
1619 2559 1758 2597 timeas,
1792 2569 1853 2590 nec
1878 2560 1913 2590 in

110 2605 228 2643 Italis,
261 2616 325 2639 nec
348 2607 504 2644 Austria;
538 2607 634 2638 modo
667 2608 754 2638 intra
783 2611 858 2637 tuos
888 2606 1008 2637 limites
1038 2610 1072 2637 te
1102 2606 1273 2637 contineas
1306 2610 1339 2637 et
1370 2605 1542 2637 affectibus
1574 2606 1708 2646 propriis
1739 2605 1911 2646 imperes.“

86 2650 183 2694 113.
211 2654 298 2696 Aug.
325 2652 445 2693 1619.)

215 2701 274 2736 De
300 2701 403 2736 libris
430 2702 537 2744 meis,
566 2706 732 2746 respondit
754 2705 928 2745 Keplems,
954 2700 1011 2735 ita
1038 2705 1115 2734 est:
1152 2712 1231 2735 cum
1259 2700 1354 2734 festo
1379 2699 1574 2734 Paschatis
1601 2700 1779 2735 misissem
1805 2711 1912 2746 quos-

112 2755 194 2788 dam
212 2754 475 2796 Mediolanum,
505 2756 621 2789 bonus
646 2754 702 2788 vir
721 2753 963 2794 Barbavaria,
994 2753 1053 2798 qui
1074 2753 1154 2797 jam
1183 2753 1356 2793 solverat,
1386 2753 1562 2786 multatus
1591 2758 1650 2787 est
1676 2764 1800 2788 eorum
1828 2764 1912 2788 uno.

204 2805 487 2838 Barbavaria
522 2805 735 2843 „ordinarius
765 2804 1042 2845 Metropolitanae
1073 2804 1243 2835 Ecclesiae
1273 2803 1410 2835 Milani“
1446 2804 1475 2834 d.
1513 2803 1566 2834 11.
1594 2803 1669 2835 Oct.
1709 2802 1797 2836 1619
1828 2805 1913 2837 haec

113 2851 204 2883 dedit
226 2852 390 2894 Keplero:
426 2853 480 2885 De
503 2853 654 2894 Epitome
678 2851 754 2894 quid
779 2856 889 2883 actum
914 2852 975 2889 sit,
1010 2851 1157 2892 intelligo
1182 2856 1216 2881 te
1240 2852 1409 2882 rescivisse
1435 2861 1475 2881 ex
1498 2850 1542 2883 D.
1568 2850 1734 2883 Rescalea
1758 2849 1913 2891 („nobilis

114 2898 306 2931 adolescens
339 2899 382 2930 D.
405 2899 539 2932 Marcus
563 2899 715 2931 Aurelius
745 2898 912 2930 Rescalea
941 2908 977 2929 se
1008 2899 1182 2940 quotannis
1212 2897 1364 2929 Lincium
1394 2902 1599 2929 mercaturae
1630 2907 1735 2930 causa
1767 2899 1914 2931 conferre

113 2945 227 2977 solitus
252 2944 355 2986 est¹‘)‚
381 2947 542 2988 quomodo
566 2947 683 2978 librum
706 2947 740 2977 in
765 2946 877 2976 aliena
899 2949 1064 2986 potestate
1090 2944 1318 2975 dimittendum
1342 2945 1403 2986 sim
1419 2949 1573 2982 coactus;
1599 2954 1710 2976 verum
1734 2945 1913 2987 gratulare,

115 2991 202 3032 quod
229 2993 258 3024 is
286 2992 358 3025 heri
385 2994 590 3034 postlimineo
623 2993 760 3025 tandem
788 2993 940 3028 redierit3
978 2991 1172 3023 facultatem
1203 3000 1346 3032 namque
1378 2991 1470 3023 illum
1499 2991 1630 3033 legendi
1655 2993 1697 3023 ab
1721 2991 1809 3024 Urbe
1835 2990 1915 3032 (sic)

115 3038 302 3079 impetravi,
342 3041 433 3080 cujus
465 3041 711 3073 concessionem
741 3039 773 3070 in
808 3049 869 3070 sua
898 3048 964 3070 non
995 3048 1067 3070 esse
1098 3042 1263 3079 potestate
1288 3038 1463 3080 Inquisitor
1494 3043 1605 3071 noster
1633 3038 1686 3070 hic
1720 3039 1914 3072 affirmarat.

118 3083 242 3128 corrigi
265 3090 378 3118 tamen
403 3085 502 3119 debet
526 3087 569 3119 ad
594 3086 759 3128 exemplar
784 3086 1010 3127 castigationis
1035 3086 1069 3116 in
1094 3084 1265 3126 Copernici
1287 3085 1344 3117 lib.
1370 3085 1411 3116 de
1434 3085 1529 3122 Rem,
1555 3095 1639 3127 quae
1664 3095 1767 3127 nuper
1788 3086 1917 3118 Romae

1555 3141 1634 3174 13*
