1982 3268
784 125 997 158 emodm
1718 122 1767 165 11

0 244 96 286 crgo
124 233 176 274 ad
204 233 469 286 quantitatum
498 244 732 274 mensuram.
792 231 851 272 At
878 231 920 272 in
949 231 1054 272 linea
1083 230 1214 271 nullus
1242 244 1425 272 numerus
1454 242 1528 270 nec
1557 230 1598 270 in
1627 241 1770 282 super-

0 290 116 341 soie,
125 291 202 333 sed
230 292 522 334 infinitas.1n
552 291 777 343 corporibus
807 290 938 343 igitur.
997 287 1257 330 R'emovenda
1292 303 1386 330 vero
1417 287 1652 342 irregularia
1680 301 1772 329 cor-

0 354 110 405 pora,
140 363 281 407 nempe
310 351 350 392 in
381 351 539 392 conditu
569 349 889 390 ordinatissimae
919 347 1137 390 creaturae.
1197 349 1423 390 Remanent
1444 348 1566 401 igitur
1590 361 1663 389 sex
1681 359 1771 388 cor-

0 422 120 464 pora.
150 409 303 463 globus,
335 409 420 450 sive
449 409 580 462 potius
599 408 845 462 sphaericum
864 420 1079 449 concavum
1098 412 1140 448 et
1158 409 1325 461 quinque
1345 408 1564 448 rectilinea.
1609 406 1773 475 ‘Sphae-

2 469 127 511 ricum
152 468 296 510 ultimo
332 469 444 509 coelo
479 468 656 509 debetur.
716 467 821 508 Nam
858 468 1003 520 duplex
1037 467 1229 516 mundus,
1274 466 1428 507 mobilis
1471 471 1514 507 et
1555 466 1773 518 quiescens.

2 526 79 569 Hic
106 532 172 568 est
199 528 252 568 ad
282 527 493 580 imaginem
523 526 721 567 essentiae
750 525 919 567 Divinae
950 526 989 566 in
1020 539 1063 566 se
1093 526 1392 573 consideratae,
1435 526 1502 566 ille
1542 525 1593 565 ad
1629 524 1773 577 imagi-

2 598 92 628 nem
108 586 199 637 Dei,
229 590 424 640 quatenus
453 591 591 626 creat:
622 590 665 626 et
692 590 903 638 propterea
932 590 1047 625 tanto
1077 585 1204 625 minor
1233 586 1293 633 (in
1324 585 1523 637 margine:
1554 597 1647 624 nam
1665 583 1774 623 Deus

2 658 79 687 non
115 650 263 687 temere
302 645 450 686 sumsit
478 645 579 685 hunc
609 656 834 693 numerum;
883 644 980 684 nihil
1021 644 1124 684 enim
1161 645 1246 684 sine
1282 644 1437 685 ratione
1477 644 1628 696 optima
1664 642 1773 682 facit.

1 703 158 752 Quodsi
185 703 320 753 dicas,
350 703 528 756 potuisse
558 716 758 744 numerum
788 703 957 755 aliquem
986 703 1088 743 sumi
1118 716 1168 743 ex
1197 702 1394 756 spirituali
1423 703 1593 743 mundo:
1642 707 1776 742 tamen

3 763 56 805 ad
83 762 211 805 Deum
242 767 416 804 recurret
444 762 484 803 in
510 763 617 803 illius
647 762 771 815 ipsius
801 762 1013 804 creatione.
1074 762 1130 802 Et
1159 762 1371 802 absurdum
1401 761 1495 810 erit,
1537 773 1621 802 rem
1655 773 1775 813 prae-

3 821 309 870 stantissimam,
347 834 403 862 sc.
438 821 621 862 mundum
651 828 827 862 creatum
857 833 946 861 esse
978 821 1028 861 ad
1059 821 1303 873 angelornm,
1336 833 1412 861 non
1444 821 1495 861 ad
1526 821 1603 860 Dei
1632 819 1776 872 imagi-

2 893 104 923 nem.
162 879 251 949 Ego
281 880 444 933 angelos
475 881 584 933 ipsos
616 892 808 921 accenseo
832 879 921 920 huic
951 880 1096 920 visibili
1127 881 1283 928 mundo,
1315 879 1478 932 perinde
1509 886 1554 920 ut
1587 879 1776 919 homines.

4 941 50 983 ῐιι
77 939 291 993 principio,
323 945 417 980 ante
448 939 624 991 angelos,
657 944 833 980 creatum
863 944 927 978 est
957 937 1121 979 Coelum
1153 944 1195 979 et
1224 939 1379 986 Terra).
1442 937 1615 979 Curvum
1645 943 1778 978 autem

3 996 222 1041 rectissime
242 997 363 1047 Deo,
393 1003 544 1039 rectum
574 1004 778 1039 creaturae
809 1003 1069 1050 comparatur.
1134 999 1179 1038 In
1209 999 1327 1051 globo
1357 997 1479 1050 igitur
1508 1002 1573 1038 est
1602 997 1772 1045 trinitas,

3 1057 264 1113 sphaericum,
293 1062 483 1104 centrum,
514 1058 732 1109 capacitas,
792 1055 895 1097 Sic
885 1070 924 1096 m
954 1058 1096 1098 mundo
1117 1057 1261 1110 quieto,
1292 1056 1429 1107 Fixae,
1461 1055 1546 1106 Sol,
1579 1069 1676 1097 aura
1694 1056 1778 1095 sive

4 1116 147 1158 aethra
173 1116 433 1158 intermedia:
465 1122 508 1156 et
536 1117 575 1157 in
606 1116 800 1157 Trinitate
819 1116 955 1162 Filius,
985 1116 1118 1165 Pater,
1152 1115 1337 1168 Spiritus.
1397 1090 1490 1156 J’am
1507 1116 1673 1156 mundus
1692 1127 1778 1155 mo·

3 1174 96 1216 bilis
132 1186 182 1216 ex
216 1174 430 1216 rectilineis
466 1175 699 1215 censendus.
761 1175 921 1216 Illorum
957 1180 1087 1216 autem
1128 1177 1310 1228 quinque.
1372 1174 1505 1222 Quare
1543 1175 1580 1215 si
1610 1175 1680 1215 illa
1708 1186 1779 1226 pro

5 1233 185 1276 terminis
220 1233 306 1274 sive
347 1245 418 1286 pro
460 1234 705 1274 maceriebus
739 1233 921 1275 habenda
962 1239 1056 1275 sunt
1098 1235 1228 1286 (cujus
1265 1235 1384 1275 etiam
1414 1235 1605 1275 rationem
1636 1234 1781 1274 bonam

6 1291 149 1341 asaro)
178 1304 257 1333 non
285 1298 473 1344 poterunt
499 1293 633 1346 plures
663 1305 728 1333 res
758 1292 1022 1344 distinguere,
1066 1306 1183 1346 quam
1213 1306 1296 1333 sex.
1358 1292 1441 1334 Sex
1472 1293 1592 1346 igitur
1620 1292 1782 1333 mobilia

5 1350 139 1392 Solem
179 1351 566 1392 circumambeuutia.
638 1352 818 1392 Habetur
858 1363 983 1391 causa
1024 1353 1174 1392 numeri
1216 1353 1477 1404 planetarum.
1553 1351 1620 1392 Sic
1662 1351 1782 1402 igitur

5 1408 80 1452 Sol
108 1409 149 1451 in
184 1409 313 1453 medio
349 1410 547 1451 mobilium
584 1411 739 1463 quietus
769 1411 855 1463 ipse
890 1417 931 1450 et
961 1416 1093 1451 tamen
1126 1412 1213 1451 fons
1243 1417 1392 1458 motus,
1436 1411 1539 1463 gerit
1568 1411 1781 1463 imaginem

3 1468 83 1512 Dei
104 1468 232 1521 patris
250 1469 455 1514 creatoris.
514 1469 618 1511 Nam
638 1470 742 1521 quod
773 1475 837 1509 est
864 1469 951 1509 Deo
981 1470 1144 1518 creatio,
1176 1471 1250 1510 hoc
1281 1476 1346 1511 est
1375 1470 1461 1511 Soli
1492 1476 1637 1510 motus.
1685 1470 1780 1510 Mo-

5 1532 77 1569 vet
104 1532 237 1568 autem
265 1527 306 1568 in
336 1528 444 1578 fixis,
476 1534 521 1569 ut
549 1534 664 1581 pater
694 1529 733 1568 in
763 1528 842 1568 filio
873 1534 995 1568 creat.
1055 1529 1179 1570 Fixae
1211 1530 1314 1570 enim
1343 1530 1422 1570 uisi
1453 1530 1580 1570 locum
1609 1528 1780 1581 praebe-

3 1591 98 1630 rent
135 1599 210 1628 sua
245 1587 402 1639 quiete,
440 1587 540 1628 nihil
575 1587 722 1628 moveri
761 1593 912 1639 posset.
974 1585 1089 1634 Quod
1119 1588 1277 1628 axioma
1307 1588 1428 1629 etiam
1458 1589 1549 1629 dum
1579 1587 1781 1639 Tubingae

6 1645 133 1687 bani.
193 1645 437 1698 Dispertitur
467 1651 597 1686 autem
617 1645 687 1687 Sol
717 1646 902 1686 virtutem
931 1652 1061 1687 motus
1091 1659 1162 1699 per
1190 1647 1371 1697 medium,
1398 1648 1436 1687 in
1467 1660 1543 1700 quo
1574 1652 1667 1688 sunt
1696 1659 1784 1687 mo-

5 1702 129 1747 bilia:
160 1703 265 1745 sicut
293 1709 408 1761 pater
436 1717 509 1757 per
538 1705 719 1757 spiritum
749 1705 814 1745 vel
843 1706 989 1746 virtute
1019 1706 1181 1758 spiritus
1213 1706 1272 1747 sui
1293 1713 1417 1747 creat.
1478 1708 1612 1760 Atque
1628 1706 1715 1758 jam
1734 1718 1784 1745 ex

5 1762 249 1805 ¹necessitate
282 1764 670 1816 praesuppositorum
701 1763 901 1816 sequitur,
933 1770 1080 1805 motum
1111 1778 1198 1805 cum
1229 1765 1431 1806 distantiis
1460 1765 1499 1806 in
1530 1765 1783 1817 proportione

7 1830 113 1867 nse.
170 1821 240 1863 Sic
267 1822 391 1875 igitur
408 1823 595 1872 conclusi,
627 1828 683 1871 ut,
714 1836 814 1876 quae
845 1824 1044 1864 sententia
1074 1825 1238 1864 eundem
1270 1825 1442 1865 ordinem
1473 1825 1512 1864 in
1532 1830 1640 1864 motu
1658 1829 1702 1864 et
1719 1823 1783 1864 di·-

5 1875 167 1924 nuntiis
185 1887 378 1930 servaret,
409 1894 505 1922 vera
523 1887 651 1931 esset;
683 1894 783 1935 quae
808 1895 898 1931 non,
931 1882 1047 1923 salsa.
1107 1883 1263 1924 Exinde
1293 1884 1471 1936 probavi,
1502 1895 1668 1936 corpora
1686 1883 1784 1923 haec

0 1938 174 1992 duorum
201 1953 291 1980 esse
321 1940 510 1989 ordinum,
541 1940 622 1980 tria
649 1941 690 1981 in
721 1953 810 1988 nno,
841 1941 917 1981 duo
947 1942 986 1981 in
1019 1942 1168 1994 reliquo
1199 1943 1348 1983 ordine.
1411 1941 1564 1984 Cubum
1590 1955 1679 1982 esse
1697 1942 1783 1994 pri-

0 2008 114 2064 ἱιιιιιιι
142 1999 313 2039 οιιιιιίιιιιι
344 2004 386 2038 et
409 1998 471 2039 sui
501 1999 647 2040 ordinis
670 1999 809 2068 ριίειιιι,
841 2006 934 2052 post
962 2001 1193 2054 pyramida;
1226 2002 1405 2042 ultimum
1429 2002 1639 2054 primorum
1659 2001 1783 2040 dode-

8 2056 207 2107 caedrum.
262 2056 591 2099 secundariorum
619 2059 785 2110 primum
817 2072 905 2099 esse
926 2060 1154 2108 οοι3ἓᾱιοιι,
1186 2061 1365 2101 ιιΙιίιιιιιιιι
1390 2061 1648 2101 ieosaedron:
1679 2059 1783 2099 Hinc

10 2116 193 2161 constitit
219 2115 335 2165 ratio,
368 2129 488 2169 quare
519 2130 583 2158 res
614 2118 736 2158 totius
766 2118 899 2158 mundi
927 2119 1152 2170 praecipua,
1186 2120 1310 2160 Terra
1339 2132 1477 2172 nempe
1508 2133 1593 2159 cum
1613 2119 1782 2187 imagine

10 2166 88 2216 Dei
115 2174 156 2214 in
186 2174 341 2215 homine
371 2175 631 2228 distingueret
659 2177 763 2216 inter
792 2177 964 2217 ordines.
1025 2178 1196 2218 Probavi
1214 2179 1345 2231 igitur,
1378 2180 1482 2231 quod
1499 2178 1686 2231 primaria
1710 2176 1782 2217 de-

11 2232 134 2273 beant
161 2237 278 2274 extra
312 2234 458 2274 terreni
494 2234 601 2274 orbis
638 2236 880 2287 complexum
921 2249 1034 2284 esse,
1080 2238 1315 2278 secundaria
1350 2238 1480 2278 intra:
1532 2238 1636 2290 quod
1666 2243 1785 2288 caput

22 2309 29 2324 2
91 2290 220 2335 rioris
238 2291 387 2332 ordinis
410 2293 555 2333 debeat
579 2294 629 2333 ad
659 2294 759 2334 fixas
790 2307 964 2346 vergere,
992 2301 1112 2347 caput
1140 2296 1338 2336 interioris
1370 2297 1421 2336 ad
1452 2296 1599 2337 Solem.
1649 2295 1783 2348 Atque

9 2354 69 2384 '³22⁴
105 2350 364 2402 explicandae
394 2350 553 2390 fuerunt
582 2364 716 2392 omnes
747 2353 1009 2405 proprietates
1041 2360 1082 2394 et
1112 2355 1367 2406 cognationes
1396 2356 1534 2396 horum
1566 2367 1782 2407 corporum.

12 2427 43 2469 χχ
74 2427 79 2443 ;
114 2408 175 2449 ita
203 2409 457 2456 constitutis,
498 2411 681 2450 accensui
710 2412 941 2463 corporibus
965 2413 1170 2464 planetas,
1214 2414 1412 2454 contentis
1444 2428 1469 2454 a
1499 2415 1643 2454 Terrae
1676 2413 1783 2458 orbe,

45 2464 53 2473 ’
72 2476 75 2478 ’
114 2472 219 2508 utos
238 2481 263 2507 a
282 2481 351 2516 se,
340 2480 350 2490 ·
382 2468 553 2508 exclusis
585 2469 777 2511 exclusos.
834 2469 901 2510 Sic
931 2468 958 2521 Β
988 2472 1128 2511 cubum
1160 2473 1323 2512 sortitus
1348 2480 1424 2520 est,
1456 2473 1495 2521 Ἅι
1524 2473 1782 2520 tetraedrum,

25 2523 378 2579 ,’ᾶὸᾶοο3οᾱι·ιιιιι,
418 2526 450 2572 9
480 2527 745 2575 icosaedrum,
789 2530 816 2579 ζῖ
846 2530 1085 2570 octaedrum.
1147 2531 1359 2583 Digressus
1390 2531 1509 2584 igitur
1538 2532 1577 2571 in
1609 2531 1783 2571 astrolo-

52 2603 107 2619 -ιι
161 2585 429 2626 demonstravi
459 2586 716 2638 cognationes
747 2593 790 2627 et
817 2588 1081 2639 proprietates
1111 2590 1358 2641 planetarum
1389 2591 1597 2642 plerasque
1630 2603 1678 2630 ex
1707 2589 1782 2628 ho-

18 2636 24 2655 ⁵
70 2663 87 2677 ιι
126 2641 153 2684 5
183 2656 388 2696 corporum
417 2645 690 2685 affectionibus
720 2646 1024 2687 mathematicis.
1085 2649 1269 2688 Proxima
1293 2662 1385 2688 cura
1412 2649 1499 2697 fuit,
1531 2654 1575 2687 ut
1594 2648 1783 2688 ostende-

68 2720 85 2735 ιι
138 2703 329 2755 quomodo
360 2715 493 2743 omnes
522 2709 659 2755 partes
692 2705 939 2756 sexagenarii
968 2706 1207 2758 multiplices
1238 2708 1318 2747 sint
1347 2707 1386 2746 in
1415 2707 1475 2746 his
1496 2706 1521 2747 5
1543 2706 1782 2759 corporibus,

121 2761 190 2802 tis
224 2759 277 2802 10
307 2766 348 2801 et
382 2760 453 2810 15,
486 2768 527 2802 et
556 2763 730 2802 vicissim
762 2762 947 2815 quidquid
975 2764 1015 2804 in
1046 2765 1108 2805 his
1139 2771 1382 2812 numeretur,
1412 2777 1484 2816 per
1512 2770 1648 2817 partes
1678 2762 1785 2806 florii

71 2836 93 2860 ,·
112 2825 245 2867 retur,
276 2820 452 2872 exceptis
477 2822 728 2861 octaedriffet
758 2821 845 2862 cubi
875 2822 1005 2873 planis
1036 2824 1202 2890 angulis,
1237 2824 1301 2875 qui
1334 2829 1428 2863 sunt
1457 2824 1495 2863 in
1527 2830 1689 2876 utroque
1719 2824 1784 2864 vi-

43 2876 99 2911 “Ἳ·ι“
130 2878 321 2930 quaterni.
381 2879 558 2919 Tandem
594 2880 744 2920 duobus
783 2880 887 2919 foliis
923 2882 1077 2921 modum
1110 2882 1251 2933 scripsi
1282 2882 1510 2923 dimetiendi
1541 2888 1583 2923 et
1611 2882 1780 2923 investi—

105 2935 133 2972 η’
164 2936 312 2976 orbium
341 2937 616 2989 inscriptorum
652 2944 694 2978 et
732 2939 1110 2991 circumscriptorum
1153 2940 1286 2980 radios
1329 2941 1412 2980 sive
1455 2941 1780 2982 semidiametros.

25 3093 28 3099 ,
87 3105 90 3106 ⁷
161 3060 238 3102 ιιι,
269 3053 375 3093 volui
403 3054 559 3107 integra
589 3048 822 3103 describere,
855 3062 895 3095 et
926 3061 966 3095 te
997 3057 1213 3098 consulere.
1279 3058 1408 3098 Multa
1437 3059 1612 3110 reperies
1641 3059 1784 3110 partim

25 3117 29 3151 ἱ
79 3109 199 3158 -fflso
227 3112 405 3167 profecta
433 3113 635 3167 principio,
667 3115 809 3167 partim
828 3127 878 3154 ex
897 3115 1021 3162 nullo·
1053 3115 1194 3156 alicubi
1217 3116 1443 3158 haerentem
1464 3117 1628 3166 videbis,
1659 3129 1780 3174 prop-
