2028 3242
866 82 977 124 cap-2
999 81 1069 115 xx.
1791 83 1873 125 175

0 218 1 221 η
64 186 185 229 bun
211 198 333 240 qua-1
362 185 471 227 illius
500 192 634 228 motus
665 186 827 235 fortior,
860 187 947 227 sive
977 187 1159 233 citatior,
1192 188 1276 228 sive
1301 187 1511 240 pernicior,
1543 188 1630 229 sive
1660 188 1872 242 vigentior,

0 275 2 282 ,
67 257 139 286 seu
169 257 400 298 quocunque
431 245 555 286 verbo
586 258 671 286 rem
702 246 927 298 exprimere
956 245 1105 298 placet.
1155 246 1216 286 At
1247 251 1396 299 quanto
1427 247 1538 287 orbis
1563 247 1659 288 orbe
1691 248 1872 301 amplior,

0 318 3 328 ’
65 308 183 346 tanto
211 305 303 357 plus
333 304 526 356 temporis
558 305 679 344 etiam
712 303 878 357 requirit
908 303 960 344 ad
997 303 1216 353 ambitum,
1263 306 1341 345 etsi
1378 305 1561 358 utrinque
1601 306 1656 347 sit
1692 307 1873 360 aequalis

0 367 3 388 z
66 363 127 404 vis
156 370 302 405 motus.
345 362 454 415 Ergo
486 363 576 404 hinc
607 361 798 415 sequitur,
832 374 949 402 unam
981 363 1276 415 elongationem
1300 364 1490 415 planetae
1516 378 1540 404 a
1559 363 1872 418 SolemaJorem

0 432 10 453 ff
66 422 129 464 bis
157 423 292 464 facere
323 422 376 462 ad
407 422 632 474 augendam
661 421 891 473 periodum:
934 426 978 461 et
1007 427 1166 470 contra,
1206 421 1495 463 incrementum
1525 423 1678 475 periodi
1711 425 1871 477 duplum

0 510 3 532 ξ
65 494 158 526 esse
186 481 239 522 ad
270 480 534 531 ἁποςηματωυ
564 478 841 521 differentiam.
861 478 894 527 ί)

181 538 398 581 Dimidium
427 537 550 591 igitur
579 538 811 589 incrementi
842 537 1022 579 additum
1052 537 1216 591 periodo
1249 537 1390 580 minori
1415 539 1603 580 exhibere
1630 540 1751 582 debet
1773 554 1871 595 pro-

65 599 291 652 portionem
322 609 459 639 veram
489 596 796 639 distantiarum:
830 596 888 637 sic
921 603 964 638 ut
995 601 1260 650 aggregatum
1291 597 1357 646 sit,
1391 604 1437 638 ut
1461 598 1658 639 distantia
1688 601 1870 652 superio-

65 657 196 701 ris‘et
220 656 394 710 simplex
416 655 543 697 minor
560 656 747 709 periodus
767 661 1046 708 repraesentet
1064 655 1275 705 inferioris,
1308 669 1366 696 sc.
1399 657 1588 709 planetae
1622 658 1684 698 sui
1714 659 1872 700 distan-

3 721 7 725 ²
66 716 164 759 tium
200 716 242 757 in
279 714 420 756 eadem
457 715 695 769 quantitate.
756 714 1021 767 Exemplum:
1067 716 1096 765 Q
1136 720 1269 755 motus
1311 715 1557 767 periodicus‘
1582 723 1647 757 est
1689 714 1748 759 88
1791 718 1874 758 fere

66 774 231 824 dier-um,
264 772 437 815 Veneris
467 771 555 814 224
584 786 674 814 cum
702 773 819 814 besse
845 775 982 823 ferme,
1016 773 1243 814 differentia
1281 771 1360 815 136
1393 780 1436 815 et
1466 775 1551 824 bes,
1583 775 1786 817 dimidium
1818 775 1875 818 68

11 875 14 877 ,
67 839 110 875 et
136 845 234 887 pars
261 826 397 874 tertia.
458 832 545 872 Hoc
572 833 756 884 junctum
787 845 877 873 cum
908 829 967 873 88
998 833 1117 872 efficit
1154 821 1234 874 1⁸56
1266 839 1308 872 et
1338 832 1539 874 trientem.
1601 834 1710 886 Ergo
1742 841 1787 875 ut
1816 833 1875 877 88

67 892 119 934 ad
153 889 237 934 156
268 905 356 933 oum
385 890 533 939 tertia,
580 892 637 932 sic
678 890 975 931 semidiameter
1011 891 1149 932 circuli
1181 891 1432 932 Mercurialis
1465 892 1586 933 medii
1616 894 1669 933 ad
1700 894 1873 934 mediam

6 986 18 1003 „
68 951 255 993 Veneria.
302 951 391 992 Hoc
420 949 539 991 modo
571 949 604 991 si
629 950 669 990 in
696 950 862 1002 singulis
881 950 1072 1002 opereris,
1108 956 1227 1003 atque
1258 951 1541 1003 provenientes
1573 951 1691 995 binas
1715 953 1872 993 distan-

7 1007 14 1015 ⁹
66 1011 148 1053 tias
176 1022 250 1065 per
278 1019 464 1051 numeros
495 1009 652 1050 sinuum
683 1008 874 1061 explices,
907 1008 966 1050 sic
997 1015 1042 1050 ut
1073 1022 1232 1062 semper
1256 1009 1473 1063 superioris
1499 1010 1796 1052 semidiameter
1820 1012 1874 1053 sit

16 1094 19 1098 ν
67 1068 179 1112 sinus
209 1074 347 1112 totus:

826 1160 866 1209 Ἃ
898 1158 984 1202 574
1391 1159 1479 1203 572

501 1218 711 1271 proveniet
827 1224 862 1265 0'
896 1217 983 1259 274
1010 1185 1025 1289 s
1115 1220 1174 1260 At
1206 1225 1270 1259 est
1347 1173 1362 1309 ρ
1390 1219 1478 1261 290

464 1276 759 1317 semidiameter
827 1279 860 1327 ὅ
897 1275 982 1320 694
1011 1291 1015 1298 ·
1177 1277 1216 1318 ἰιι
1391 1278 1479 1320 658

554 1335 662 1376 orbis
786 1316 861 1425 ‘Q
895 1333 981 1377 762
1081 1335 1305 1389 Copernico
1392 1334 1478 1380 7¹9

836 1396 863 1446 Q
895 1393 980 1436 563
1391 1394 1478 1438 500
1505 1392 1569 1445 “’)7

16 1530 18 1532 v
183 1477 377 1531 Propius,
416 1483 460 1519 ut
491 1477 630 1527 vides,
668 1478 719 1518 ad
751 1477 1250 1519 veritatem-accessimus.
1270 1481 1309 1533 Q
1367 1479 1460 1519 Etsi
1492 1491 1587 1519 vero
1618 1479 1782 1529 dubito,
1822 1494 1875 1521 an
1894 1499 1921 1522 ι

18 1536 384 1586 „demonstrativa
410 1537 622 1584 methodo,
662 1537 768 1589 quod
798 1537 1014 1583 theorema,
1036 1530 1312 1586 instituerat?
1326 1538 1464 1590 praxis
1494 1538 1577 1579 ista
1608 1537 1759 1579 divisae
1792 1539 1874 1580 dif-

25 1605 28 1607 ’
57 1595 263 1638 florentiae
294 1601 482 1646 assecuta
513 1596 633 1636 fuerit
667 1608 739 1648 per
776 1595 909 1636 omnia
927 1594 992 1644 ¹¹):
1037 1600 1171 1635 tamen
1217 1608 1292 1636 non
1338 1597 1496 1637 omnino
1540 1597 1636 1637 nihil
1678 1597 1719 1637 in
1764 1597 1872 1639 hisce

30 1654 242 1704 Μαι-λε
272 1654 412 1704 latere,
444 1655 606 1696 credere
638 1667 701 1695 me
727 1655 844 1706 jubet
874 1654 956 1695 alia
986 1654 1219 1694 numerandi
1250 1655 1485 1704 methodus,
1519 1669 1598 1709 qua
1629 1656 1680 1696 ad
1713 1657 1875 1709 eosdem

30 1726 253 1766 „fmmeroo
279 1714 478 1756 revolvar.
530 1712 635 1760 Quia
664 1713 768 1754 enim
794 1713 999 1765 probabile
1019 1718 1095 1762 est,
1128 1713 1401 1754 fortitudinem
1432 1721 1562 1755 motus
1594 1726 1682 1756 cum
1714 1715 1873 1756 distan-

38 1772 137 1817 ὥσ
166 1785 259 1814 esse
286 1772 327 1813 in
358 1773 637 1825 proportione:
670 1772 748 1813 erit
778 1779 819 1812 et
851 1772 925 1812 hoc
950 1771 1169 1823 probabile,
1202 1773 1306 1824 quod
1337 1773 1504 1825 quilibet
1534 1775 1711 1826 planeta,
1744 1787 1874 1828 quan-

183 1837 349 1884 superat
385 1831 630 1883 superiorem
667 1832 898 1872 fortitudine
941 1837 1099 1879 motus,
1144 1836 1299 1872 tantum
1343 1839 1552 1884 superetur
1590 1833 1628 1873 in
1663 1833 1872 1875 distantia.

209 1889 354 1942 igitur,
399 1886 570 1942 exempli
613 1890 770 1942 gratia,
816 1890 963 1930 Martis
997 1896 1040 1930 et
1077 1890 1273 1930 distantia
1310 1897 1352 1931 et
1382 1891 1511 1932 virtus
1542 1893 1686 1932 unitas.
1747 1893 1875 1945 Igitur

34 1974 57 1987 w
319 1948 328 1957 .
403 1948 416 1960 .
481 1949 490 1957 .
580 1949 588 1957 .
758 1950 766 1958 .
1112 1955 1152 1988 te
1184 1949 1205 1988 f
1267 1950 1275 1958 .
1439 1965 1449 1991 :
1684 1951 1693 1959 .
1812 1952 1820 1960 .

4 1988 6 1991 ’
29 1948 1176 2062 {23333'3233'31:mtffifffflfiissfglssss2¹:²¹1,OE
1201 1951 1873 2063 ‘32235233218‘1‘253'33522232

23 2066 226 2109 Α,ηιῐίιιιιι
255 2066 427 2107 Telluris
458 2068 510 2107 ad
539 2067 730 2108 Martium
762 2079 851 2106 esse
882 2072 928 2107 ut
958 2064 1046 2108 694
1077 2068 1126 2107 ad
1163 2065 1294 2116 1000,
1327 2079 1440 2119 erge,
1471 2069 1625 2121 inquio,
1658 2069 1692 2109 si
1724 2070 1870 2122 ampli-

38 2125 167 2176 [dudo
197 2125 334 2165 circuli
364 2137 435 2177 per
458 2123 571 2166 1000
602 2131 745 2166 notata
774 2126 1075 2178 perambulator
1105 2140 1129 2165 a
1160 2126 1200 2165 vi
1230 2127 1397 2167 motrice
1417 2127 1569 2168 Martia
1601 2126 1686 2169 687
1718 2128 1872 2176 diebus,

27 2228 29 2233 ¹
70 2183 412 2235 perambulabitur
443 2184 585 2224 eadem
615 2184 655 2224 vi
685 2185 837 2225 Martia
869 2184 1039 2225 circulus
1069 2184 1219 2232 minor,
1264 2197 1337 2236 per
1377 2183 1464 2227 694
1500 2191 1690 2235 notatus,
1732 2187 1871 2228 diebus

35 2236 172 2289 ¹477.
234 2241 327 2282 Jam
359 2242 452 2294 quia
482 2247 635 2282 certum
666 2249 742 2290 est,
776 2243 923 2282 Terrae
955 2243 1158 2283 circuitum
1191 2256 1279 2282 esse
1309 2257 1385 2284 nou
1417 2241 1526 2294 477,
1560 2246 1633 2285 sed
1664 2243 1749 2287 365
1783 2246 1869 2286 die-

48 2311 49 2315 ’
69 2313 181 2341 rum:
219 2313 343 2352 pergo
379 2313 452 2352 per
486 2301 664 2352 regulam
697 2302 895 2340 inversam
932 2301 1015 2341 sic:
1054 2301 1140 2341 dies
1171 2300 1256 2342 477
1289 2310 1614 2344 consumerentur
1645 2318 1670 2344 a
1700 2304 1870 2356 simplici

17 2359 112 2407 ,κύ
136 2359 292 2400 Martia
303 2372 315 2407 ;
359 2364 549 2411 quantum
586 2359 635 2398 de
674 2359 712 2399 vi
742 2360 894 2400 Martia
927 2360 1124 2399 consumit
1161 2360 1368 2400 circuitum
1400 2358 1487 2403 365
1527 2376 1615 2402 cum
1647 2364 1869 2415 quadrante

4 2441 6 2446 ·
39 2417 221 2458 {dierum
250 2431 323 2470 per
352 2418 520 2457 eundem
552 2418 755 2466 ambitum,
789 2430 904 2469 quem
935 2419 1047 2458 Mars
1079 2420 1292 2458 conficeret
1318 2416 1404 2460 477
1437 2421 1608 2460 diebus?
1656 2422 1761 2462 Nam
1793 2422 1869 2462 du-

4 2471 19 2530 il
46 2473 177 2517 stium
212 2489 290 2517 non
335 2482 423 2524 est,
469 2477 559 2529 quin
605 2477 745 2516 fortior
779 2476 908 2516 virtus
945 2477 1168 2528 requiratur
1205 2489 1322 2529 quam
1362 2484 1425 2518 est
1455 2479 1618 2518 Martia.
1680 2480 1872 2520 Provenit

5 2534 21 2585 {³
46 2533 197 2587 igitur
234 2547 355 2587 supra
396 2536 595 2587 integram
638 2536 717 2574 vim
748 2535 941 2575 Martiam
978 2536 1108 2575 adhue
1147 2532 1307 2587 ⁸⁰⁶l1000
1351 2550 1446 2588 pars
1484 2538 1663 2590 ejusdem
1692 2539 1869 2579 virtutis.

3 2592 11 2645 -ζ
54 2612 56 2614 ’
85 2597 108 2627 ῖι
153 2599 308 2634 tantum
329 2594 465 2634 Tellus
484 2595 617 2634 Marte
651 2594 792 2633 fortior
822 2599 910 2633 est:
945 2594 1063 2633 debet
1093 2594 1215 2645 igitur
1247 2600 1289 2634 et
1318 2601 1432 2636 tanto
1463 2597 1625 2648 propior
1649 2610 1740 2636 esse
1761 2596 1869 2646 Soli3

7 2683 26 2699 ,v
46 2691 62 2698 st
97 2665 211 2704 empe
241 2653 276 2693 si
306 2653 419 2693 Mars
450 2665 522 2705 per
557 2651 669 2694 1000
701 2666 724 2691 a
758 2651 853 2691 Sole
885 2653 1053 2692 recessit
1089 2652 1301 2699 (distantia
1333 2655 1436 2694 enim
1467 2655 1681 2706 superioris
1714 2669 1870 2708 semper

162 2713 358 2763 integrum
391 2712 504 2763 quid)
537 2711 670 2751 Tellus
696 2724 769 2763 per
788 2707 873 2751 306
893 2723 1030 2750 earum
1060 2712 1232 2762 partium
1263 2713 1424 2764 propior
1455 2713 1556 2753 erit:
1589 2719 1632 2753 et
1663 2714 1868 2755 subtracto

12 2818 16 2820 ἡ
47 2772 106 2803 ἵκω
128 2769 262 2810 eriori
293 2767 378 2810 306
410 2770 460 2810 ab
491 2770 666 2810 inferiori
697 2767 820 2816 1000,
854 2769 973 2808 debet
1003 2769 1211 2821 provenire
1243 2783 1428 2811 numerus
1459 2772 1572 2812 initio
1603 2773 1772 2824 positus,
1804 2773 1868 2814 vi-

12 2825 14 2828 ’
63 2828 214 2879 1⁴·‚1icet
243 2826 341 2876 694,
375 2828 409 2868 si
439 2828 645 2879 vera-fuit
673 2828 744 2868 illa
774 2828 947 2879 positio;
980 2828 1040 2868 sin
1072 2829 1177 2868 falsa
1203 2829 1318 2878 foret,
1352 2842 1446 2882 ergo
1473 2831 1696 2882 operareris
1721 2845 1867 2873 secun-

72 2891 84 2898 *
106 2904 110 2915 ·
133 2904 151 2920 ··
190 2893 407 2940 praecepta
435 2888 616 2939 regulae,
649 2892 691 2926 et
721 2887 885 2926 eliceres
918 2899 1053 2927 veram
1083 2886 1333 2939 positionem.

74 2987 76 2991 ‚
185 2945 313 2986 Vides
344 2946 419 2986 hoc
449 2947 576 2986 altero
608 2946 855 2986 theoremate
887 2944 1092 2996 provenire
1124 2958 1201 2985 non
1234 2946 1353 2995 alios,
1386 2960 1504 3000 quam
1534 2947 1759 2999 superiores
1790 2963 1867 2991 nu..

149 3017 216 3048 os:
248 3004 351 3045 unde
371 3009 522 3048 certum
540 3010 605 3045 est
623 3005 700 3045 duo
726 3005 807 3044 ista
826 3003 1077 3044 theoremata
1095 3004 1223 3045 forma
1254 3006 1411 3059 quidem
1431 3006 1602 3056 differre,
1635 3008 1708 3050 sed
1726 3021 1868 3050 revera
