2028 3242
404 0 490 63 ὅ
534 0 696 112 ΗΝ
741 0 813 73 ἱ
868 0 1217 83 maz-472¹
1552 0 1662 91 ’5,”
1715 0 1752 58 Γ
1839 37 1926 82 263

120 161 269 202 Tum
291 167 370 201 seu
400 170 511 212 φορᾳ
540 156 719 210 ejusdem
747 168 821 209 per
852 155 914 196 sui
944 154 1081 195 circuli
1111 152 1394 206 quadrantem,
1437 146 1926 214 w?

121 224 151 260 ε’
257 231 280 260 r
315 217 393 259 sibi
421 218 435 257 i
466 218 501 258 si
541 217 581 257 in
612 215 783 256 diversis
815 215 868 256 sit
1181 224 1205 251 o
1270 209 1431 250 minime
1461 221 1557 249 vero
1595 212 1720 265 nutan
1767 237 1778 266 t
1838 205 1926 247 Nec

119 290 224 331 simp
240 290 292 319 cx
313 278 414 318 haec
446 274 695 317 asseveratio
726 287 822 314 vera
852 267 1152 324 estangnlum
1180 270 1282 310 hunc
1307 267 1470 309 variari.
1530 267 1635 308 Nam
1655 265 1796 305 eadem
1815 276 1927 304 sem-

119 349 192 391 per
218 341 358 378 manet
385 336 475 377 axis
507 336 656 376 Terrae
688 334 739 374 ad
770 333 932 387 planum
963 330 1173 384 eclipticae
1206 327 1430 375 inclinatio,
1475 326 1560 366 sive
1591 327 1630 366 in
1663 323 1926 376 aequinoctiis

120 396 207 438 sive
247 395 289 436 in
321 395 510 436 solstitiis
542 394 612 442 (de
651 394 892 440 mutatione,
937 403 1040 443 quae
1082 394 1177 442 post
1219 386 1344 427 multa
1381 385 1518 425 secula
1560 394 1752 436 perquam
1784 381 1928 434 exigua

120 454 333 506 contingit,
369 455 456 508 jam
498 465 576 493 non
619 453 799 505 loquor),
842 451 915 492 sed
957 463 1036 491 non
1074 459 1231 499 semper
1268 443 1405 486 Solem
1449 443 1638 495 respicit;
1682 441 1928 508 transfertur

121 526 289 566 namque
320 513 458 555 Tellus
487 525 576 552 cum
606 523 681 551 sua
709 511 986 557 inclinatione,
1024 520 1126 561 quae
1156 516 1313 557 semper
1352 503 1392 543 in
1425 503 1587 543 easdem
1620 501 1755 541 mund1
1775 506 1927 567 ‘partes

121 573 265 627 vergit.
327 572 468 625 Itaque
505 570 712 612 inclinatio
751 571 872 620 haec,
917 569 1059 610 eadem
1101 577 1267 606 manens
1313 575 1402 603 cum
1438 562 1558 614 plano
1592 561 1702 612 ipso,
1746 559 1927 599 dlversos

78 679 88 685 ,
120 638 255 674 umen
285 631 454 683 angulos
484 642 575 671 cum
605 629 775 672 diversis
810 630 921 683 plani
953 627 1070 669 lineis
1103 622 1331 670 constituit,
1377 626 1420 662 ut
1460 633 1509 660 ex
1549 618 1795 672 geometrica
1826 617 1927 658 soli-

117 690 257 732 domm
287 689 470 732 doctrina
497 694 674 731 constat.
1671 736 1679 744 ⁸

235 749 432 803 Adeoque
469 748 535 800 qui
577 756 671 801 apte
710 748 787 788 sibi
829 746 1002 788 voluerit
1045 739 1255 794 imaginari
1300 738 1468 791 primum
1500 743 1543 778 et
1586 741 1748 777 tertium
1779 735 1926 775 Terrae

117 813 268 850 monim
297 809 512 849 secundnm
547 806 812 861 Copernicum
843 805 1044 858 (quamvis
1088 799 1234 842 tertius
1277 797 1341 838 hic
1376 810 1450 850 per
1479 809 1523 836 se
1555 800 1689 836 motus
1721 806 1798 834 non
1829 795 1926 842 est),

117 869 155 909 is
183 864 403 922 cylindrum
433 867 538 908 binis
567 868 700 920 planis
731 865 939 918 parallelis
970 862 1128 915 oblique
1160 863 1271 898 secet
1289 857 1341 897 ad
1361 856 1549 909 angulum
1571 851 1627 895 66
1638 849 1680 905 '12
1697 849 1734 902 ⁰,
1766 858 1810 892 et
1829 852 1923 905 quia

118 928 193 968 hoc
220 931 343 979 paeto
372 938 600 967 communes
631 925 831 966 sectiones
863 937 934 965 seu
963 924 1086 964 bases
1114 919 1215 959 fiant
1500 946 1559 979 m.
1580 944 1609 972 ³.

118 985 295 1039 ellipses,
321 997 394 1038 per
412 986 550 1035 coroll.
576 981 642 1026 16.
663 985 732 1026 lib.
753 985 786 1024 Ι.
819 982 960 1024 Sereni
980 983 1028 1022 de
1048 977 1217 1033 cylindri
1556 992 1587 1028 1:

118 1045 325 1091 sectione:
359 1043 486 1096 fingat
515 1044 551 1084 is
581 1043 761 1091 interim,
801 1055 891 1083 esse
924 1041 1094 1082 circulos
1125 1049 1221 1090 per-

122 1104 262 1145 fectos.
300 1101 416 1150 Quae
435 1102 557 1155 igitur
575 1110 639 1143 est
663 1102 706 1152 in
727 1099 1048 1142 circumferentia
1065 1096 1222 1138 basium

118 1162 347 1215 superficies
366 1161 511 1202 alicubi
534 1167 657 1210 recta,
691 1161 888 1201 inclinata
907 1158 1066 1207 alicubi,
1098 1156 1223 1196 talem

117 1221 367 1274 superficiem
393 1220 482 1261 axis
501 1220 649 1261 Terrae
675 1219 865 1260 inclinate
891 1217 1127 1261 circumlata
1146 1214 1220 1255 de-
1251 1244 1275 1282 c
1755 1255 1761 1262 ¹
1888 1226 1915 1263 B

118 1279 272 1321 scribit.
334 1278 424 1327 Ac,
457 1279 532 1320 BD
563 1279 684 1319 bases
714 1278 901 1332 cylindri,
943 1277 1015 1318 illa
1044 1273 1221 1320 inferioh

118 1339 220 1380 haec
262 1337 461 1392 superior,
510 1337 585 1379 CD
628 1336 856 1390 superficies
901 1334 1117 1389 aequealta
1160 1331 1226 1372 axi

120 1398 289 1443 Terrae,
326 1397 392 1438 hic
423 1401 487 1437 est
523 1397 718 1437 inclinata
758 1400 803 1436 ut
833 1401 877 1436 et
906 1395 946 1436 in
978 1394 1095 1443 AB„
1114 1396 1228 1433 recta

115 1457 158 1497 in
186 1456 236 1506 Ε,
260 1450 315 1497 F.
365 1455 431 1496 Ita
461 1454 549 1504 CD,
587 1455 664 1496 AB
696 1455 986 1497 solstitiorum-
998 1457 1091 1493 sunt
1122 1451 1226 1498 loca,
1580 1478 1607 1512 ι

117 1515 179 1565 Ε,
208 1514 245 1557 1³·
272 1514 622 1568 aequinoctiorum.

234 1571 324 1616 Nec
353 1573 527 1614 feliciter
543 1573 675 1621 Ursus
693 1570 880 1613 Graecas
901 1584 1020 1628 voces
1053 1571 1191 1623 tetigit
1221 1577 1387 1623 κυλισις,
1419 1578 1583 1625 onnon,
1611 1578 1829 1626 potestque
1860 1574 1925 1614 vel

119 1633 196 1674 boc
225 1633 313 1673 solo
344 1631 529 1674 Graecae
555 1632 715 1684 linguae
734 1631 865 1684 perito
898 1628 1166 1682 Copernicum
1191 1633 1406 1674 obscurum
1425 1634 1604 1675 reddere.
1668 1631 1771 1681 Tibi,
1804 1632 1924 1682 Urse,

61 1734 88 1745 -,
117 1691 263 1741 werra,
293 1690 352 1733 uti
382 1691 542 1744 quidem
572 1691 741 1739 statuis,
774 1690 813 1730 in
839 1690 1008 1743 jactatis
1040 1705 1065 1730 a
1094 1693 1137 1729 te
1168 1690 1457 1746 hypothesibus
1490 1696 1662 1738 σιω-ται,
1695 1691 1735 1731 in
1768 1689 1924 1742 Coper-

104 1750 210 1791 'nico
237 1750 347 1791 orbis
384 1750 451 1804 qui
481 1749 647 1791 Terram
677 1749 808 1799 vehit,
852 1748 888 1788 si
919 1749 1007 1801 quis
1036 1749 1253 1801 palpabilis
1285 1758 1413 1800 esset,
1456 1756 1621 1792 ὅινειται.
1684 1751 1730 1790 In
1761 1750 1925 1791 usitatis

118 1809 407 1866 hypothesibus
448 1821 587 1850 omnes
631 1809 748 1849 orbes
790 1813 832 1848 et
862 1807 1097 1858 nominatim
1135 1811 1303 1851 mundus
1342 1815 1452 1851 totus
1497 1815 1538 1850 et
1570 1809 1744 1861 sphaera
1775 1809 1928 1850 extima

117 1870 292 1914 dum,
335 1868 376 1908 in
420 1874 536 1910 torno
567 1868 710 1920 globus
749 1871 902 1908 δινειται
946 1867 1242 1920 quiescentibus
1279 1870 1382 1922 polis
1420 1876 1462 1909 et
1499 1873 1686 1909 manente
1717 1868 1855 1908 mobili
1886 1868 1926 1908 in

117 1938 191 1967 suo
220 1927 323 1968 loco.
386 1928 512 1968 Terra
542 1940 636 1968 vero
669 1927 708 1966 in
730 1925 966 1979 Copernico‚
999 1926 1033 1966 si
1065 1926 1191 1968 solum
1224 1942 1395 1969 annuum
1416 1935 1565 1968 motum
1585 1932 1759 1980 spectes,
1790 1932 1925 1967 mente

117 1998 313 2038 separans
343 1987 536 2036 diurnum,
567 1986 803 2038 simpliciter
833 2000 1094 2036 περιφερεται.
1158 1986 1229 2027 Sin
1261 1993 1306 2027 tu
1338 1988 1472 2036 dicas,
1506 1985 1729 2039 Copernico
1760 1986 1926 2026 Terram

117 2048 329 2093 ὄνασθαι,
369 2059 447 2085 non
479 2058 555 2098 ego
587 2042 824 2086 intellexero
869 2045 918 2083 de
956 2049 1065 2084 motu
1097 2059 1226 2085 annuo
1272 2047 1343 2086 sed
1382 2047 1431 2086 de
1464 2047 1623 2094 diurno,
1669 2058 1757 2085 cum
1796 2045 1847 2085 ab
1878 2057 1925 2084 eo
1991 2088 1997 2099 Ι

118 2109 250 2144 mente
281 2116 517 2156 separamus
547 2117 731 2144 annuum.
794 2102 866 2143 Sin
892 2109 1025 2143 autem
1055 2103 1166 2145 dicas
1185 2107 1447 2154 κνλινδεσθαι,
1473 2106 1560 2157 jam
1584 2111 1792 2156 utrumque
1813 2117 1925 2144 com-

118 2163 261 2214 plexus
291 2175 335 2203 es
366 2168 409 2203 et
438 2168 588 2202 motum
620 2163 804 2202 diurnum
835 2169 876 2202 et
908 2175 1091 2202 annuum.
1154 2164 1316 2204 Etenim
1346 2167 1510 2210 κυλισις,
1557 2164 1591 2203 si
1621 2163 1771 2211 nescis,
1814 2175 1925 2202 com-

117 2220 275 2272 positus
305 2225 370 2260 est
399 2227 529 2261 motus
571 2234 622 2260 ex
654 2235 762 2272 φορᾳ
805 2227 846 2261 et
877 2224 1030 2270 δινησει.
1091 2222 1148 2261 Et
1188 2224 1399 2263 κυλινδεται
1444 2223 1585 2275 globus
1630 2222 1697 2261 ille
1737 2222 1924 2269 lusorum,

120 2291 196 2332 quo
241 2279 292 2318 ad
325 2285 484 2319 stantes
527 2292 672 2319 cuneos
710 2279 947 2319 evertendos
991 2279 1208 2320 collimant.
1266 2281 1353 2321 Nec
1396 2295 1459 2321 me
1491 2281 1662 2321 Hercule
1696 2279 1924 2319 concinnius

120 2345 187 2378 est
215 2338 440 2390 exemplum
470 2343 602 2385 motus
622 2338 794 2377 Telluris
826 2337 1048 2388 compositi,
1081 2352 1198 2390 qnam
1230 2339 1264 2378 si
1297 2339 1383 2391 quis
1414 2341 1554 2391 fingat,
1587 2339 1746 2390 globum
1774 2265 2004 2453 Terrae}

121 2397 249 2437 instar
279 2396 473 2449 ejusmodi
506 2396 612 2448 globi
646 2396 780 2435 lusorii
813 2396 970 2448 obliquo
1002 2402 1136 2437 tamen
1169 2398 1234 2437 axi
1266 2398 1447 2449 provolvi
1479 2398 1516 2437 in
1548 2398 1741 2436 directam
1755 2396 1922 2440 lineam,
2019 2428 2028 2437 .

121 2455 193 2495 sed
219 2468 320 2508 quae
340 2468 417 2495 non
438 2455 550 2495 sitin
570 2455 689 2506 plano
718 2467 852 2494 verum
884 2455 924 2494 in
962 2455 1103 2505 globo;
1137 2461 1182 2495 ut
1213 2456 1246 2495 si
1266 2457 1393 2496 Terra
1423 2457 1462 2495 in
1494 2455 1688 2507 superiori
1719 2455 1922 2495 schemate
1953 2453 1975 2511 ζ

119 2514 324 2566 superficie
343 2512 491 2554 EAFC
523 2513 826 2566 provolveretur
846 2513 911 2552 via
930 2512 1067 2562 EGF;
1098 2519 1141 2554 et
1172 2515 1229 2554 sic
1261 2519 1346 2555 tres
1369 2514 1580 2566 Copernici
1610 2519 1741 2554 motus
1772 2513 1812 2553 in
1843 2527 1922 2554 una
1936 2515 1979 2580 J

120 2573 196 2613 hac
225 2573 500 2624 provolutione
530 2573 679 2612 insunt.

235 2631 431 2672 Perduxit
459 2629 738 2685 hypothesium
770 2629 977 2670 historiam
996 2631 1126 2672 Ursus
1156 2643 1279 2683 usqne
1312 2631 1362 2671 ad
1389 2636 1571 2683 tempora
1591 2629 1756 2678 Christi,
1788 2630 1921 2683 quali-

122 2701 275 2742 cunque
306 2689 507 2731 successuss
571 2688 688 2735 Quod
720 2689 846 2728 sicubi
877 2703 902 2728 a
932 2701 1054 2742 scopo
1086 2690 1252 2738 erravit,
1286 2703 1395 2730 error
1425 2690 1586 2730 crimine
1617 2694 1753 2730 tamen
1785 2702 1921 2730 carere

122 2748 249 2788 videri
275 2754 429 2801 potest.
492 2749 571 2789 Per
601 2747 867 2798 ignorantiam
899 2747 1000 2787 enim
1034 2760 1170 2788 omnes
1212 2748 1472 2789 multifariam
1503 2749 1686 2789 labimur.
1749 2747 1809 2788 At
1838 2748 1920 2805 jam

122 2807 188 2847 ubi
218 2807 270 2846 ad
299 2807 808 2863 AQlloniQEergaeum
840 2806 1012 2855 devenit,
1047 2807 1147 2846 adeo
1179 2807 1278 2847 dura
1308 2808 1438 2847 fronte
1471 2812 1545 2855 est,
1580 2807 1840 2865 Q‘fflffjffl
1871 2821 1919 2847 a-
1994 2763 2028 2905 ί

122 2865 342 2922 cissimaJL
362 2866 495 2906 sciens
525 2861 918 2917 volensque”fiarr‘at
959 2863 1162 2915 fabarum
1204 2871 1247 2906 ut
1265 2864 1461 2921 “nes'cias'ss
1505 2860 1690 2906 rideasne
1720 2862 1919 2921 hommem
2014 2877 2021 2912 1

121 2918 961 2977 Qusamffifffflfcfiffistantiis
993 2924 1173 2964 omnibus
1203 2920 1472 2964 narrationem
1495 2919 1620 2965 'suam'
1634 2916 1954 2973 'instifiii‘j'ifffif‘

99 2982 190 3032 *cui
216 2982 265 3022 de
296 2995 338 3022 re
369 2983 458 3035 ipsa
487 2997 563 3023 non
597 2988 691 3023 ante
723 2987 897 3030 constat,
923 2983 1061 3034 jurare
1093 2983 1223 3028 ausit,
1255 2996 1332 3023 non
1365 2996 1455 3024 esse
1487 2983 1600 3024 nihili
1630 2995 1727 3033 rem,
1760 2996 1838 3036 qua
1867 2984 1916 3023 de

122 3040 308 3093 loquitur.
374 3040 467 3088 Qua
497 3042 537 3081 in
569 3054 611 3082 re
643 3054 728 3082 cum
752 3041 1004 3094 praecipuum
1024 3054 1169 3082 causae
1189 3055 1285 3082 suae
1304 3043 1593 3083 firmamentum
1623 3047 1762 3097 ponat,
1792 3055 1915 3097 prae-
