2028 3242
860 110 977 140 eontra
999 105 1130 140 Um
1706 155 1718 160 ·
1816 105 1904 149 253

79 216 159 259 ΔΕ
186 220 400 271 aequatur,
443 213 521 255 CG
552 214 638 266 ejus
668 213 757 254 axis
1051 270 1055 275 ἡ
1272 210 1336 243 tk-
1357 208 1385 238 ¹.

80 280 125 317 et
156 275 254 329 poli.
318 273 400 315 m)
440 273 640 322 zodiacus,
685 272 758 313 BF
1316 253 1347 291 Δ
1529 301 1533 321 ;

79 334 167 388 eju·
196 333 287 375 axis
315 338 360 374 et
388 332 491 386 poli3
532 331 611 373 erit
657 330 756 373 lKL

78 393 230 446 primus
258 391 369 433 orbis
407 392 447 432 in
480 390 638 432 theoria
666 390 753 430 Lu-
1336 299 1517 573 ⁷

79 449 620 498 naeseeundumEudoxum,
637 449 750 501 ejus-

79 504 156 565 que
190 510 272 565 poli
306 509 350 558 Ι,
402 509 459 550 Κ.
510 506 634 554 NOQ
680 519 749 547 se-

78 570 248 619 cundus,
291 569 379 622 ejus
406 567 490 620 poli
515 567 576 616 N,
614 565 653 607 Ο
684 565 750 606 af-
817 592 842 628 Β

77 628 341 730 ΗΕ
367 624 750 726 afflui
1108 564 1572 802 ‘'ff=N

76 719 135 815 n}
166 743 221 796 T,
251 744 362 786 *Μ
391 696 751 796 ωουῖἰοῆῗνῖἷῖ
782 786 806 824 c
821 622 1530 803 *115sz
1580 808 1584 810 ,

77 812 155 848 etis
182 804 241 854 V,
270 804 326 845 X.
1131 808 1325 989 W
1349 807 1573 916 Ἶρι
1596 892 1598 894 V

1090 808 1554 1048 &est

78 1229 147 1261 ras
163 1217 305 1259 Lunae
333 1215 646 1268 inaequalitates
664 1213 751 1254 Eu-

193 863 333 905 nabes
371 861 532 903 Eudoxi
579 873 752 901 concen-

78 1279 206 1319 doxus
235 1275 451 1329 ignoravit.
1110 1039 1327 1322 ῃ,

195 1335 322 1376 Porro
382 1345 504 1386 quare
562 1331 753 1371 Eudoxus
1317 1327 1347 1364 Β

80 1395 202 1436 etiam
230 1393 271 1435 in
302 1391 516 1433 'l'heoriam
548 1389 656 1431 Solis
688 1390 916 1433 latitudinis
943 1393 1132 1434 circulum
1170 1391 1452 1441 introduxerit,
1485 1392 1551 1432 din
1582 1403 1737 1433 mecum
1767 1405 1896 1446 qnae-

79 1453 169 1495 sivi.
229 1452 336 1494 Nam
378 1450 457 1490 etsi
494 1449 570 1490 hoc
600 1449 739 1501 procul
785 1451 904 1492 dubio
936 1458 997 1502 ret*
1024 1451 1076 1492 D.
1116 1451 1254 1505 Tycho
1284 1450 1420 1491 Brahe
1464 1450 1609 1500 faciat,
1654 1451 1722 1504 qui
1764 1457 1900 1492 muta-

81 1513 231 1554 tionem
271 1510 448 1564 aliquam
498 1507 725 1549 latitudinis
769 1510 936 1551 lixarum
980 1509 1264 1563 deprehendit:
1312 1509 1389 1550 hoc
1437 1514 1573 1550 tamen
1622 1515 1708 1551 mm
1749 1510 1900 1552 subtile

79 1570 282 1625 negotium
326 1582 402 1609 nec
440 1567 518 1608 nisi
557 1573 654 1620 post
695 1571 822 1609 multa
865 1570 1001 1610 secula
1047 1568 1288 1622 deprehendi
1337 1573 1495 1621 potest,
1547 1581 1622 1609 nec
1664 1569 1700 1610 si
1741 1569 1899 1610 Eudoxi

80 1637 261 1684 tempore
300 1628 505 1682 potuisset
550 1625 815 1668 animadverti
860 1627 1030 1669 Eudoxo
1069 1628 1214 1669 fuisset
1265 1627 1491 1679 cognitum,
1534 1628 1599 1680 qui
1639 1628 1766 1669 multo
1808 1628 1898 1668 evi-

80 1689 264 1743 dentiora
314 1685 537 1740 praeteriit.
611 1685 898 1738 Interpretatio
954 1700 1048 1728 vero
1092 1686 1402 1728 Fracastorii
1445 1687 1574 1727 locum
1624 1699 1703 1728 non
1747 1687 1897 1728 habet:

80 1749 210 1799 „haec
239 1746 381 1800 igitur,
411 1745 560 1798 inquit,
604 1759 629 1784 a
666 1747 843 1787 secunda
877 1759 950 1799 per
980 1745 1135 1786 zodiaci
1183 1745 1471 1798 longitudinem
1503 1744 1744 1793 ducebatur,
1786 1753 1899 1787 motu

82 1812 218 1848 autem
254 1818 326 1846 suo
363 1804 561 1850 faciebat,
606 1810 649 1843 ut
686 1805 808 1845 stella
845 1818 923 1846 non
962 1806 1001 1846 in
1040 1805 1179 1845 eadem
1218 1804 1395 1845 maxima
1432 1804 1701 1845 declinatione
1740 1817 1900 1857 semper

82 1870 278 1914 maneret,
316 1863 389 1904 sed
418 1863 535 1904 Luna
566 1862 683 1902 modo
714 1862 752 1903 in
797 1877 875 1905 uno
907 1865 1021 1917 signo
1060 1865 1177 1905 modo
1211 1864 1252 1904 in
1284 1864 1364 1903 alio
1395 1864 1616 1913 videretur,
1661 1862 1735 1904 Sol
1766 1864 1898 1916 magis

80 1931 123 1966 et
151 1924 280 1965 minus
312 1922 544 1972 declinaret,
564 1922 614 1961 ab
647 1920 1045 1974 aequinoctiali.“¹')
1107 1921 1219 1970 Quid
1243 1923 1348 1962 enim
1381 1935 1481 1975 opus
1501 1927 1566 1963 est
1595 1935 1669 1975 pro
1701 1922 1899 1963 varianda

81 1983 190 2029 Solis
221 1982 487 2023 declinatione
518 1993 662 2021 novum
693 1981 879 2022 inducere
910 1982 1118 2031 circulum,
1152 1995 1241 2022 cum
1272 1981 1312 2021 id
1345 1982 1519 2022 officium
1561 1981 1683 2022 tertio
1723 1982 1791 2035 qui
1822 1982 1897 2022 sub

81 2043 246 2084 zodiaco
276 2040 427 2081 incedit
467 2040 521 2080 sit
557 2041 787 2092 proprium?
846 2041 904 2082 Et
933 2042 1059 2081 verba
1089 2041 1215 2093 ipsius
1246 2053 1325 2080 non
1359 2046 1453 2081 sunt
1479 2040 1715 2081 astronomi.
1766 2041 1895 2090 Luna,

77 923 213 972 tricos,
245 922 369 971 Urse,
406 921 447 962 iu
468 920 635 960 *theoria
665 920 751 959 Lu-

76 995 168 1024 nae.
242 981 265 1022 1
316 992 420 1021 nunc
476 984 519 1019 et
573 983 753 1019 veterum

77 1040 364 1083 astronomiam
394 1037 565 1079 extolle!
616 1037 752 1077 Theo-

78 1101 140 1141 ria¹
188 1098 289 1140 haec
337 1110 415 1139 nou
464 1101 628 1137 constat
675 1095 752 1136 nisi
782 1114 792 1117 »

77 1156 353 1206 oonoenffieis,
386 1169 484 1197 saue
516 1156 609 1209 quia
638 1159 752 1195 cete-

0 2105 1 2108 ’
82 2101 223 2154 inquit,
253 2099 468 2140 secundum
498 2099 695 2139 maximae
728 2100 1012 2140 declinationis
1045 2100 1096 2139 ab
1129 2105 1345 2152 aequatore
1376 2105 1567 2152 punctum
1610 2113 1713 2140 nunc
1745 2100 1787 2140 in
1817 2112 1896 2140 uno

83 2160 211 2212 signo,
242 2171 344 2198 nunc
375 2157 415 2197 in
447 2157 527 2197 alio
558 2158 805 2198 cernebatur.
868 2159 926 2199 At
951 2159 1068 2199 Luna
1086 2158 1318 2199 Fracastori
1349 2159 1532 2212 nuspiam
1558 2159 1649 2211 plus
1669 2159 1721 2199 ab
1742 2171 1895 2212 aequa—

82 2225 171 2259 tore
202 2217 396 2263 declinat,
430 2228 548 2268 quam
583 2216 623 2255 in
657 2226 717 2264 Θ,
758 2220 803 2265 ἕ
816 2246 827 2263 ,
868 2231 946 2257 nou
988 2218 1117 2257 minus
1164 2230 1282 2269 quam
1313 2216 1398 2257 Sol.
1460 2216 1653 2270 Adeoque
1686 2218 1772 2269 jam
1811 2218 1895 2257 fere

86 2275 375 2318 concludebam
406 2286 574 2322 mecum,
610 2275 785 2314 voluisse
816 2275 1025 2316 Eudoxum
1056 2281 1208 2316 motum
1229 2276 1403 2315 fortasse
1428 2276 1596 2316 fixarum
1616 2276 1894 2316 demonstrare

89 2349 161 2389 per
191 2334 406 2375 secundum
435 2330 557 2378 NOQ
598 2333 804 2382 circulum,
849 2334 969 2373 aliter
1010 2334 1233 2373 revolutum
1270 2339 1311 2373 et
1350 2346 1471 2385 super
1507 2334 1599 2375 aliis
1636 2334 1763 2386 polis,
1805 2347 1895 2374 cum

85 2394 347 2436 occurrebant
385 2391 619 2443 sequentia:
662 2391 731 2440 „in
765 2392 917 2444 majore
950 2398 1083 2432 autem
1114 2391 1327 2431 latitudine
1357 2393 1547 2432 inflexum
1577 2405 1669 2432 esse
1700 2405 1811 2441 eum,
1853 2393 1893 2433 in

16 2495 18 2497 ,
88 2466 164 2507 quo
195 2453 324 2499 Luna,
357 2463 475 2503 quam
506 2449 546 2488 in
579 2462 655 2501 quo
688 2449 759 2490 Sol
793 2451 988 2491 feratur.“
1049 2450 1205 2496 Quibus
1235 2450 1369 2490 verbis
1411 2451 1538 2491 omnis
1568 2451 1688 2502 plane
1720 2451 1892 2491 diversi-

85 2519 151 2552 tas
180 2511 286 2551 iuter
316 2508 424 2550 Solis
458 2514 499 2548 et
531 2508 670 2548 Lunae
702 2509 880 2549 theorias
905 2509 1079 2558 tollitur,
1125 2510 1198 2549 hoc
1236 2521 1314 2548 uno
1351 2514 1540 2561 excepto,
1579 2510 1683 2561 quod
1715 2508 1797 2549 OV
1826 2510 1893 2551 vel

82 2570 166 2611 Nx
194 2569 322 2610 minor
352 2568 407 2608 sit
435 2568 475 2607 in
507 2566 621 2615 Sole,
668 2580 784 2618 quam
821 2567 860 2607 in
892 2569 1021 2608 Luna.
1084 2568 1264 2607 Tandem
1295 2568 1454 2616 incidit,
1505 2568 1662 2608 Eudoxi
1692 2568 1891 2609 intentum

85 2641 162 2670 nou
193 2634 277 2668 tam
308 2640 398 2667 esse
430 2625 741 2666 astronomicum
775 2639 893 2678 quam
923 2626 1253 2678 philosophicum.

200 2686 361 2727 Etenim
401 2691 442 2725 et
472 2685 664 2725 Eudoxus
697 2691 949 2725 astronomus
985 2685 1092 2725 inter
1121 2684 1380 2737 philosophos
1418 2689 1460 2723 et
1490 2684 1649 2737 quidem
1679 2685 1890 2739 Pythago-

84 2745 189 2786 ricos
219 2759 245 2785 a
274 2744 440 2785 Laertio
471 2750 715 2784 recensetur.
779 2742 999 2784 Consilium
1028 2743 1153 2795 igitur
1181 2744 1257 2783 hoc
1288 2744 1412 2783 fuisse
1442 2742 1623 2791 Eudoxo,
1657 2745 1815 2796 quando
1845 2751 1891 2786 ut

84 2804 231 2845 lumine
263 2804 320 2844 sic
349 2803 524 2843 motibus
554 2802 765 2855 plurimum
785 2801 855 2842 Sol
888 2807 929 2842 et
947 2802 1063 2842 Luna
1082 2802 1239 2842 differre
1259 2802 1471 2841 videantur
1497 2815 1522 2842 a
1540 2803 1702 2852 ceteris,
1735 2816 1889 2856 aequa·-

84 2863 242 2903 litatem
284 2862 550 2902 omnimodam
585 2861 690 2900 inter
727 2861 938 2901 luminaria
977 2860 1203 2909 instituere,
1250 2860 1413 2913 Solique
1450 2861 1502 2900 ad
1532 2861 1672 2901 Lunae
1709 2874 1889 2904 normam

84 2921 259 2962 tribuere
278 2920 544 2968 latitudinem,
579 2920 650 2959 sed
674 2919 945 2960 insensibilem
966 2926 1035 2959 aut
1062 2926 1172 2960 certe
1196 2920 1483 2959 insensibiliter
1500 2920 1750 2970 variabilem,
1784 2923 1894 2974 quod.

84 2980 133 3021 iis
163 2980 272 3020 innui
301 2979 433 3019 verbis
464 2978 667 3027 existimo,
706 2978 847 3030 quibus
885 2979 1076 3030 majorem
1106 2979 1245 3018 Lunae
1286 2991 1405 3031 quam
1436 2977 1523 3018 Soli
1558 2978 1699 3020 tribuit
1742 2980 1887 3021 latitu-

33 3052 35 3054 ·
86 3039 232 3080 dinem.
293 3039 407 3078 Haec
440 3037 545 3077 enim
570 3037 795 3089 aequalitas
827 3036 1049 3077 rationibus
1082 3037 1166 3090 ejus
1195 3036 1482 3089 philosophicis
1514 3038 1658 3078 forsan
1674 3038 1887 3080 admodum

33 3093 48 3121 7
86 3103 175 3138 erat
205 3102 488 3138 consentanea.
548 3096 635 3136 Nec
676 3095 854 3145 dubium,
900 3095 992 3149 quin
1030 3096 1197 3137 eandem
1227 3096 1279 3137 ob
1309 3109 1472 3137 causam
1507 3097 1611 3138 inter
1647 3102 1807 3139 ceteras
1845 3104 1888 3140 et
