2028 3242
182 105 196 145 1
207 105 263 147 28
860 104 1010 146 Mysterii
1038 105 1303 148 cosmographici

178 209 367 250 cundaria
398 214 565 260 quatuor
595 213 666 248 aut
697 209 867 262 quinque
906 210 1038 262 planis
1076 210 1116 250 in
1158 223 1275 250 unum
1307 210 1477 250 solidum
1509 210 1752 251 adsciscunt.
1816 209 1864 259 4)
1895 211 1989 251 Pri-

176 269 302 308 maria
345 267 490 313 nemini
535 280 647 307 suum
686 268 834 320 debent
873 269 1063 321 originem
1103 274 1144 309 et
1181 269 1479 322 proprietates:
1524 270 1760 311 secundaria
1799 270 1990 322 pleraque

177 341 226 368 ex
256 326 481 379 primariiS,
529 327 638 366 facta
679 327 1012 376 commutatione,
1060 328 1210 379 adepta
1247 333 1364 376 sunt,
1409 334 1451 368 et
1490 328 1604 380 quasi
1645 330 1783 381 genita
1816 341 1866 368 ex
1896 329 1988 369 illis.

177 387 222 433 5)
262 385 457 426 Primaria
488 398 564 425 non
598 386 746 426 moveri
786 386 974 426 concinne
1014 392 1209 438 possunt,
1254 387 1330 427 nisi
1376 392 1469 427 acta
1509 387 1705 428 diametro
1747 399 1821 440 per
1852 393 1992 427 centra

177 446 290 486 unius
311 450 381 484 aut
400 444 671 496 oppositorum
690 445 923 497 planorum:
959 446 1196 486 secundaria
1228 459 1322 486 vero
1357 452 1450 487 acta
1481 459 1553 498 per
1584 446 1790 500 oppositos
1824 446 1990 499 angulos

177 506 386 544 diametro.
439 502 484 551 6)
517 503 797 544 Primariorum
831 510 894 544 est
924 505 1125 557 proprium
1158 511 1292 545 stare:
1327 506 1650 546 secundariorum
1670 505 1855 558 pendere.
1895 505 1991 545 Sive

175 563 279 603 enim
310 563 409 603 haec
442 562 479 602 in
512 563 628 603 basin
661 564 899 614 provolvas,
947 564 1030 603 sive
1070 564 1141 603 illa
1174 565 1211 603 in
1245 565 1432 616 angulum
1465 564 1624 617 erigas,
1668 565 1777 605 visus
1807 563 1991 616 utrinque

177 622 475 662 deformitatem
509 628 697 673 aspectus
729 622 915 674 refugiet.
980 621 1026 670 7)
1069 623 1186 663 Adde
1220 624 1413 675 denique,
1458 624 1562 676 quod
1593 623 1783 676 primaria
1813 624 1991 675 perfecto

177 694 338 721 numero
372 681 452 720 tria
483 686 602 720 sunt:
649 682 885 721 secundaria
930 682 1164 733 imperfecto
1209 683 1310 730 duo,
1357 683 1538 735 quodque
1577 683 1649 722 illa
1688 695 1825 722 omnes
1857 682 1992 733 anguli

179 741 333 793 species
365 740 527 788 habent,
563 740 685 779 cubus
718 746 881 789 rectum,
915 741 1090 793 pyramis
1117 746 1289 788 acutum,
1324 742 1616 781 dodecaedrum
1649 741 1859 782 obtusum:
1893 741 1992 780 haec

178 812 271 840 vero
305 799 421 838 ambo
453 798 491 837 in
527 798 660 838 obtusi
692 799 814 839 solius
847 811 993 851 genere
1025 806 1250 841 versantur.
1313 800 1370 840 Et
1407 801 1587 840 octaedri
1626 801 1785 853 quidem
1823 800 1992 852 angulus

177 871 248 911 per
280 870 416 897 omnes
449 862 533 897 tres
566 858 721 909 species
754 863 936 909 vagatur,
973 859 1010 898 in
1037 859 1226 910 junctura
1259 860 1427 899 laterum
1460 859 1640 908 obtusus,
1673 859 1778 900 inter
1809 858 1994 899 coeuntia

178 919 252 957 duo
287 918 415 956 latera
447 929 496 956 ex
529 916 713 968 opposito
747 923 897 965 recum,
932 917 1016 968 ipse
1050 930 1143 957 vero
1178 919 1330 958 solidus
1364 924 1518 958 acutus.
1573 917 1674 958 Cum
1706 917 1829 970 igitur
1860 917 1992 958 mani-

181 979 204 1016 Υ(
220 982 326 1016 stum
358 981 468 1016 esset
499 975 710 1015 discrimen
744 976 847 1015 inter
880 988 1065 1028 corpora,
1107 977 1407 1017 convenientius
1441 977 1523 1017 fieri
1556 977 1653 1017 nihil
1683 977 1833 1029 potuit,
1875 987 1992 1030 quam

178 1042 221 1075 ut
241 1035 378 1074 Tellus
399 1039 551 1083 nostra,
586 1034 711 1075 totius
744 1035 878 1074 mundi
912 1046 1066 1075 summa
1098 1041 1140 1075 et
1165 1036 1438 1088 compendium
1472 1042 1592 1089 atque
1625 1036 1726 1076 adeo
1759 1035 1994 1088 dignissima

179 1094 386 1134 stellarum
412 1093 632 1161 mobilium,
668 1093 761 1133 orbe
795 1107 865 1134 suo
897 1094 1001 1134 inter
1022 1095 1151 1135 dictos
1173 1096 1332 1136 ordines
1354 1095 1629 1153 distingueret,
1664 1095 1871 1148 locumque
1905 1107 1992 1134 eum

178 1153 405 1201 sortiretur,
440 1165 555 1204 quem
590 1153 663 1204 ipsi
696 1153 876 1205 superius
910 1153 1178 1194 attribuimus.

944 1423 1103 1488 Caput
1141 1423 1221 1470 IV.

349 1530 495 1581 Quare
525 1530 611 1570 tria
644 1542 820 1582 corpora
857 1520 1036 1568 Terram
1067 1529 1272 1575 ambiant,
1305 1529 1388 1570 duo
1419 1527 1588 1583 reliqua
1618 1529 1798 1570 induant
1811 1528 1831 1569 ?

299 1625 445 1664 Patere
480 1637 602 1672 nunc,
637 1624 763 1663 lector
795 1623 1051 1675 aequanime‚
1086 1628 1131 1662 ut
1163 1623 1295 1662 ludam
1329 1623 1619 1677 aliquantisper
1650 1623 1687 1663 in
1719 1636 1761 1663 re
1794 1623 1919 1671 seria,
1953 1627 1995 1662 et

182 1683 355 1724 nonnihil
388 1683 591 1735 allegoriis
626 1682 867 1734 indulgeam.
930 1681 1091 1720 Etenim
1131 1682 1314 1722 existimo
1358 1695 1406 1722 ex
1445 1696 1576 1723 amore
1609 1682 1686 1722 Dei
1726 1681 1764 1722 in
1798 1681 1994 1722 hominem

182 1756 326 1783 causas
366 1756 494 1782 rerum
533 1742 571 1781 in
611 1742 756 1781 mundo
796 1741 987 1792 plurimas
1030 1741 1171 1781 deduci
1209 1753 1341 1793 posse.
1407 1741 1529 1782 Certe
1562 1740 1742 1794 equidem
1774 1754 1888 1781 nemo
1920 1753 1993 1780 ne—

180 1802 310 1854 gabit,
351 1802 387 1841 in
428 1800 628 1841 domicilio
666 1801 802 1840 mundi
841 1800 1067 1839 exornando
1099 1800 1229 1839 Deum
1263 1801 1312 1839 ad
1353 1801 1522 1840 incolam
1563 1803 1735 1848 futurum
1776 1799 1994 1840 identidem

181 1861 422 1911 respexisse.
485 1860 596 1907 Finis
631 1860 734 1898 enim
767 1864 809 1898 et
846 1859 979 1898 mundi
1015 1864 1056 1897 et
1093 1859 1221 1898 omnis
1260 1860 1489 1914 creationis
1516 1860 1650 1900 homo
1689 1864 1765 1899 est.
1827 1859 1992 1898 Terram

180 1920 319 1971 igitur,
355 1931 456 1971 quae
488 1918 699 1970 genuinam
734 1916 940 1958 Creatoris
972 1916 1187 1967 imaginem
1218 1917 1363 1958 datura
1394 1924 1436 1958 et
1467 1906 1780 1967 εἱῙῆἷῖῑῖὲέἒόῗ
1807 1916 1992 1957 existimo

180 1978 341 2028 dignam
374 1991 397 2016 a
422 1977 509 2016 Deo
542 1978 748 2026 censitam,
784 1990 884 2028 quae
917 1976 1146 2016 circumiret
1176 1976 1281 2016 inter
1309 1977 1461 2016 medios
1494 1978 1680 2028 planetas
1713 1977 1784 2026 sic,
1818 1982 1862 2016 ut
1893 1975 1993 2016 toti-

181 2037 271 2076 dem
303 2036 374 2076 illa
405 2036 572 2075 haberet
605 2035 711 2075 intra
744 2035 850 2075 orbis
883 2035 944 2074 sui
977 2035 1237 2086 complexum,
1271 2041 1367 2087 quot
1398 2041 1515 2075 extra
1546 2036 1733 2076 habitura
1765 2040 1888 2076 esset.
1938 2035 1995 2076 Ut

180 2097 253 2135 hoc
285 2095 396 2134 Deus
430 2094 652 2142 obtineret,
697 2094 832 2134 Solem
866 2093 1029 2145 reliquis
1063 2093 1232 2145 quinque
1265 2094 1395 2134 stellis
1438 2095 1662 2143 accensuit,
1707 2093 1889 2146 quamvis
1927 2093 1994 2133 ille

181 2160 268 2193 toto
300 2167 445 2206 genere
478 2153 737 2205 discreparet.
784 2154 908 2205 quue
942 2165 987 2192 eo
1020 2152 1148 2203 magis
1175 2165 1392 2192 consonum
1413 2153 1581 2202 videtur,
1617 2153 1721 2205 quod
1753 2165 1841 2193 cum
1874 2165 1995 2204 supra

181 2213 252 2252 Sol
284 2213 360 2252 Dei
390 2213 519 2264 patris
552 2212 683 2263 imago
724 2212 866 2260 fuerit,
913 2211 1100 2251 credibile
1146 2216 1234 2259 est,
1279 2212 1355 2252 hac
1396 2212 1666 2252 associatione
1705 2224 1794 2252 cum
1831 2211 1994 2264 reliquis

180 2272 310 2311 stellis
343 2276 579 2323 argumenta
612 2276 778 2311 venturo
812 2271 951 2310 colono
982 2270 1174 2322 praebere
1207 2270 1392 2310 debuisse
1426 2273 1726 2324 φιλανθρωπιας
1763 2275 1805 2310 et
1838 2269 1994 2322 ἀνθρω·

181 2333 420 2379 ποπαθειας,
456 2343 573 2382 quam
603 2330 714 2369 Deus
747 2334 1008 2381 usurpaturus
1042 2335 1130 2369 erat
1164 2341 1260 2379 erga
1285 2329 1476 2379 homines,
1513 2331 1562 2370 ad
1587 2329 1848 2370 domesticam
1873 2328 1993 2369 fami-

183 2389 400 2429 liaritatem
433 2401 556 2441 usque
590 2402 678 2428 sese
713 2388 943 2428 demittens.
1005 2388 1110 2428 Nam
1153 2388 1191 2426 in
1231 2389 1359 2428 veteri
1391 2389 1650 2429 Testamento
1692 2389 1920 2440 frequenter
1957 2387 1995 2427 in

184 2461 386 2487 numerum
420 2448 619 2487 hominum
658 2448 786 2495 venit,
828 2453 870 2486 et
901 2447 1123 2486 Abrahami
1157 2447 1307 2487 amicus
1346 2448 1483 2487 audire
1522 2448 1667 2494 voluit,
1706 2447 1824 2487 sicuti
1857 2445 1994 2486 Solem

185 2507 365 2546 videmus
397 2507 435 2546 in
468 2519 672 2546 numerum
705 2506 907 2546 mobilium
939 2506 1087 2545 venire.
1148 2504 1247 2545 Cum
1281 2512 1414 2546 autem
1447 2506 1519 2546 Sol
1552 2521 1577 2546 a
1608 2507 1732 2546 Terra
1763 2504 1992 2553 ambiretur,

185 2565 343 2618 positis,
378 2578 479 2618 quae
512 2565 619 2605 dicta
652 2570 765 2613 sunt,
800 2564 1028 2605 necessario
1062 2564 1128 2604 ille
1162 2565 1259 2604 ordo
1292 2577 1499 2617 corporum
1531 2565 1638 2605 intra
1669 2565 1833 2605 Terram
1862 2563 1992 2604 inclu-

182 2625 334 2664 dendus
367 2623 460 2673 fuit,
501 2624 565 2675 qui
599 2624 675 2663 duo
709 2624 854 2663 saltem
891 2623 1196 2675 complectitur:
1243 2636 1383 2675 nempe
1415 2629 1460 2663 ut
1490 2623 1655 2663 mobilia
1685 2623 1762 2663 duo
1794 2628 1884 2662 cum
1914 2621 1992 2662 im-

184 2683 316 2722 mobili
349 2682 444 2722 Sole
477 2683 643 2722 eundern
683 2684 883 2722 efficerent
921 2695 1122 2722 numerum
1161 2682 1402 2730 ternarium,
1450 2681 1513 2733 qui
1553 2687 1616 2722 est
1652 2681 1691 2722 in
1730 2681 1903 2721 exclusis
1942 2679 1992 2720 ab

183 2741 274 2780 orbe
308 2742 468 2781 Terrae.
533 2740 600 2781 Sic
643 2741 788 2793 igitur,
833 2742 949 2781 Luna
991 2741 1229 2793 praesertim
1262 2742 1427 2781 Terram
1468 2740 1705 2788 ambeunte,
1750 2739 1992 2780 domicilium

182 2805 358 2838 nostrum
391 2799 562 2851 optimus
596 2799 765 2840 Creator
796 2800 837 2839 in
875 2800 1004 2839 medio
1044 2804 1199 2851 septem
1235 2800 1489 2851 planetarum
1529 2798 1754 2838 collocavit.
1818 2799 1925 2838 Nam
1958 2796 1993 2837 si

183 2857 299 2896 trium
330 2858 567 2909 reliquorum
599 2859 693 2898 ordo
736 2859 787 2897 ad
819 2858 954 2898 Solem
997 2858 1263 2906 accessisset,
1311 2857 1483 2897 fuissent
1525 2857 1647 2908 igitur
1686 2856 1792 2896 intra
1824 2856 1991 2896 Terram

183 2928 269 2953 cum
302 2915 396 2954 Sole
429 2924 598 2968 quatuor
637 2918 804 2965 stellae,
854 2917 956 2957 duae
994 2929 1087 2956 vero
1126 2921 1284 2955 tantum
1325 2921 1454 2955 extra.
1517 2914 1631 2960 Quae
1664 2915 1816 2954 numeri
1847 2913 1989 2962 ἀταξια

183 2985 271 3012 cum
301 2974 454 3012 ratione
493 2980 656 3023 careat,
700 2975 851 3015 omissa
889 2980 953 3015 est
984 2989 1008 3014 a
1041 2973 1248 3015 Creatore.
1312 2972 1412 3013 Cum
1443 2973 1540 3013 item
1572 2973 1776 3013 continere
1808 2973 1864 3012 sit
1892 2985 1988 3024 per·-

183 3031 373 3079 fectioris,
403 3037 446 3070 ut
466 3033 585 3078 actio,
613 3033 805 3072 continen‘
832 3039 876 3073 ut
903 3033 1039 3085 passio
1071 3031 1388 3084 imperfectioris,
1420 3031 1611 3083 primaria
1630 3044 1723 3071 vero
1747 3031 1989 3083 perfectiora

182 3089 264 3131 sint
294 3089 449 3138 ceteris,
484 3091 681 3140 convenit,
714 3096 759 3131 ut
789 3092 908 3132 trium
935 3092 1029 3131 ordo
1051 3091 1273 3131 contineret
1294 3090 1470 3139 Terram,
1504 3089 1658 3142 reliqua
1690 3090 1986 3130 continerentur
2018 3122 2022 3127 .
