2028 3242
698 136 828 168 Amano
808 137 905 179 ogiae
934 137 1136 169 certioribus.
1725 120 1811 180 435

8 240 225 291 fiunti,
237 239 362 291 mni,
392 240 495 290 olei,
526 239 652 281 tritici
682 246 760 283 etc.
785 241 883 282 item
911 239 1029 282 Jovis
1063 240 1105 281 in
1142 241 1271 294 ligura
1299 241 1493 282 cardinali
1524 240 1810 293 dispositiones

9 298 231 341 vamina
259 299 414 341 somnia
443 305 549 340 sunt.
587 297 760 346 Quaeris
789 313 860 341 cur
887 299 1024 340 vinum
1052 299 1128 340 hoc
1158 313 1263 340 anno
1294 313 1372 341 non
1401 299 1662 353 provenerit?
1703 298 1811 346 Quia

9 357 182 413 frigihs
216 363 263 400 et
300 358 486 400 lumidus
522 370 649 399 annus
680 358 769 405 fuit.
830 357 911 405 Qui
939 358 1015 399 hoc
1044 358 1270 411 praevidit,
1312 372 1363 399 ex
1404 359 1480 399 hoc
1516 358 1603 398 solo
1640 363 1684 398 et
1710 358 1811 399 illud

199 414 309 459 Gur
336 429 497 458 annona
526 417 680 470 reliqua
708 417 822 458 dives
853 416 950 458 alibi
979 416 1069 464 fuit,
1099 416 1198 457 alibi
1226 417 1392 457 tenuis?
1441 415 1549 463 Quia
1578 428 1629 456 ex
1651 417 1811 458 interna

7 475 156 529 aliqu.
186 475 248 517 nh·
275 487 400 528 supra
426 476 643 529 disputavi,
673 481 716 516 et
744 475 874 517 adhuc
903 475 1065 516 occulta
1092 475 1241 516 Terrae
1272 475 1533 528 dispositione
1562 480 1702 527 partes
1730 475 1809 516 ali-

7 545 111 587 quae
140 533 354 575 Terrarum
381 534 568 576 bmnidae
603 534 712 575 fuere
725 566 738 583 ,
775 538 820 575 et
855 538 993 574 aestas
1035 539 1226 587 quantum
1266 535 1367 575 satis
1405 534 1482 574 fuit
1510 546 1673 583 serena;
1713 534 1807 574 alibi

6 603 105 634 vero
132 593 313 640 siccitas>
326 593 416 642 fuit,
435 593 598 636 inimica
617 593 796 646 frngibus
806 605 820 643 3
852 605 972 646 quam
990 597 1034 633 et
1050 598 1185 634 terrae
1202 598 1336 634 motus
1361 598 1524 633 secutus
1543 597 1622 633 est.
1662 593 1806 633 ‘Inter-

8 651 102 692 dum
130 651 231 693 bene
259 650 421 705 quidem
449 651 575 692 babet
604 664 750 700 annus,
791 652 864 693 sed
906 651 1040 692 subito
1082 657 1127 692 et
1164 664 1244 692 una
1280 651 1345 692 die
1374 651 1518 705 pruina
1556 651 1624 691 vel
1653 651 1807 704 grando

5 709 216 762 montosis,
255 715 331 752 aut
368 710 575 752 inundatio
619 711 802 763 partibus
844 715 965 751 nocet
1004 710 1216 751 humilibus
1228 722 1243 759 ;
1291 723 1418 764 eaque
1466 721 1587 751 unum
1634 709 1807 762 aliquem

0 772 193 819 *tractuum
222 780 303 823 quo
330 774 481 810 ventus
508 770 646 818 fertur,
679 774 862 822 occupat.
913 767 1256 815 Quemadmodum
1286 774 1329 810 et
1356 770 1399 810 in
1428 774 1638 810 ventorum
1661 774 1807 810 natura

0 829 162 882 ῳ
193 831 397 869 munem
433 833 551 873 suut,
589 840 754 881 quorum
794 828 940 880 plagae
976 827 1039 868 his
1073 828 1224 869 nostris
1253 827 1481 881 regionibus
1510 827 1805 868 inconstantis-

5 885 132 927 nimae
178 891 275 927 suut
320 892 369 928 ut
405 887 628 940 plurimum.
700 886 993 928 Stultissimum
1033 886 1175 940 igitur,
1218 887 1357 927 horum
1399 891 1612 928 eventuum
1659 899 1805 927 causas

76 941 82 945 ⁴
145 956 337 999 quaerere
371 945 416 987 in
449 945 587 998 figuris
618 945 906 994 cardinalibus,
949 957 1040 986 cum
1069 945 1307 986 manifestas
1336 959 1482 987 causas
1512 957 1722 986 cernamus
1753 945 1804 985 ob

106 1024 133 1037 ι.
215 1003 282 1045 Ac
309 1016 361 1045 ne
389 1016 517 1044 novus
547 1004 665 1045 homo
697 1009 824 1045 artem
853 1003 1079 1045 convellere
1109 1004 1260 1054 videar,
1293 1004 1346 1045 ad
1366 999 1544 1047 Cardani
1574 1008 1619 1044 et
1641 1003 1804 1059 Tycho-

17 1078 59 1096 .;
96 1061 382 1104 macritatem
408 1074 598 1116 provoco.

720 1120 900 1161 Thesis
930 1119 1082 1162 LXVI.

28 1226 37 1242 ,
121 1177 300 1220 Onusam
340 1191 459 1220 unam
498 1191 573 1232 ego
617 1179 891 1228 considerabo,
935 1184 1220 1232 tempestates;
1257 1191 1347 1220 cum
1376 1179 1427 1219 de
1457 1179 1604 1221 ceteris
1630 1179 1804 1220 nondum

13 1255 91 1273 ,ω
100 1242 176 1279 tet.
234 1237 326 1279 Ver
359 1243 561 1279 maturum
598 1238 636 1278 in
667 1238 995 1279 meridionalibus
1031 1238 1132 1278 locis
1162 1250 1342 1291 gemmas
1372 1238 1559 1279 arborum
1594 1238 1805 1291 protrudet

27 1302 103 1338 te
126 1301 301 1349 teinpus.
331 1297 472 1351 quibus
502 1297 633 1337 adhuc
664 1297 815 1337 teneris
847 1296 1132 1350 superveniens
1160 1296 1451 1350 intemperatus
1481 1297 1655 1338 Martius
1685 1297 1803 1338 dam-

15 1376 19 1390 e
83 1354 286 1396 inferet.
344 1356 392 1396 In
434 1361 572 1397 nostro
615 1355 776 1396 climate
819 1368 868 1396 eo
909 1362 1091 1408 tempore
1127 1356 1179 1396 ob
1218 1356 1343 1408 frigus
1374 1356 1537 1397 solitum
1567 1362 1611 1396 et
1639 1355 1806 1396 boream

42 1376 179 1455 ndum
219 1414 431 1468 quiequam
472 1420 611 1455 extare
654 1415 774 1456 solet.
844 1414 932 1455 Ver
970 1414 1219 1455 commodum
1255 1415 1455 1467 frugibus,
1501 1415 1573 1455 sed
1620 1412 1686 1456 10.
1738 1414 1803 1456 11.

31 1470 75 1514 2.
103 1471 208 1525 unji
235 1472 279 1514 in
307 1474 485 1526 periculo
521 1479 605 1522 est,
647 1478 695 1514 ut
735 1485 856 1526 supra
891 1473 1055 1513 dietum.
1114 1473 1259 1513 Junius
1301 1474 1461 1514 florenti
1478 1514 1481 1515 γ
1501 1473 1575 1514 viti
1617 1474 1804 1519 minatur,

70 1551 86 1565 ιι
136 1536 186 1572 et
218 1531 284 1572 hic
321 1537 365 1573 et
407 1532 474 1585 qui
513 1532 692 1586 sequitur
720 1532 853 1572 Julius
884 1537 955 1572 aut
984 1532 1105 1572 nimio
1135 1531 1298 1572 humore
1328 1538 1399 1572 aut
1428 1531 1622 1585 grandine
1650 1532 1804 1584 passim

70 1609 114 1625 ιιι
178 1589 347 1632 dabunt.
405 1593 629 1644 Augustus,
661 1589 913 1643 September,
947 1588 1125 1631 October
1154 1591 1247 1631 vino
1277 1590 1462 1632 videntur
1491 1592 1642 1640 favere,
1675 1603 1804 1643 quan-

17 1665 77 1683 ϊιι
115 1653 250 1690 restat
274 1648 317 1689 in
346 1649 538 1702 palmite,
576 1649 775 1702 etiamque
807 1650 1019 1690 frumento.
1080 1647 1164 1690 Sed
1202 1654 1336 1690 tamen
1374 1656 1419 1691 et
1449 1648 1520 1692 20.
1553 1648 1806 1702 Septembris

0 1758 2 1760 v
31 1727 34 1740 ι
74 1706 222 1749 vicinia
249 1719 327 1748 sua
353 1708 572 1762 periculum
601 1707 735 1749 habet.

36 1775 40 1782 ’·
716 1766 894 1806 'rhesis'
921 1766 1092 1807 LXVII.

69 1821 243 1871 Quod
268 1824 430 1865 morbos
460 1824 630 1875 attinet,
661 1825 760 1865 illud
791 1825 1069 1865 universaliter
1103 1837 1241 1866 verum
1278 1825 1412 1866 sciunt
1441 1826 1610 1873 medici,
1633 1826 1803 1881 ¹turbato

1 1935 3 1937 ‚
29 1905 30 1909 =
53 1900 58 1919 ι
87 1901 91 1914 2
126 1894 298 1935 corpora
325 1883 450 1924 etiam
479 1888 619 1924 nostra
648 1883 814 1924 turbari.
875 1884 1016 1936 Itaque
1053 1897 1142 1924 cum
1170 1884 1311 1937 hyems
1340 1883 1564 1938 inaequalis
1600 1885 1804 1937 significe-

49 1968 84 1996 ι,
111 1941 229 1983 multi
256 1940 381 1983 etiam
409 1942 537 1983 morbi
562 1948 701 1991 erunt,
732 1942 945 1995 praecipue
981 1942 1020 1982 in
1050 1943 1245 1995 principio
1275 1942 1415 1983 Martii
1450 1948 1494 1984 et
1522 1943 1636 1996 Maji.
1700 1943 1803 1986 Cum

87 2018 130 2034 un
170 2005 214 2041 et
242 2005 381 2041 aestas
411 2006 606 2054 appareat
634 2001 807 2049 turbida,
839 2006 1050 2042 autumnus
1082 2014 1253 2055 sequens
1284 2001 1336 2042 ob
1361 2014 1620 2055 congressum
1638 2001 1804 2044 Saturni

3 2046 13 2103 ⁴,
41 2057 43 2059 ’
88 2058 236 2099 Martis
277 2059 489 2100 admodum
531 2059 609 2100 erit
638 2059 838 2112 putridus,
871 2060 985 2100 multi
1020 2055 1148 2101 morbi
1179 2061 1451 2111 autumnales,
1484 2061 1630 2102 alicubi
1660 2064 1801 2114 pestis,

7 2123 9 2125 '
44 2135 74 2150 «ι
111 2122 261 2158 ventus
287 2117 430 2158 noxius
460 2118 585 2167 feret3
621 2119 861 2171 praesertim
898 2119 933 2159 si
970 2119 1058 2172 quis
1096 2119 1266 2172 eclipses
1296 2131 1345 2160 eo
1375 2132 1453 2173 qno
1483 2119 1656 2160 diximus
1686 2122 1803 2162 modo

4 2170 17 2239 ζ
201 2205 208 2210 -
306 2176 352 2216 Ιιι
382 2188 541 2228 genere,
585 2189 838 2230 quoscunque
869 2177 957 2217 dies
993 2178 1130 2218 notavi
1161 2178 1393 2230 aspectibus
1435 2179 1587 2219 crebris
1616 2180 1801 2229 infestos,

15 2243 17 2247 ’
68 2207 113 2274 et
139 2233 301 2274 morbos
330 2234 438 2275 cient
465 2234 506 2275 in
536 2235 730 2287 subjectis
759 2235 927 2284 idoneis,
947 2237 1089 2288 etjam
1113 2236 1417 2289 aegrotantibus
1437 2237 1679 2278 difficiliores
1700 2245 1804 2279 sunt.

29 2297 102 2327 Μιι
143 2297 280 2333 autem
308 2292 426 2333 homo
456 2293 602 2345 aliquis
628 2293 717 2345 jam
747 2294 968 2343 decumbit,
1001 2300 1073 2335 aut
1103 2307 1192 2335 cum
1222 2295 1408 2336 humores
1439 2296 1575 2336 vitiosi
1595 2297 1683 2348 jam
1701 2298 1803 2337 fluc-

92 2355 127 2391 t
154 2349 197 2391 in
225 2362 410 2403 corpore:
441 2356 535 2392 tunc
566 2364 663 2392 sane
694 2365 772 2392 nou
804 2352 985 2404 amplius,
1018 2358 1065 2393 ut
1093 2353 1288 2393 hactenus
1319 2366 1394 2406 ego
1424 2354 1515 2403 feci,
1548 2355 1699 2406 negligi
1728 2356 1802 2395 de-

0 2425 2 2427 >
47 2411 65 2418 '⁴
133 2409 466 2462 configurationes
497 2410 635 2450 Lunae
675 2423 764 2451 cnm
794 2411 990 2462 planetis,
1034 2412 1248 2463 praecipue
1279 2424 1369 2452 cum
1398 2411 1508 2452 Sole.
1569 2413 1676 2453 Nam
1706 2426 1803 2466 par-

8 2520 10 2522 *
155 2467 216 2508 ‘us
245 2468 487 2521 disponunt,
526 2474 569 2508 et
598 2474 761 2509 movent
789 2469 975 2509 humores
1017 2470 1142 2522 (quod
1177 2475 1357 2521 testatur
1383 2483 1569 2522 magnum
1598 2472 1695 2511 illud
1726 2472 1804 2512 hu-

17 2533 72 2575 ζ·’
107 2544 151 2561 ιιιι
192 2526 318 2567 chaos
348 2529 542 2575 oceanus)
572 2540 645 2566 nec
676 2527 870 2579 negarim,
898 2528 939 2567 in
957 2528 1154 2568 medicina
1173 2529 1357 2569 facienda
1374 2529 1528 2569 utiliter
1545 2530 1802 2571 considerari.

10 2577 88 2713 ἶ
134 2597 336 2685 vm,
341 2586 518 2685 m⁶ss³52¹1¹1⁸
535 2585 1107 2711 ζὲἳῗέἱῗῖῗέἕωᾘᾞῗέὼ
1124 2587 1534 2698 fiaffu‘ssffffpussissss
1554 2588 1804 2688 38⁸2?ssss

62 2697 66 2699 ’
172 2702 500 2755 purgationibus
542 2714 642 2754 opus
684 2708 773 2749 est,
814 2703 942 2754 eligat
975 2703 1154 2743 vicissim
1184 2704 1309 2744 fortes
1340 2706 1687 2756 configurationes.
1747 2705 1805 2746 Et

98 2719 268 2801 totum
296 2761 458 2801 crisium
486 2761 690 2814 negotium
720 2774 745 2800 a
775 2761 912 2800 Lunae
943 2761 1074 2801 reditu
1104 2768 1146 2802 et
1175 2763 1485 2815 configuratione
1516 2775 1604 2804 cum
1627 2765 1802 2817 planetis

125 2823 223 2869 met,
253 2820 478 2873 frustraque
510 2819 606 2861 alibi
636 2819 850 2872 quaeritur.

703 2877 878 2917 Thesis
907 2877 1102 2918 LXVIII.

21 2980 34 2997 .-
67 2944 94 2981 ἔτ
128 2933 178 2975 Ῑιι
205 2935 325 2976 rebus
356 2936 531 2990 politicis
562 2941 604 2977 et
633 2935 788 2976 bellicis
820 2937 1047 2988 astrologus
1076 2948 1175 2976 saue
1204 2941 1343 2977 votum
1373 2937 1534 2990 aliquod
1563 2939 1698 2989 habet,
1724 2953 1801 2994 po-

21 2983 116 3032 ὖ
133 2990 198 3038 ils.
227 3005 329 3046 quae
359 3008 481 3048 supra
512 2995 758 3036 fundamenti
800 2995 888 3034 loco
919 2994 1002 3034 dixi
1033 2994 1082 3034 de
1113 2995 1334 3035 animorum
1363 3009 1559 3038 consensu
1589 3011 1677 3039 cum
1701 3012 1800 3040 con-

48 3089 60 3094 -
152 3049 311 3092 &nibus
329 3053 585 3095 coelestibus.
638 3053 881 3105 Vigentibus
900 3053 1004 3093 euim
1022 3052 1167 3093 validis
1186 3054 1425 3106 aspectibus,
1448 3068 1563 3097 omne
1583 3057 1801 3099 animorum

54 3119 153 3158 Διιιε,
198 3110 402 3163 quodlibet
442 3112 483 3153 in
526 3125 597 3153 suo
640 3124 759 3164 opere
789 3112 1027 3152 naturaliter
1055 3118 1242 3165 vegetum
1273 3119 1337 3154 est
1368 3119 1408 3154 et
1438 3115 1589 3165 alacre,
1627 3118 1799 3158 maxime

1438 3184 1482 3216 28
1496 3186 1518 3205 ⁴*
