2028 3242
141 63 228 109 424
890 64 943 97 De
967 64 1205 98 Fundamentis

262 169 529 211 Differentiae
562 181 657 222 ergo
691 169 732 210 in
763 169 992 210 universum
1025 169 1260 222 quindecim.
1319 167 1414 211 Jam
1438 169 1659 222 videamus,
1692 170 1853 225 quinam
1883 169 1950 211 in-

143 236 205 271 ter
235 230 310 270 has
343 229 538 278 delectus,
571 233 613 269 et
645 241 842 282 quaenam
873 228 956 269 sint
986 228 1226 270 naturaliter
1257 228 1486 271 ἀσυστατοι.

865 287 1038 328 Thesis
1069 287 1228 329 XXIII.

262 346 440 387 Primum
474 346 624 386 nullum
657 358 866 387 excessum
904 347 967 386 vel
1008 347 1209 387 defectum
1241 345 1466 388 solitarium
1501 347 1588 388 sine
1625 346 1952 400 compensatione

144 405 368 446 consistere
402 418 572 457 aequum
604 409 680 446 est.
743 405 807 446 Ex
837 405 1029 446 solitariis
1061 405 1197 458 itaque
1231 418 1320 454 sex,
1365 410 1534 458 quatuor
1570 406 1731 449 cadunt.
1790 405 1952 448 Medio-

147 465 272 505 critas
307 477 399 504 vero
432 463 579 504 caloris
613 464 956 513 (mediocritatem
985 465 1242 518 proportione
1273 464 1422 514 mundi,
1454 478 1533 506 non
1565 464 1791 518 quantitate
1821 464 1951 506 aesti-

143 523 361 572 mabimus)
395 524 545 564 collata
577 527 641 564 est
671 523 710 563 in
744 536 888 576 corpus
910 523 1067 573 solare,
1103 524 1168 576 qui
1200 536 1306 564 mere
1337 523 1499 576 propria
1515 524 1604 565 luce
1623 523 1766 566 utitur:
1798 523 1955 565 medio-

144 583 267 623 critas
298 583 555 624 humectandi
586 583 626 623 in
659 595 803 635 corpus
834 583 1008 630 Lunare,
1043 595 1143 635 quae
1164 595 1272 623 mere
1303 583 1536 624 mutuatitia
1564 582 1676 625 Solis
1706 587 1750 624 et
1779 582 1952 624 siderum

109 665 112 667 —
143 643 231 682 luce
263 642 401 682 utitur.

862 699 927 739 Th
940 699 1039 741 esis
1070 699 1229 740 XXIV.
1803 751 1807 755 ⁶

263 759 420 800 Deinde
453 771 580 812 neque
613 771 805 799 excessus
838 759 1030 799 cumulari
1070 758 1314 811 expediebat
1350 759 1415 799 vel
1440 758 1648 800 defectus.
1711 756 1818 799 Sunt
1849 758 1954 799 enim

151 833 175 859 a
207 823 353 858 natura
384 819 503 871 paulo
535 817 769 867 alieniores,
812 830 886 857 nec
918 815 995 858 nisi
1027 818 1319 870 contemperati
1350 830 1541 858 excessus
1572 829 1662 859 cum
1693 817 1853 859 defectu
1882 830 1954 859 re-

148 877 358 930 cipiuntur.
419 879 561 929 Itaque
595 877 726 917 nullus
757 877 923 929 planeta
954 877 1086 918 factus
1120 882 1196 927 est,
1230 876 1295 929 qui
1326 882 1535 929 utrumque
1566 877 1632 917 vel
1652 888 1861 917 excessum
1890 876 1974 917 vel'

147 937 349 976 defectum
382 936 644 988 suscepisset.
706 936 885 976 Restant
911 948 1005 988 ergo
1039 936 1290 976 differentiae
1322 949 1373 976 ex
1398 934 1760 976 combinationibus
1785 940 1954 988 septem.

146 997 274 1036 Porro
306 1008 356 1035 ex
387 995 450 1035 his
481 995 543 1035 bis
576 994 693 1035 binae
726 995 867 1034 eodem
898 995 1095 1035 recidunt.
1157 994 1314 1035 Eadem
1345 995 1449 1035 enim
1473 999 1545 1036 est
1573 994 1779 1050 proportio
1810 1007 1955 1036 exces-

147 1068 215 1095 sus
254 1054 399 1095 caloris
438 1055 489 1094 ad
531 1053 856 1095 mediocritatem
893 1054 1088 1102 humoris,
1137 1067 1239 1106 quae
1278 1053 1574 1095 mediocritatis
1612 1053 1759 1094 caloris
1797 1054 1849 1094 ad
1879 1053 1953 1094 de-

148 1115 298 1154 fectum
342 1113 539 1154 humoris:
586 1113 725 1153 eadem
765 1114 947 1153 defectus
986 1112 1132 1153 caloris
1171 1113 1222 1153 ad
1266 1113 1585 1155 mediocritatem
1616 1111 1814 1162 humoris,
1853 1125 1955 1165 quae

148 1173 441 1213 mediocritatis
474 1172 620 1213 caloris
655 1173 708 1212 ad
739 1185 949 1213 excessum
980 1171 1176 1222 humoris,
1224 1173 1329 1225 quod
1358 1173 1424 1213 vel
1466 1173 1506 1213 in
1545 1173 1674 1225 figura
1710 1171 1840 1212 lineae
1878 1185 1957 1225 pa-

154 1232 286 1273 ralleli
308 1232 537 1272 ostendunt.
602 1232 715 1272 Idem
736 1232 784 1271 de
811 1232 966 1284 junctis
987 1231 1221 1272 excessibus
1240 1231 1440 1284 judicium,
1473 1231 1539 1272 vel
1565 1230 1802 1272 defectibus.
1854 1230 1959 1282 Sunt

150 1304 244 1344 ergo
276 1304 395 1331 verae
429 1290 681 1331 differentiae
714 1290 897 1343 quinque,
931 1296 1014 1331 tres
1036 1290 1252 1342 simplices,
1287 1291 1389 1331 duae
1409 1295 1454 1332 ut
1479 1291 1567 1343 jam
1596 1290 1730 1344 patuit
1760 1290 1956 1342 quodam-

149 1351 265 1391 modo
308 1350 505 1403 duplices,
551 1362 622 1390 seu
664 1350 798 1402 potius
844 1351 1009 1390 duorum
1053 1350 1275 1399 nominum,
1321 1363 1400 1390 una
1443 1350 1576 1391 trium.
1638 1349 1702 1390 Ao
1745 1361 1835 1390 cum
1875 1349 1970 1399 sint*

148 1410 189 1450 in
221 1410 366 1450 mundo
407 1409 577 1462 quinque
610 1409 733 1449 etiam
764 1410 969 1461 planetae,
1016 1413 1099 1449 tres
1131 1408 1358 1461 superiores
1390 1414 1433 1450 et
1469 1409 1547 1450 duo
1578 1407 1819 1456 inferiores,
1856 1421 1958 1449 con-

150 1474 386 1509 sentaneum
419 1468 602 1520 equidem
635 1473 711 1516 est,
746 1468 811 1508 vel
840 1469 890 1508 ob
921 1468 1025 1508 hanc
1057 1468 1185 1508 solam
1217 1480 1380 1508 causam
1412 1467 1615 1521 (quamvis
1649 1471 1692 1508 et
1721 1466 1826 1508 aliae
1858 1479 1956 1520 sup-

148 1529 310 1579 petant)
344 1532 407 1568 tot
436 1540 599 1567 numero
633 1527 764 1567 factos
798 1540 914 1567 esse:
956 1527 1057 1567 adeo
1090 1527 1187 1567 nihil
1219 1527 1352 1579 aptius
1396 1540 1487 1568 esse
1524 1526 1659 1580 potuit
1694 1526 1770 1567 hac
1801 1525 1955 1567 combi-

148 1586 353 1627 nationum
386 1586 490 1627 inter
520 1586 631 1640 ipsos
664 1585 965 1627 distributione:
1000 1598 1119 1638 quam
1151 1586 1226 1626 hac
1258 1585 1412 1627 tabella
1443 1586 1494 1627 ob
1525 1586 1662 1627 oculos
1692 1597 1811 1638 pono.

363 1703 568 1746 Excessus
710 1703 731 1743 I
791 1702 833 1743 V
892 1702 927 1743 P
986 1703 1007 1743 1
1067 1702 1101 1743 T
1161 1701 1196 1742 Ε
1256 1702 1296 1744 R
1451 1702 1658 1744 Excessus

607 1760 638 1803 S
676 1773 762 1802 mer
1261 1760 1292 1803 S
1353 1760 1386 1803 S

690 1819 730 1860 A
879 1832 929 1860 cu
1060 1819 1103 1859 V
1252 1820 1293 1862 R

280 1893 323 1925 ς)
792 1878 826 1919 Τ
885 1877 925 1919 N
1056 1878 1091 1919 ri
1157 1878 1199 1920 A
1769 1887 1812 1928 m

282 1930 322 1991 ξ
686 1936 764 1977 VE
885 1937 925 1976 V
1051 1937 1097 1977 M
1241 1950 1287 1977 us
1768 1929 1797 1994 Ξ

161 1996 244 2038 Sol.
282 1995 322 2058 (ἔξ
365 1994 557 2037 Medioer.
704 1996 724 2036 I
783 1995 825 2035 V
885 1995 919 2035 P
979 1996 1000 2036 I
1061 1995 1095 2035 T
1154 1994 1190 2035 E
1251 1995 1291 2036 R
1452 1994 1716 2037 Mediocritas
1767 1995 1805 2060 Ξ
1826 1994 1955 2035 Luna.

282 2061 322 2096 Ξ·
668 2066 752 2094 mer
883 2052 914 2094 S
1052 2053 1092 2093 R
1248 2053 1279 2094 S
1769 2062 1796 2112 g

282 2100 322 2168 ξὲ,
789 2112 829 2153 R
873 2126 921 2153 ou
1047 2112 1089 2152 v
1155 2112 1194 2153 N
1770 2115 1812 2156 e.

698 2171 739 2212 A
869 2171 910 2212 N
1048 2170 1082 2211 ri
1241 2170 1284 2211 V

608 2229 654 2270 M
686 2229 764 2270 VE
1224 2243 1272 2270 us
1332 2229 1364 2271 S

369 2287 563 2328 Defectus
682 2289 703 2330 Ι
763 2289 802 2329 V
863 2287 898 2328 P
958 2288 979 2328 I
1042 2288 1077 2328 T
1136 2287 1172 2329 E
1233 2288 1273 2329 R.
1456 2287 1652 2330 Defectus

877 2405 1056 2446 Thesis
1087 2405 1224 2447 XXV.

267 2463 332 2504 Ex
361 2464 424 2504 his
466 2464 662 2516 sequitur,
708 2464 895 2516 planetas
939 2464 1111 2517 quinque
1142 2477 1220 2504 non
1258 2467 1418 2504 tantum
1461 2463 1694 2504 mutuatitia
1726 2463 1836 2506 Solis
1866 2464 1954 2505 luce

151 2522 240 2568 frui,
277 2524 347 2563 sed
381 2523 502 2563 etiam
536 2523 583 2563 de
617 2536 688 2576 suo
722 2523 873 2574 aliquid
904 2524 1075 2564 addere:
1109 2524 1215 2576 quod
1247 2523 1404 2576 quidem
1437 2527 1477 2563 et
1509 2522 1612 2578 aliae
1644 2523 1824 2564 rationes
1856 2536 1954 2564 sua-

154 2583 263 2622 dent.
323 2582 431 2622 Nam
464 2582 498 2622 si
530 2582 657 2622 multa
688 2582 792 2634 apud
823 2595 895 2622 nos
927 2582 1094 2637 physica
1126 2595 1295 2635 corpora
1320 2582 1448 2622 lucem
1467 2581 1619 2622 habent
1643 2581 1827 2632 insitam,
1861 2581 1956 2634 quid

154 2641 361 2693 prohibet,
394 2641 544 2681 habere
579 2642 765 2690 eandem,
806 2646 967 2694 praeter
1000 2641 1154 2690 Solem,
1188 2646 1232 2681 et
1263 2641 1363 2682 alios
1395 2640 1538 2692 globos
1569 2641 1798 2682 coelestes?
1858 2641 1959 2682 Tum

80 2741 82 2745 f
153 2700 187 2739 si
220 2705 404 2740 carerent
434 2700 621 2752 planetae
654 2701 739 2741 luce
771 2700 955 2752 propria,
989 2700 1175 2740 videntur
1207 2701 1327 2741 etiam
1358 2699 1520 2749 faciem,
1553 2704 1598 2740 ut
1629 2699 1767 2748 Luna,
1799 2703 1954 2741 mutare

154 2758 312 2799 debere.
376 2759 557 2811 Denique
590 2759 779 2800 credibile
812 2764 888 2809 est,
922 2760 1119 2812 fulgorem
1151 2764 1192 2800 et
1218 2759 1546 2800 scintillationem
1565 2763 1846 2811 argumentum
1864 2771 1955 2799 esse

153 2817 253 2863 lucis
284 2818 483 2870 propriae,
517 2818 828 2858 nebulositatem
859 2823 902 2858 et
931 2817 1136 2871 pigritiem
1168 2818 1338 2859 alienae.

870 2877 936 2917 Th
949 2876 1052 2917 esis
1083 2876 1243 2918 XXVI.

272 2932 616 2975 Considerandum
647 2948 749 2976 nunc
781 2935 903 2976 etiam
934 2936 1010 2976 hoc
1042 2941 1123 2984 est,
1158 2935 1347 2988 quidnam
1377 2933 1422 2983 id,
1450 2932 1524 2981 sit,
1567 2933 1670 2986 quod
1701 2933 1956 2985 planetarum

152 2991 226 3031 has
257 2992 363 3032 vires
402 2992 442 3032 in
475 3005 682 3033 excessum
721 2994 892 3035 medium
931 3000 973 3035 et
1016 2995 1215 3036 defectum
1257 2993 1501 3044 distinguere
1545 2991 1688 3044 possit.
1750 2990 1953 3032 Mutuati-

153 3049 251 3090 tiam
283 3050 416 3104 itaque
448 3051 576 3093 lucem
608 3064 695 3093 cum
729 3067 753 3092 a
783 3053 998 3094 reflexione
1030 3052 1325 3098 deduxerimus,
1356 3050 1636 3093 considerandi
1661 3054 1757 3092 sunt
1785 3061 1858 3104 pro
1878 3050 1955 3092 hac
