2028 3242
122 83 209 129 654
820 85 861 119 In
886 85 997 128 Opera
1020 85 1229 129 Astrologica

121 191 301 227 manibus.
355 190 438 236 Ego
467 192 511 224 de
539 201 622 226 mea
650 191 834 227 tenuitate
863 194 1010 234 addam,
1051 203 1146 239 quae
1174 194 1220 228 ad
1248 193 1475 230 formandam
1502 192 1806 230 deliberationem
1832 194 1930 230 hanc

121 244 305 291 pertinere
334 243 537 278 arbitratus
568 244 682 279 fuero.
742 245 928 286 Quaedam
965 250 1052 280 sunt
1091 246 1253 291 majora,
1293 257 1401 293 quam
1439 250 1483 281 ut
1517 247 1750 292 providentia
1786 247 1931 292 possint

122 297 260 333 averti.-
302 301 341 331 et
377 297 438 331 ubi
476 297 796 343 deprecationibus
836 299 956 345 magis
992 300 1186 345 agendum.
1242 299 1337 334 Nam
1378 300 1407 335 si
1449 299 1590 335 coelum
1628 303 1734 343 ruat,
1775 300 1854 346 quis
1892 299 1931 334 in

121 350 242 385 Terris
272 353 374 384 tutus
405 360 485 384 esse
514 350 676 395 poterit?
723 353 775 385 At
802 351 832 386 si
861 353 954 387 haec
982 352 1093 393 ratis,
1130 351 1166 386 in
1205 363 1278 398 qua
1319 364 1399 388 cum
1436 351 1562 398 aliqua
1600 358 1711 388 mauu
1743 349 1933 388 hominum

121 403 279 448 navigo,
323 414 495 447 superum
530 403 587 438 ira
620 409 831 450 mergatur:
863 405 942 450 jam
971 407 1014 439 de
1043 405 1254 447 natatione,
1299 405 1437 441 tabulis
1479 409 1519 440 et
1547 408 1655 450 portu
1681 405 1930 453 cogitandum.

120 455 357 491 Natationem
380 455 461 500 jam
490 457 602 490 semel
631 457 878 492 difficillimam
907 470 986 492 sum
1014 453 1210 503 eizpertus3
1253 459 1406 494 tabulae
1446 457 1535 494 mihi
1562 462 1601 493 et
1634 457 1757 505 remi,
1776 458 1848 494 hoc
1875 462 1934 493 est

121 508 349 550 substantia,
389 510 452 542 dos
493 513 532 543 et
565 509 778 545 haereditas
816 511 942 546 uxoris
978 511 1092 545 omnis
1120 522 1215 555 pene
1244 512 1364 547 adhuc
1391 516 1451 547 est
1477 511 1514 546 in
1541 510 1679 556 Styria.
1734 511 1794 547 De
1821 513 1932 556 portu

124 562 196 596 scio
226 566 264 596 te
292 561 492 595 rectissime
521 563 782 605 consulturum,
812 564 872 609 qui
901 568 963 598 sat
990 563 1104 604 nosti,
1136 575 1202 598 nec
1230 576 1372 600 omnem
1399 564 1487 599 mibi
1514 564 1627 598 licere
1655 563 1768 606 adire,
1797 567 1838 598 et
1863 573 1929 598 ex-

122 614 246 659 pedire
275 614 363 648 meis
393 614 546 656 studiis,
587 620 630 650 ut
664 627 773 661 quam
810 616 992 651 minimum
1021 616 1159 651 talibus
1187 617 1464 653 inundationum
1491 616 1663 663 procellis
1691 615 1868 657 feriatur,
1897 615 1934 649 in

125 678 231 712 quem
259 678 315 701 me
344 678 423 702 sum
451 673 678 713 recepturus.
735 669 806 704 Sed
847 670 891 703 de
919 669 993 704 illis
1027 668 1116 704 meis
1154 670 1284 712 remis,
1325 671 1394 705 hoc
1431 675 1490 706 est
1528 671 1573 705 de
1609 669 1746 704 dilecta
1778 667 1935 714 pecunia

121 721 237 755 dicam
257 721 375 764 plura.
415 721 582 755 Mortuus
603 726 660 755 est
681 726 768 756 ante
791 722 975 757 biennium
995 732 1098 758 socer
1125 733 1238 764 meus,
1267 723 1406 758 relictis
1435 722 1539 758 bonis
1567 720 1811 759 immobilibus
1839 731 1933 756 sane

123 785 194 817 non
223 773 492 819 contemnendis
528 785 599 808 uno
634 775 782 809 milliari
811 774 908 810 infra
937 774 1139 810 Graetium.
1182 774 1275 810 Nam
1306 775 1414 811 uxori
1441 787 1546 811 meae
1574 785 1641 820 pro
1669 773 1800 821 quinta
1826 777 1936 820 parte

122 836 262 860 summa
290 825 397 860 trium
425 826 577 861 millium
606 838 654 861 ex
684 827 941 863 aestimatione
970 828 1169 862 haeredum
1198 829 1364 863 debetur.
1408 829 1515 864 Bona
1541 826 1652 863 dividi
1677 836 1751 864 non
1777 830 1936 873 possunt

122 890 186 913 seu
215 878 420 913 conditione
451 890 519 914 sua
547 891 612 914 seu
640 881 847 925 pertinacia
867 892 1028 916 meorum
1048 880 1223 916 affinium.
1259 881 1298 916 Si
1325 882 1544 923 vendantur,
1572 880 1732 926 pretium
1759 880 1834 926 vile
1863 878 1936 917 erit

124 932 159 965 in
188 936 297 965 tanta
323 932 480 976 penuria
508 938 686 968 emturum
714 934 784 968 hoc
813 940 989 979 tempore.
1048 933 1220 975 Quamvis
1249 934 1322 969 huc
1348 945 1420 980 ego
1448 933 1638 976 inclinem,
1677 932 1708 968 si
1736 931 1935 980 magistra-

124 990 200 1018 tum
228 985 404 1019 haberem
432 986 618 1020 faventem
648 988 694 1020 ad
723 987 988 1032 impetrandam
1018 986 1244 1022 divisionem.
1287 987 1382 1023 Nam
1411 986 1609 1022 communio
1632 984 1843 1034 perniciosa
1858 989 1938 1020 est:

125 1042 210 1071 sunt
239 1038 333 1071 enim
361 1038 579 1074 molendina.
637 1039 802 1079 Quonam
828 1039 946 1085 igitur
972 1043 1084 1085 pacto
1115 1040 1212 1075 bona
1240 1040 1337 1082 ista,
1367 1051 1477 1087 quam
1503 1038 1582 1076 fleri
1607 1043 1756 1086 potest,
1790 1037 1936 1074 minimo

125 1092 255 1125 damno
285 1091 322 1124 in
350 1102 467 1125 meam
495 1096 722 1136 potestatem
749 1092 938 1139 redigam,
981 1092 1042 1127 diu
1064 1091 1145 1138 jam
1185 1094 1249 1128 sed
1286 1093 1426 1128 frustra
1461 1093 1637 1128 delibero.
1694 1091 1808 1132 Video
1851 1090 1939 1127 mihi

127 1143 337 1188 adjumento
377 1145 538 1179 futuram
578 1145 673 1180 hanc
709 1157 828 1180 meam
856 1145 1096 1181 conditionem
1131 1146 1290 1181 aulicam
1318 1151 1358 1181 et
1384 1146 1415 1181 si
1443 1147 1529 1192 quid
1554 1145 1804 1191 inceptarem,
1842 1154 1937 1178 com-

127 1196 376 1231 mendationes
406 1197 511 1232 inde:
554 1199 617 1232 sed
647 1199 836 1234 consilium
865 1199 943 1244 ipse
972 1200 1130 1234 formare
1158 1204 1197 1234 et
1225 1199 1442 1245 principium
1471 1198 1608 1246 agendi
1639 1195 1804 1234 invenire
1831 1197 1870 1232 in
1897 1206 1938 1231 re

127 1255 202 1291 tam
230 1250 415 1295 perplexa
442 1262 515 1285 non
541 1261 701 1296 possum.
738 1253 852 1287 Nulla
880 1252 1022 1298 quidem
1050 1252 1200 1297 privata
1227 1252 1363 1287 invidia
1388 1262 1528 1298 gravor
1554 1252 1592 1287 in
1620 1251 1710 1286 aula
1737 1249 1938 1286 Graeoensi

127 1308 165 1337 et
193 1314 312 1348 spero,
344 1303 374 1337 si
402 1315 512 1338 unum
541 1304 699 1350 aliquem
728 1317 777 1340 ex
806 1305 1014 1351 praecipuis
1042 1304 1261 1350 praesertim
1291 1317 1339 1340 ex
1367 1304 1554 1352 regiminis
1582 1304 1757 1339 haberem
1782 1313 1850 1349 per
1875 1312 1938 1337 cu·

126 1356 327 1402 juscunque
356 1357 427 1392 mai
454 1358 610 1392 fautoris
639 1358 821 1403 privatam
850 1357 1206 1399 commendat-ionem,
1237 1369 1260 1392 a
1286 1357 1375 1393 meis
1400 1357 1568 1405 partibus
1593 1356 1838 1393 astronomiae
1862 1365 1939 1390 una

129 1410 335 1444 faventem:
374 1421 484 1455 posse
513 1411 703 1456 negotium
732 1411 875 1453 confici,
918 1422 983 1456 pro
1022 1422 1092 1456 quo
1130 1422 1202 1457 ego
1231 1422 1303 1446 non
1330 1422 1449 1446 essem
1476 1411 1660 1457 ingratus.
1714 1409 1824 1445 Alter
1850 1417 1937 1452 vere

127 1462 244 1506 major
271 1474 327 1496 me
356 1464 549 1508 scrupulus
578 1469 701 1510 urget.
757 1463 935 1510 Privigna
973 1464 1060 1498 mihi
1098 1468 1156 1498 est
1195 1463 1255 1498 hic
1297 1463 1441 1510 quidem
1468 1464 1617 1510 Pragae
1657 1462 1757 1508 apud
1783 1464 1963 1496 matrem'

129 1526 233 1550 suam
261 1514 376 1560 (quod
405 1515 441 1550 in
469 1517 635 1551 beneficii
663 1523 771 1562 parte
802 1528 965 1563 agnosco
994 1517 1048 1551 ita
1073 1516 1288 1561 permissum
1317 1513 1433 1559 esse),
1469 1515 1573 1561 cujus
1611 1516 1709 1550 bona
1747 1513 1785 1550 in
1811 1511 1940 1560 Styria

129 1568 195 1602 sub
226 1568 409 1603 tutoribus
440 1574 525 1603 sunt
553 1581 625 1604 non
653 1570 800 1605 minoris
830 1569 1027 1605 aestimata
1054 1570 1178 1604 decem
1205 1568 1357 1604 millium
1386 1571 1430 1604 de
1458 1568 1593 1615 potiori
1620 1571 1728 1614 parte
1762 1572 1937 1613 praesen-

129 1621 175 1655 tis
204 1622 397 1666 pecuniae.
448 1622 606 1668 Propter
634 1622 811 1658 alimenta
838 1622 918 1668 ejus
948 1622 1144 1668 privignae
1173 1622 1353 1657 debentur
1380 1621 1468 1657 mihi
1495 1620 1690 1668 quotannis
1719 1621 1766 1656 ad
1795 1618 1845 1655 '70
1873 1619 1937 1654 flo-

127 1685 234 1709 renos
262 1675 472 1719 praesentis
501 1676 701 1720 pecuniae,
738 1681 777 1711 et
811 1680 1011 1722 praeterea
1047 1686 1133 1710 usus
1172 1675 1312 1717 fructus
1347 1675 1477 1710 vineae
1512 1679 1552 1710 et
1591 1673 1735 1710 aedium
1768 1671 1806 1707 in
1833 1670 1936 1707 urbe.

127 1727 196 1762 Hic
224 1739 296 1761 non
325 1732 469 1763 tantum
497 1740 592 1764 uxor
620 1740 702 1764 mea
730 1729 888 1764 sollicite
916 1729 1049 1770 instat,
1086 1732 1129 1763 ut
1156 1729 1216 1762 vel
1245 1728 1377 1764 saltem
1406 1727 1569 1774 aliquam
1594 1725 1800 1773 portionem
1828 1728 1940 1760 extra

126 1780 259 1815 limites
288 1780 436 1827 Styriae
465 1786 607 1817 tutores
637 1784 826 1828 deponant
851 1785 1005 1828 propter
1032 1780 1289 1817 securitatem:
1333 1792 1489 1827 aequum
1517 1780 1614 1816 enim
1639 1790 1746 1821 esse,
1786 1780 1830 1813 ut
1856 1777 1941 1824 ipsa

128 1845 270 1878 quoque
298 1833 334 1868 in
363 1838 470 1879 parte
500 1836 643 1870 tutelae
673 1835 743 1877 sit,
785 1846 903 1881 neque
932 1836 1064 1869 absens
1100 1839 1139 1868 et
1174 1834 1317 1869 omnino
1346 1845 1370 1869 a
1397 1833 1623 1869 conscientia
1647 1831 1758 1878 hujus
1787 1829 1937 1866 admini-

127 1886 316 1921 strationis
344 1891 498 1929 remota,
529 1889 614 1923 olim
642 1889 840 1935 neglectae
869 1891 1059 1923 maternae
1086 1887 1340 1932 providentiae
1368 1886 1534 1922 accusari
1551 1885 1691 1932 possit3
1719 1881 1938 1930 praesertim

128 1951 208 1974 cum
238 1944 391 1982 constet,
425 1941 581 1976 alterum
610 1946 772 1977 tutorum
801 1941 943 1986 aliquot
971 1939 1087 1975 millia
1114 1939 1226 1985 hujus
1254 1939 1463 1985 praesentis
1490 1937 1668 1986 pecuniae
1686 1941 1813 1972 mutuo
1841 1940 1937 1971 sum-

128 1993 218 2026 sisse
248 1997 286 2027 et
314 1994 468 2038 praedia
495 2005 561 2039 pro
592 2006 630 2029 se
660 1996 790 2029 emisse
819 2006 891 2029 non
932 1994 1122 2028 admodum
1164 1997 1266 2033 tut-a3
1309 1993 1373 2027 sed
1411 1992 1523 2027 etiam
1549 1991 1630 2038 ipse
1655 2001 1727 2038 ego
1753 1989 1831 2024 tale
1851 1987 1937 2035 quid

126 2045 300 2090 percupio
330 2046 428 2087 fieri,
461 2051 502 2081 ut
530 2046 560 2081 si
590 2059 659 2093 quo
689 2047 836 2092 longius
867 2057 890 2080 a
917 2046 1044 2092 Styria
1072 2045 1214 2086 abeam,
1246 2044 1513 2090 expeditiorem
1538 2045 1699 2080 habeam
1725 2041 1939 2088 pensionem

127 2099 254 2137 illam,
283 2099 326 2132 de
357 2109 430 2144 qua
457 2100 561 2133 modo
590 2100 678 2135 dixi.
735 2101 829 2135 Nam
856 2100 926 2133 hoc
955 2098 1098 2144 quidem
1126 2102 1290 2142 tempore
1314 2096 1567 2144 bogitationes
1594 2107 1699 2135 meae
1728 2092 1937 2131 distrahun-

126 2155 197 2192 tur,
227 2155 269 2184 ut
297 2150 352 2185 ita
378 2150 541 2186 intentus
571 2164 652 2187 esse
681 2153 726 2187 ad
756 2151 880 2187 studia
906 2163 979 2186 non
1006 2149 1153 2196 possim,
1177 2150 1260 2195 jam
1286 2161 1353 2196 pro
1380 2151 1464 2185 dote
1489 2149 1615 2186 uxoris
1641 2147 1833 2191 sollicitus,
1857 2146 1938 2194 ‚iam

127 2213 251 2237 curam
280 2200 396 2249 agens
426 2204 568 2240 aedium
596 2204 803 2252 privignae,
828 2204 908 2250 jam
933 2204 1063 2239 vineae
1089 2203 1270 2238 culturam
1296 2207 1474 2246 tractanS,
1492 2203 1580 2249 jam
1604 2202 1782 2238 alimenta
1799 2199 1936 2236 crebris

128 2255 244 2291 literis
273 2267 480 2301 reposcens.

245 2309 350 2343 Haec
369 2310 490 2345 omnia
508 2310 662 2357 negotia
680 2310 1035 2356 multiplicabuntur,
1064 2309 1152 2344 fient
1172 2308 1294 2344 omnia
1312 2308 1516 2344 difficiliora
1541 2307 1729 2354 expeditu,
1745 2304 1790 2342 vsi
1807 2307 1938 2354 Praga

129 2362 345 2396 discessero.
389 2362 563 2398 Miserum
591 2375 658 2405 me,
690 2363 746 2398 cui
775 2364 867 2399 haec
896 2363 981 2398 olim
1010 2362 1099 2397 satis
1130 2362 1322 2407 splendida
1344 2361 1424 2407 jam
1453 2361 1546 2396 nulli
1580 2365 1666 2396 sunt
1691 2359 1797 2403 usui,
1828 2369 1935 2406 quam

128 2419 170 2449 ut
198 2415 437 2450 difficiliorem
465 2418 621 2452 reddant
650 2416 897 2452 oeconomiam
933 2420 1047 2462 utque
1083 2426 1235 2450 uxorem
1273 2419 1311 2449 et
1350 2414 1558 2461 privignam
1585 2415 1692 2450 lauta
1719 2412 1804 2448 olim
1832 2412 1870 2448 in
1897 2422 1938 2446 re

129 2468 336 2503 sumtiosius
366 2470 476 2504 alam.

247 2522 352 2556 Haec
380 2521 516 2568 itaque,
546 2526 588 2557 ut
615 2522 719 2557 initio
748 2523 835 2564 dixi,
866 2523 910 2557 ad
940 2522 1166 2556 formandum
1195 2520 1383 2556 consilium
1407 2519 1593 2566 pertinere
1619 2530 1697 2555 sum
1719 2516 1935 2554 arbitratus.

128 2574 304 2619 Tempus,
342 2579 385 2609 ut
418 2576 464 2610 ad
498 2575 744 2620 pulcherrima
777 2580 904 2610 nostra
938 2574 1061 2609 studia
1097 2584 1299 2608 sermonem
1326 2573 1558 2609 transferam.
1628 2573 1695 2618 (Ex
1717 2576 1819 2609 literis
1844 2571 1876 2608 d.
1902 2574 1934 2607 d.

131 2624 184 2656 12.
210 2626 287 2659 Jan.
319 2624 434 2666 1603).

247 2683 345 2715 Brevi
369 2688 443 2725 post
469 2682 566 2725 (Maj.
597 2682 702 2724 1603)
729 2685 867 2717 nunciat
890 2683 1054 2725 Keplerus
1079 2683 1272 2720 Hei-watto,
1297 2693 1431 2716 uxorem
1455 2691 1550 2715 suam
1573 2682 1608 2714 in
1634 2680 1778 2724 styriam
1802 2680 1933 2717 abiisse,

130 2734 165 2761 ut
190 2740 240 2762 res
265 2739 343 2762 suas
369 2732 441 2772 ipsa
467 2735 606 2763 curaret.
655 2731 899 2764 Herwartus
926 2729 973 2771 (d.
1003 2728 1057 2761 17.
1085 2729 1160 2762 Jun.
1190 2727 1298 2770 1603)
1323 2730 1408 2763 haec
1433 2728 1615 2771 respondit:

247 2788 346 2820 Edler
370 2788 568 2821 Ehrnvester
592 2789 659 2821 und
683 2789 952 2832 Hochgelehrter.
1002 2787 1094 2821 Euch
1131 2788 1224 2820 seind
1262 2789 1369 2821 moine
1400 2787 1637 2830 freundwillige
1671 2785 1792 2820 Dienst
1826 2785 1933 2823 bevor,

129 2834 262 2866 sonders
286 2835 388 2867 lieber
412 2835 498 2867 Herr
521 2835 589 2867 und
613 2839 708 2878 guter
732 2836 873 2869 Freund.

248 2893 305 2924 Ich
341 2893 407 2925 hab
443 2895 503 2925 mit
539 2894 612 2925 dem
647 2894 753 2926 Herm
786 2892 884 2926 Peter
920 2893 1056 2931 Casal„
1073 2893 1165 2926 Rath
1195 2893 1262 2926 und
1299 2891 1507 2925 Secretarien
1543 2892 1574 2924 J.
1602 2892 1638 2923 F.
1663 2891 1708 2924 D.
1746 2887 1933 2924 Fordinand

131 2949 191 2970 von
219 2939 408 2977 Oestreich,
443 2950 558 2983 wegen
584 2940 641 2972 des
666 2940 774 2973 Herrn
798 2940 1202 2983 Erbschaftshandlungen
1226 2939 1373 2982 gei-edet.
1421 2939 1466 2971 Er
1499 2939 1560 2971 hat
1589 2938 1660 2971 sich
1683 2938 1853 2975 erbotten.
1878 2936 1932 2969 bei

132 2985 194 3017 den
221 2986 352 3018 Sacben
377 2988 447 3019 sein
471 2987 591 3020 Bestes
616 2997 656 3019 zu
681 2987 773 3020 thun.
824 2987 882 3019 Als
912 2987 992 3019 wird
1027 2987 1085 3019 der
1107 2984 1192 3019 Hert
1227 2988 1298 3019 sein
1321 2985 1552 3023 Hausfrauen,
1590 2985 1650 3017 auf
1682 2983 1747 3017 den
1777 2982 1850 3015 Fau
1884 2983 1933 3016 sia

131 3032 215 3063 noch
240 3043 281 3064 zu
307 3033 425 3071 Gretz,
463 3033 589 3066 solehes
614 3034 732 3066 wissen
757 3034 884 3070 lassen,
920 3033 1026 3066 damit
1058 3034 1106 3066 sie
1137 3033 1207 3066 sich
1239 3033 1294 3065 bei
1316 3031 1384 3065 ihm
1407 3032 1538 3065 melden
1559 3030 1671 3063 lassen
1693 3033 1825 3073 mogon.
1873 3029 1933 3062 mi

131 3078 195 3109 vill
223 3079 299 3110 aber
325 3080 398 3111 dem
423 3080 529 3112 Herm
554 3082 604 3114 nit
628 3081 809 3118 verhalten,
835 3080 911 3114 dass
937 3090 972 3113 er
995 3082 1055 3112 mir
1078 3081 1113 3112 in
1137 3080 1309 3114 sonderem
1332 3078 1519 3112 Vemauen
1544 3077 1757 3120 angadeutet,
1782 3083 1819 3110 ot
1839 3076 1931 3112 hastae
