2028 3242
902 84 1011 127 eqni
1031 82 1159 118 xvm.
1844 84 1927 128 167

118 189 326 233 trinitates
350 202 379 231 a
406 189 555 239 Terra,
594 202 696 243 quae
730 190 950 232 Ptolemaei
992 191 1127 232 seculo
1164 196 1208 231 et
1243 203 1345 244 quae
1381 195 1520 232 nostro
1558 191 1742 240 fuerunt,
1783 193 1924 234 eodem

57 268 59 271 .
117 247 324 290 deducere·
342 253 466 302 atque
497 261 548 290 ex
575 250 757 302 utrisque
788 249 957 291 eandem
976 265 1002 290 a
1020 248 1116 291 Sole
1136 250 1478 291 eccentricitatem
1499 250 1750 292 concludere.
1794 251 1923 305 Atqui

117 306 314 348 calculum
341 308 532 356 consule,
570 308 725 348 videbis
757 309 832 348 hoc
861 321 965 358 non,
1005 315 1050 350 ut
1077 321 1154 361 par
1183 315 1293 358 erat,
1335 308 1433 349 fieri.
1496 309 1785 362 Discrepantes
1816 311 1923 352 enim

116 365 286 407 invicem
328 366 566 419 provenient
606 366 732 408 etiam
773 366 931 417 ἀφηλιοι
972 367 1311 409 eccentricitates.
1374 367 1486 408 Idem
1522 368 1571 408 de
1609 369 1708 409 locis
1749 367 1923 421 οἷφηλιωσ

116 424 265 466 dicum
295 430 406 471 esto,
438 425 532 478 quia
562 425 663 466 baec
690 430 829 466 mutuo
860 438 1043 467 connexa
1072 433 1179 468 sunt.
1242 427 1379 479 Atque
1410 426 1483 466 hoc
1516 439 1632 468 unum
1664 434 1741 469 est.

231 483 388 525 Deinde
419 483 538 526 facile
568 484 770 536 colligitur
799 497 850 525 ex
880 491 1047 538 aspectu
1078 486 1255 533 tabulae,
1287 498 1376 526 cnm
1406 485 1671 537 inaequaliter
1700 487 1923 539 procedant

115 547 160 583 et
185 541 336 594 elman
362 548 407 584 et
435 542 610 595 ὰογοια,
642 555 830 596 magnam
859 544 954 585 inde
984 557 1173 586 successu
1204 545 1428 585 seculorum
1459 545 1699 586 exstituram
1728 544 1922 597 ἐκκεκρο·

112 611 241 652 ητα»
277 600 568 644 diversitatem.
636 602 769 643 Hodie
807 602 973 644 Saturni
1016 610 1058 644 et
1094 603 1267 645 Telluris
1309 604 1471 644 absides
1514 616 1639 657 prope
1683 605 1919 657 conjunctae

112 665 219 708 e-t,
252 671 375 713 quare
404 660 565 712 integra
595 661 768 703 Telluris
799 662 1102 704 eccentricitate
1131 662 1261 703 minor
1290 668 1356 703 est
1387 662 1552 704 Saturni
1584 677 1610 703 a
1641 669 1779 705 centro
1811 664 1918 704 orbis

113 718 346 767 Terrestris,
378 731 496 773 quam
526 733 554 760 a
582 719 694 768 Sole,
726 721 935 763 distantia.
996 722 1076 763 Ubi
1107 722 1331 775 quadrante
1361 721 1596 770 distiterint,
1631 722 1811 775 aequalis
1843 723 1920 764 erit

113 783 280 830 meaque
310 783 355 819 et
386 792 415 819 a
443 778 539 819 Sole
576 784 619 819 et
654 793 681 819 a
711 780 855 828 Terra,
899 786 1055 822 crescet
1091 794 1233 834 nempe
1266 780 1487 834 Copernico
1524 793 1600 822 sna
1636 781 1917 823 eccentricitas

110 835 306 878 Saturnia
333 849 461 890 usque
491 838 583 878 dum
614 845 868 890 opponentur
898 839 1068 881 invicem
1093 839 1256 881 Saturni
1288 845 1332 880 et
1355 839 1528 881 Telluris
1559 840 1736 882 absides.
1788 832 1946 897 Ωιιειιιζ,

96 893 165 936 ἀἱ
192 901 380 937 mutum
411 896 490 937 etsi
520 897 688 938 mundus
720 910 796 938 non
828 898 1014 940 durabit·
1054 905 1190 940 tamen
1227 900 1262 940 si
1298 900 1481 951 perfecta
1511 905 1624 940 esset
1653 899 1914 949 astronomia,

110 954 214 995 talen
245 954 420 997 debebat
454 955 697 1008 hypotheses
735 969 949 1008 usurpare,
994 971 1097 1011 qnae
1135 958 1251 1011 quasi
1287 964 1452 999 aeterno
1474 958 1731 1010 mundym
1671 958 1913 999 sufficerent.

108 1011 236 1066 Atqui
264 1013 364 1054 nihil
394 1014 532 1054 horum
563 1021 699 1055 monet
729 1029 855 1068 neque
886 1015 1131 1069 Copernicus
1163 1030 1290 1070 neque
1320 1015 1613 1058 Rheinholdus.
1670 1016 1762 1058 Νοιι
1793 1017 1915 1069 igitur

109 1071 390 1123 perfectissimi
421 1078 516 1113 sunt
545 1086 680 1114 eorum
710 1074 881 1124 numeri,
922 1088 1048 1130 neque
1081 1076 1260 1129 integras
1290 1077 1543 1128 planetarum
1573 1075 1768 1127 sphaeras
1799 1076 1914 1116 nobis

108 1130 330 1184 explicant,
362 1131 505 1184 quibus
536 1132 628 1172 illos
657 1145 770 1174 seros
801 1140 934 1175 motus
965 1135 1148 1176 accidere
1177 1147 1298 1187 posse
1329 1135 1616 1188 intelligamus.

224 1190 337 1232 Haec
365 1196 411 1231 et
439 1191 664 1244 hujusmodi
700 1192 847 1233 similia
882 1205 971 1234 cnm
1007 1207 1070 1234 me
1106 1195 1283 1235 nonnihil
1325 1195 1636 1240 conturbarent,
1679 1199 1801 1246 atque
1839 1206 1913 1246 ego

108 1249 313 1291 haererem
346 1250 462 1302 inope
499 1250 673 1299 consilii,
719 1252 832 1304 quasi
877 1253 944 1304 qui
987 1252 1180 1305 disjectas
1219 1253 1436 1294 automatis
1476 1253 1631 1294 rotulas
1662 1252 1703 1292 in
1735 1251 1912 1293 ordinem

106 1307 290 1359 redigere
320 1309 470 1357 nescit,
510 1309 753 1350 Maestlinus
783 1323 846 1351 me
877 1312 1126 1361 consolatus,
1166 1312 1243 1352 imo
1274 1312 1510 1353 dehortatus
1542 1317 1605 1352 est
1636 1311 1687 1351 ab
1718 1311 1780 1351 his
1812 1311 1911 1351 sub-

105 1366 351 1408 tilitatibus:
389 1368 479 1411 Non
504 1380 625 1420 posse
650 1381 736 1417 noS,
769 1369 918 1421 ajebat,
951 1383 1089 1412 omnes
1121 1377 1288 1412 naturae
1321 1371 1531 1412 thesauros
1563 1370 1800 1411 exhaurire:
1833 1383 1910 1410 non
1982 1360 1997 1377 s

105 1425 343 1467 movendum
373 1438 463 1467 esse
494 1427 643 1467 malum
674 1428 774 1468 bene
811 1429 1041 1470 conditum:
1074 1435 1118 1470 et
1146 1430 1396 1471 tolerandam
1429 1430 1561 1486 potius
1594 1435 1712 1481 atque
1745 1434 1910 1469 susten-

103 1483 275 1526 tandm
298 1484 562 1526 levaminibus
593 1486 830 1538 quibusdam
861 1487 984 1528 hanc
994 1489 1117 1530 veluti
1148 1495 1351 1557 rupturam
1377 1488 1538 1529 humani
1563 1487 1756 1540 corporis,
1791 1500 1910 1540 quam

103 1547 150 1584 ut
178 1547 264 1584 tam
291 1544 494 1596 exquisita
524 1550 712 1585 anatome
748 1546 985 1598 conjiciatur
1019 1560 1142 1600 aeger
1179 1549 1217 1588 in
1256 1548 1627 1600 praesentissimum
1657 1546 1766 1587 vitae
1797 1546 1908 1599 peri-

101 1601 247 1643 culum.
296 1602 534 1644 Ptoferebat
563 1604 658 1644 mihi
689 1606 913 1657 exemplum
943 1606 1119 1654 Rhetici,
1150 1620 1363 1660 curamque
1395 1606 1480 1658 ejus
1508 1606 1564 1646 ad
1594 1618 1766 1658 unguem
1796 1618 1908 1645 meae

102 1659 291 1701 similiter
325 1662 524 1702 curiosam
561 1669 603 1702 et
639 1663 914 1716 increpantem
953 1678 1025 1717 pro
1063 1679 1107 1706 se
1140 1665 1418 1734 Copernicum
1479 1665 1669 1717 Epistola
1699 1669 1764 1705 est
1792 1664 1907 1704 Rhe-

100 1719 174 1760 tici
200 1719 460 1772 Ephemeridi
497 1722 590 1762 anni
626 1720 732 1763 1551
776 1723 973 1775 praefixa,
1014 1738 1115 1777 qnae
1153 1726 1247 1777 quia
1282 1738 1361 1766 non
1397 1725 1551 1777 passim
1589 1730 1655 1764 est
1691 1722 1828 1772 obvia,
1867 1729 1910 1763 et

103 1782 234 1819 totum
262 1779 338 1820 hoc
368 1785 489 1832 caput
519 1781 656 1821 multis
687 1782 785 1822 locis
824 1782 984 1823 mirifice
1015 1785 1159 1835 juvat,
1203 1785 1420 1836 praecipua
1456 1784 1548 1824 inde
1584 1795 1657 1835 pro
1689 1782 1907 1835 colophone

103 1836 194 1878 huic
223 1838 347 1890 capiti
377 1839 629 1890 subjungam.
681 1839 750 1881 Sic
775 1841 898 1893 igitur
914 1841 1113 1884 Rheticus
1139 1843 1191 1883 ad
1223 1844 1415 1884 lectorem
1439 1844 1544 1883 inter
1569 1847 1732 1882 cetera:
1773 1839 1908 1889 „Suas

0 1936 9 1953 Ξ
100 1901 239 1936 autem
267 1895 555 1949 (Copernicus)
586 1899 872 1950 exquisitiones
903 1902 1138 1948 mediocres,
1171 1915 1249 1942 non
1281 1903 1422 1943 nimias
1454 1914 1545 1942 esse
1574 1901 1713 1942 voluit.
1763 1901 1905 1953 Itaque

99 1955 308 2003 consulto,
344 1969 422 1996 non
464 1957 611 1998 inertia
655 1964 739 1998 ant‘
761 1959 896 2000 taedio
934 1961 1238 2013 defatigationis
1277 1975 1346 2001 eas
1384 1960 1717 2004 comminationes>
1745 1958 1905 2006 vitavit,

59 2020 77 2039 s
100 2026 200 2067 quas
230 2015 405 2055 nonnulli
437 2015 558 2056 etiam
590 2018 854 2066 affectarunt,
895 2025 935 2059 et
970 2026 1063 2059 sunt
1096 2021 1160 2071 qui
1199 2020 1389 2072 exigant,
1428 2019 1558 2072 qualis
1590 2025 1655 2059 est
1687 2017 1903 2058 Pnrbachii

99 2072 139 2112 in
151 2072 372 2124 eclipsium
402 2074 552 2114 tabulis
577 2075 795 2117 subtilitas.
842 2077 996 2118 Videas
1024 2085 1159 2119 antem
1190 2079 1384 2131 quosdam
1415 2079 1454 2119 in
1486 2078 1549 2118 his
1581 2090 1738 2117 omnem
1769 2089 1904 2117 curam

9 2174 11 2177 ¹
98 2142 259 2182 ponere,
291 2137 336 2172 ut
365 2133 483 2183 plane
514 2135 745 2186 scrupulose
777 2136 867 2176 loca
896 2136 1070 2177 siderum
1097 2143 1336 2186 scrutentur,
1370 2138 1436 2190 qui
1468 2138 1560 2177 dum
1591 2136 1830 2176 secundanis
1863 2141 1905 2175 et

100 2189 300 2238 tertianis,
332 2191 552 2242 quartanis,
586 2193 788 2244 quintanis
818 2195 993 2236 minutiis
1024 2196 1195 2243 inhiant,
1226 2195 1406 2248 integras
1424 2196 1587 2236 interim
1611 2201 1750 2247 partes
1780 2207 1902 2246 prae-

100 2252 260 2288 tereunt
298 2261 425 2301 neque
458 2250 699 2301 respiciunt;
744 2257 787 2292 et
815 2253 854 2292 in
886 2254 1097 2294 momentis
1128 2269 1206 2295 των
1237 2269 1481 2304 φαινομηωι
1511 2267 1632 2306 saepe
1664 2253 1791 2301 horis,
1825 2265 1902 2292 non

99 2306 222 2346 etiam
251 2319 450 2359 nunquam
480 2308 620 2348 diebus
656 2311 755 2350 totis
792 2311 995 2352 aberrant.
1059 2314 1144 2352 Hoc
1183 2313 1365 2353 nimirum
1402 2319 1490 2358 est,
1534 2313 1638 2365 quod
1677 2313 1717 2351 in
1755 2311 1902 2351 fabulis
1918 2327 1972 2406 7>

0 978 14 1243 ru-QWvoe-w—-v-w
0 896 3 947 -rvw
0 842 4 885 -νι-
0 813 3 816 ψ
0 737 4 745 v·
0 713 4 720 v
0 606 6 703 „ww-<re
0 560 1 569 μ
0 496 4 501 ,

0 2371 25 2425 :3
98 2364 310 2418 Aesopicis
341 2366 385 2406 fit
415 2366 466 2406 ab
498 2379 557 2415 eo,
591 2368 676 2419 qui
688 2370 820 2419 jussus
850 2370 992 2411 bovem
1023 2372 1213 2412 amissum
1244 2372 1453 2419 reducere,
1487 2372 1581 2411 dum
1611 2371 1778 2411 aviculis
1810 2369 1900 2422 qui-

96 2421 265 2465 busdam
295 2425 507 2477 captandis
539 2426 698 2475 studet,
744 2440 870 2480 neque
908 2429 969 2469 his
1010 2430 1162 2481 potitur
1206 2436 1247 2470 et
1290 2430 1391 2470 bove
1433 2431 1557 2470 etiam
1586 2430 1674 2496 ipso
1706 2429 1899 2480 privatur.

97 2480 304 2523 Recordor
333 2497 423 2524 cum
454 2489 496 2523 et
527 2485 612 2537 ipse
638 2486 807 2536 juvenili
840 2487 1074 2528 curiositate
1106 2489 1353 2540 impellebar,
1387 2495 1428 2528 et
1459 2488 1575 2541 quasi
1605 2487 1646 2527 in
1677 2486 1903 2539 penetralia

31 2548 33 2550 ’
97 2540 272 2582 siderum
306 2543 513 2595 pervenire
552 2544 773 2611 cupiebam.
835 2545 976 2613 Itaque
1020 2547 1069 2586 de
1110 2547 1187 2587 hac
1231 2548 1493 2599 exquisitione
1534 2546 1734 2586 interdum
1779 2544 1902 2585 etiam

96 2598 260 2640 rixabar
289 2614 380 2642 cum
409 2602 557 2654 optimo
590 2608 632 2642 et
663 2603 835 2644 maximo
854 2605 940 2644 viro
962 2603 1195 2657 Copernico.
1246 2605 1329 2646 Sed
1359 2607 1443 2652 ille,
1473 2618 1562 2645 cum
1593 2605 1750 2668 quidem
1782 2603 1903 2644 animi

99 2658 179 2699 mei
207 2659 376 2700 honesta
407 2661 626 2713 cupiditate
659 2663 949 2714 delectaretur,
990 2664 1100 2704 molli
1137 2664 1300 2704 brachio
1332 2665 1544 2716 objurgare
1575 2676 1638 2703 me
1676 2668 1718 2702 et
1747 2663 1901 2702 hortari

30 2748 37 2768 ,ὲ
97 2717 276 2767 solebat,
314 2725 361 2759 ut
390 2732 551 2760 manum
582 2721 704 2760 etiam
735 2721 783 2760 de
816 2710 956 2762 tabula
994 2723 1135 2763 tollere
1169 2723 1386 2763 discerem:
1436 2722 1550 2774 Ego,
1591 2721 1758 2777 inquit,
1748 2771 1752 2773 α
1783 2722 1835 2773 si
1842 2722 1901 2774 ad

98 2780 320 2832 sextantes,
351 2790 454 2830 quae
485 2784 580 2819 sunt
609 2780 797 2831 scrupula
826 2781 977 2827 decem,
1010 2781 1223 2822 veritatem
1249 2782 1446 2822 adducere
1473 2786 1631 2832 potero,
1662 2793 1742 2824 non
1768 2778 1900 2823 minus

98 2834 287 2874 exultabo
310 2836 624 2890 animiskquam
656 2838 810 2879 ratione
843 2851 1005 2879 normae
1037 2846 1198 2891 reperta
1221 2840 1494 2893 Pythagoram
1516 2839 1787 2901 accepimus.
1777 2828 1900 2878 ‘Qui-

46 2918 48 2921 ι
98 2897 214 2933 rante
257 2906 319 2934 me
357 2900 399 2934 et
437 2896 694 2936 annitendum
733 2910 823 2937 esse
863 2898 912 2936 ad
945 2898 1118 2938 certiora
1149 2899 1332 2947 dicente,
1376 2899 1453 2938 huc
1484 2897 1642 2950 quidem
1673 2910 1760 2938 cum
1793 2898 1900 2938 diffi-

40 2974 45 2985 ι
98 2951 250 2991 cultate
281 2954 403 2993 etiam
433 2960 668 3005 perventum
700 2956 747 2995 iri
780 2957 1095 3004 demonstrabat,
1128 2969 1216 2997 cum
1249 2957 1350 3007 aliis,
1385 2962 1468 2998 tum
1490 2957 1616 2997 tribus
1647 2956 1899 3009 potissimum

100 3009 149 3048 de
181 3011 327 3050 causis.
377 3012 529 3053 Harum
560 3013 731 3065 primam
762 3028 852 3054 esse
885 3015 1033 3067 ajebat,
1068 3016 1172 3067 quod
1199 2989 1545 3064 animadverteret,
1578 3015 1791 3068 plerasque
1824 3015 1897 3055 ob-

46 3082 47 3086 *
101 3068 349 3110 servationes
368 3076 550 3112 veterum
575 3072 755 3114 sinceras
783 3086 859 3113 non
881 3086 982 3122 esse,
1017 3074 1088 3114 sed
1120 3076 1443 3115 accommodatas
1475 3075 1525 3115 ad
1560 3087 1649 3115 eam
1679 3075 1924 3119 doctrinam,
