2028 3242
946 100 1063 130 eoum
1085 95 1215 129 Um
1795 91 1876 134 251

78 204 216 247 velint.
274 203 326 245 Ei
344 205 463 254 enim,
496 205 602 257 quod
632 208 697 245 est
714 202 1125 257 praestantissimum,
1157 201 1482 243 honestissimum
1504 201 1635 243 locum
1654 199 1743 240 dari
1761 212 1884 252 opor-

77 270 179 314 tere,
208 263 343 316 ignem
361 276 457 304 vero
477 263 604 304 Terra
620 262 1002 316 praestantioremf‘
1036 261 1135 308 (Hic
1154 261 1189 301 si
1208 261 1427 313 expendas,
1458 273 1536 301 non
1556 272 1648 312 esse
1667 265 1924 319 praestan-

76 322 159 365 tius
185 322 309 364 ullum
338 335 482 375 corpus
512 323 601 374 ipso
632 322 728 363 Sole
758 321 798 362 in
829 327 917 363 toto
947 321 1107 368 mundo,
1138 319 1220 360 vim
1252 320 1477 372 argumenti
1508 308 1673 360 mirifice
1705 318 1916 370 augebis,
1911 310 1924 377 ζ

77 386 122 423 et
142 380 263 435 'quid'
273 381 340 423 ille
365 381 472 434 iguis
490 381 557 431 sit,
590 381 828 434 intelliges.)
889 379 1126 429 „Terminos
1143 391 1240 418 vero
1259 378 1462 430 digniores
1486 378 1743 429 interjectis“
1772 379 1888 425 (sunt

77 440 183 483 enim
222 440 339 494 quasi
378 440 540 494 quidam
570 441 689 489 fines,
740 451 842 492 quos
881 438 984 479 alios
1024 450 1103 479 non
1151 437 1302 478 habent
1337 438 1607 489 quantitates,
1657 436 1747 477 finis
1789 447 1887 476 vero

76 512 235 553 nemer
262 499 615 553 praest-atione,
646 498 766 566 cujus·
790 498 879 538 finis
911 499 1012 545 est.)
1061 496 1332 546 „Extremum
1351 509 1448 536 vero
1472 496 1607 536 muudi
1641 501 1681 535 et
1700 495 1886 543 medium,

78 562 278 608 centrum,
315 571 408 600 esse
437 557 629 599 terminos
661 557 835 598 omnium
865 557 1043 598 locorum
1071 556 1416 604 intermediorum‚
1449 556 1491 596 in
1523 555 1666 607 quibus
1696 555 1887 606 planetae

77 622 123 659 et
149 616 224 660 Sol
252 617 373 670 vulgo
415 616 684 664 collocantur;
729 628 852 669 quare
883 620 1063 656 centrum
1094 621 1138 655 et
1167 614 1361 655 extimam
1394 613 1644 667 superficiem
1676 627 1767 654 esse
1799 614 1890 653 loca

83 676 220 719 mundi
270 675 641 729 prestantissima.
715 674 780 715 Ex
827 675 969 728 quibus
1012 674 1296 715 concludentes
1337 686 1414 714 non
1454 678 1603 725 putant
1638 673 1804 713 Terram
1849 673 1887 712 iu

79 735 277 790 sphaerae
317 734 540 776 meditullio
571 735 768 782 locatam,
813 734 885 774 sed
916 734 1055 785 Ignem
1086 731 1279 781 (Solem).
1342 731 1523 773 Censeut
1560 738 1773 787 praeterea
1803 732 1886 785 Py-

56 794 313 849 thagoras&
351 806 421 844 eo,
460 792 570 846 §uod
601 806 675 846 par
705 794 783 842 sit,
829 792 999 833 maxime
1030 792 1204 832 omnium
1234 792 1429 832 custodiri
1469 791 1510 832 id
1541 792 1647 844 quod
1678 791 1734 832 sit
1763 790 1889 833 totius

79 852 256 896 universi
283 853 558 906 praecipuum,
592 852 765 892 medium
795 865 891 892 vero
922 852 1019 892 talis
1048 851 1104 891 sit
1136 851 1246 891 locus
1278 852 1415 903 (quem
1446 856 1489 891 et
1517 850 1634 891 Jovis
1665 850 1889 891 custodiam

81 912 251 961 dicunt}
275 911 365 952 ideo
402 911 536 964 ignem
567 911 745 959 (Sole'm)
777 918 915 952 tenere
953 910 1055 951 hauc
1091 910 1294 962 regionem
1327 911 1571 957 (centrum):
1616 909 1742 958 sicut,
1786 909 1889 960 quod

82 971 269 1014 absolute
298 971 473 1012 medium
505 971 663 1019 dicitur,
697 970 737 1010 id
769 975 833 1010 est
864 975 908 1010 et
937 969 1225 1022 magnitudinis
1256 974 1299 1009 et
1327 970 1386 1010 rei
1417 975 1460 1010 et
1480 975 1649 1010 naturae
1673 967 1889 1009 medium.“

81 1029 198 1078 Quae
230 1035 469 1084 argumenta
499 1029 651 1070 diluere
681 1034 850 1070 conatur
878 1029 1127 1070 Aristoteles
1158 1028 1220 1068 his
1251 1029 1406 1069 verbis:
1448 1028 1611 1081 „atqui,
1652 1032 1698 1068 ut
1727 1027 1767 1068 in
1799 1027 1890 1067 ani-

81 1089 284 1132 mantibus
320 1102 399 1130 non
438 1088 544 1129 idem
574 1094 638 1129 est
677 1088 863 1130 animalis
902 1095 945 1129 et
974 1088 1151 1140 corporis
1189 1087 1381 1137 medium,
1425 1088 1485 1128 ita
1524 1088 1650 1128 multo
1679 1086 1811 1139 magis
1841 1086 1890 1126 de

81 1154 179 1191 toto-
201 1149 314 1191 coelo
345 1147 469 1189 etiam
499 1148 774 1200 cogitandum.
833 1146 969 1194 Quare
1002 1160 1079 1188 nou
1111 1159 1211 1199 opus
1242 1153 1321 1195 est,
1353 1153 1398 1188 ut
1415 1160 1488 1199 pro
1506 1146 1773 1188 universitate
1803 1151 1890 1186 tre-

82 1208 234 1263 pident,
266 1212 338 1249 aut
366 1207 612 1260 praesidium
641 1207 695 1247 ad
726 1212 905 1248 centrum
925 1207 1146 1247 collocentt
1178 1206 1272 1258 quin
1299 1207 1435 1258 potius
1453 1206 1625 1247 medium
1647 1205 1741 1246 illud
1761 1218 1890 1258 quae-

81 1271 199 1316 rant,
241 1267 360 1320 quale
391 1266 448 1307 sit
489 1271 533 1306 et
559 1265 643 1307 ubi.
703 1266 881 1307 Medium
918 1266 1022 1306 euim
1061 1271 1104 1306 et
1141 1266 1364 1317 pretiosum
1400 1266 1498 1306 illud
1536 1265 1773 1317 principium
1810 1270 1889 1304 est.

82 1327 143 1369 At
176 1324 351 1367 medium
387 1325 465 1367 loci
501 1325 643 1366 ultimo
687 1338 808 1378 quam
849 1325 1044 1378 principio
1084 1324 1256 1364 similius
1300 1325 1470 1365 videtur.
1539 1324 1716 1364 Medium
1754 1323 1890 1375 utique

84 1385 335 1434 teruiinatur,
367 1389 588 1426 extremum
617 1396 714 1425 vero
746 1385 947 1424 terminat.
1005 1383 1290 1424 Praestantius
1320 1390 1469 1432 autem,
1502 1383 1608 1436 quod
1627 1382 1892 1435 comprehen-

85 1445 146 1486 dit
174 1450 220 1485 et
247 1443 354 1495 finit,
393 1455 510 1497 quam
541 1444 646 1496 quod
677 1443 821 1484 finitur.
882 1444 971 1484 Hoc
1004 1442 1109 1483 enim
1147 1443 1341 1491 materia,
1381 1443 1482 1483 illud
1514 1442 1695 1483 essentia
1724 1453 1891 1493 compo-

86 1503 156 1545 siti
184 1501 294 1544 est.“
353 1501 666 1554 (aequivocatio
686 1502 725 1542 in
744 1515 842 1543 voce
873 1502 1120 1551 „medium‚“
1152 1502 1255 1554 quod
1275 1501 1570 1556 Pythagoraeis
1602 1507 1667 1540 est
1697 1507 1890 1549 centrum,

84 1561 300 1604 Aristoteli
330 1561 471 1614 quovis
502 1561 582 1601 alio
613 1562 730 1601 modo
761 1561 943 1602 sumitur.
1006 1560 1122 1607 Quae
1152 1561 1187 1601 si
1218 1561 1398 1609 tollatur,
1431 1560 1623 1602 coincidit
1651 1560 1891 1601 Aristotelis

86 1624 366 1674 argumentum
396 1633 485 1662 cum
516 1621 707 1669 adverso,
747 1632 898 1674 proque
929 1619 1225 1674 Pythagoraeis
1256 1627 1333 1661 est.
1394 1620 1501 1661 Nam
1531 1619 1571 1660 id
1604 1619 1796 1667 medium,
1840 1619 1889 1658 de

72 1693 163 1734 ·quo
192 1679 266 1730 iffi,
295 1679 362 1721 hic
392 1679 498 1733 apud
527 1679 792 1720 Aristotelem
822 1680 990 1720 extremi
1022 1679 1219 1720 rationem
1248 1680 1439 1727 obtinet.)
1500 1679 1614 1719 Haec
1652 1678 1721 1719 ille
1753 1683 1894 1718 contra

0 1767 1 1782 ;
85 1739 410 1794 pythagoraeos,
449 1738 503 1778 ad
534 1751 636 1791 quae
668 1740 910 1791 respondere
948 1752 1021 1779 nec
1053 1738 1213 1778 difficile
1245 1744 1327 1787 est,
1367 1751 1439 1778 nec
1478 1744 1613 1778 tamen
1651 1738 1769 1790 huJus
1801 1737 1891 1778 loci.

84 1796 169 1840 Sed
197 1797 291 1838 hinc
310 1802 482 1850 apparet
510 1797 687 1850 ipsorum
719 1798 922 1838 sententia
953 1798 1002 1837 de
1035 1797 1122 1837 loco
1152 1798 1404 1849 potissimum
1431 1797 1580 1837 Terrae
1613 1802 1728 1836 extra
1757 1796 1891 1836 mundi

84 1857 273 1898 medium.
332 1855 428 1897 Jam
459 1862 502 1896 et
531 1857 582 1896 de
611 1862 721 1897 motu
751 1857 861 1910 ipsos
891 1857 1059 1897 ulterius
1102 1857 1330 1897 audiamus:
1374 1856 1487 1906 „Sed
1519 1856 1584 1908 qui
1616 1869 1704 1896 eam
1733 1855 1774 1895 in
1807 1867 1894 1894 me-

17 1918 21 1921 ’
85 1915 154 1956 dia
182 1914 319 1956 mundi
350 1915 446 1956 sede
482 1915 656 1956 locatam
687 1929 778 1956 esse
808 1922 978 1968 negant,
1023 1916 1172 1956 circum
1207 1916 1379 1956 medium
1416 1928 1505 1955 eam
1535 1915 1643 1958 volvi
1681 1919 1892 1954 asserunt:

85 1987 215 2028 neque
243 1974 347 2015 hanc
377 1974 520 2023 solum,
553 1975 624 2014 sed
657 1988 743 2015 eam
775 1975 910 2023 etiam,
945 1987 1045 2027 quae
1077 1974 1114 2014 ei
1146 1976 1319 2015 adversa
1350 1980 1415 2015 est
1434 1975 1611 2022 (Lunam
1641 1973 1893 2014 manifestis-

85 2033 206 2082 sime)
236 2033 566 2086 quemadmodum
596 2034 716 2087 paulo
749 2039 843 2074 ante
875 2034 1092 2074 diximus.“
1153 2034 1209 2074 Et
1238 2034 1454 2085 interjecta
1474 2033 1642 2073 aliorum
1660 2032 1893 2075 sententia:

86 2092 223 2141 „Nam
252 2091 346 2145 quia
375 2092 501 2132 Terra
531 2105 610 2132 non
642 2098 706 2132 est
736 2099 914 2132 centrum
947 2095 1199 2144 (punctum),
1233 2106 1320 2133 cum
1340 2098 1468 2133 totum
1488 2092 1615 2144 ipsius
1636 2091 1893 2143 hemisphae-

85 2149 189 2191 rium
226 2149 365 2190 absit‘⁸
397 2150 619 2202 (intellige,
663 2152 786 2191 etiam
824 2152 982 2192 illorum
1020 2152 1299 2199 concessione,
1338 2152 1406 2204 qui
1438 2152 1604 2192 Terram
1643 2151 1683 2191 in
1721 2150 1894 2190 medium

87 2208 224 2249 muudi
254 2208 457 2256 referunt)
488 2209 616 2257 „nihil
647 2215 793 2262 putant
822 2210 1057 2261 prohibere,
1103 2210 1310 2262 quominus
1353 2211 1628 2262 phaenomena
1660 2209 1897 2260 contingant

88 2266 204 2308 nobis
235 2271 351 2308 extra
382 2268 590 2307 centrum“
623 2269 721 2312 (non
752 2273 909 2308 tantum
951 2281 1029 2308 una
1059 2268 1358 2309 semidiametro
1389 2269 1560 2317 Terrae,
1600 2269 1671 2308 sed
1703 2273 1894 2320 quantum

87 2327 193 2366 inter
228 2325 366 2366 Solem
404 2330 447 2365 et
483 2325 648 2366 Terram
684 2326 874 2373 interest)
917 2326 1244 2375 ‚,habitantibns,
1287 2327 1474 2367 similiter
1513 2339 1561 2367 ac
1603 2328 1638 2366 si
1682 2327 1723 2366 in
1765 2325 1896 2366 medio

88 2385 218 2425 Terra
246 2389 370 2424 esset.
432 2384 538 2424 Nam
568 2397 617 2424 ne
649 2396 750 2424 nunc
782 2385 970 2436 quidem“
1002 2385 1063 2432 (id
1095 2390 1172 2432 est,
1203 2398 1252 2424 ne
1284 2385 1445 2437 quidem
1477 2386 1511 2425 si
1539 2385 1664 2425 Terra
1694 2385 1735 2424 in
1767 2383 1896 2423 medio

89 2443 397 2496 relinquatur),
403 2442 627 2495 ,quicquam
663 2443 840 2483 notabile
872 2444 995 2491 effici,
1035 2444 1127 2483 dum
1158 2443 1322 2483 dimidia
1352 2444 1547 2484 diametro
1588 2458 1612 2482 a
1643 2448 1780 2483 centro
1818 2442 1894 2482 ab-

90 2514 240 2543 sumus.
243 2503 272 2522 “
329 2502 444 2543 Haec
476 2502 526 2541 de
556 2502 853 2555 Pythagoraeis
882 2502 1150 2546 Aristoteles,
1190 2503 1272 2542 fere
1304 2502 1465 2554 quidem
1493 2502 1611 2554 plura
1642 2508 1684 2541 et
1714 2501 1895 2552 explica-

91 2561 213 2608 tiora,
258 2574 375 2614 quam
408 2561 457 2601 de
490 2561 730 2601 Aristarcho
761 2561 1038 2601 Archimedes.
1101 2559 1215 2606 Quae
1248 2561 1283 2600 si
1313 2561 1483 2613 legisset
1513 2561 1663 2605 Ursus,
1696 2551 1956 2618 Coperni-ise'*
1957 2573 1969 2595 ι
1997 2568 2015 2579 ⁹

91 2632 282 2660 canaram
312 2620 506 2672 originem
524 2633 601 2659 non
628 2620 677 2659 ad
699 2619 982 2660 Aristarchum
1000 2624 1095 2671 post
1111 2619 1390 2668 Aristotelem,
1423 2621 1495 2659 sed
1529 2620 1580 2659 ad
1598 2620 1826 2660 Philolaum
1856 2564 1993 2731 “Ji
1957 2653 1993 2677 5
1980 2651 2028 2672 ν

90 2678 382 2732 Pythagoricos
412 2679 531 2730 longe
564 2684 658 2718 ante
679 2678 943 2718 Aristotelem
974 2678 1192 2718 retulisset.
1254 2678 1396 2730 Neque
1426 2684 1563 2718 tamen
1582 2691 1719 2718 omnes
1738 2677 1896 2732 Pytha-

95 2736 219 2790 gorici
250 2737 316 2790 qui
347 2737 475 2778 secuti
507 2743 601 2777 sunt
636 2737 739 2777 hanc
770 2736 944 2776 Philolai
974 2742 1139 2776 tenuere
1170 2737 1219 2776 de
1249 2737 1395 2776 mundo
1426 2737 1738 2789 conceptionem.
1799 2736 1925 2776 Eu-

93 2795 251 2836 doxus
281 2796 387 2836 enim
416 2794 597 2844 Cnidius,
623 2796 711 2848 jam
741 2795 926 2836 Platonis
958 2800 1001 2834 et
1018 2795 1255 2834 Aristotelis
1281 2801 1523 2836 coaetaneus
1554 2800 1597 2835 et
1622 2796 1710 2847 ipse
1741 2795 1896 2848 Pytha-

63 2867 65 2870 ⁴
92 2853 264 2906 gericus,
297 2855 404 2907 apud
433 2855 698 2895 Aristotelem
728 2854 918 2907 principis
950 2853 1205 2907 Pythagorae
1237 2854 1481 2894 sententiam
1509 2855 1674 2906 propius
1705 2854 1895 2906 sequitur,

60 2926 70 2932 ⁴
91 2911 134 2952 in
165 2925 213 2952 eo
242 2925 406 2965 nempe,
448 2914 553 2966 quod
583 2912 662 2953 una
698 2926 786 2954 cum
818 2913 887 2952 illo
918 2911 1085 2959 statuit,
1127 2912 1280 2952 moveri
1323 2911 1472 2952 Solem.
1534 2913 1597 2952 De
1629 2925 1706 2965 quo
1737 2918 1782 2953 et
1811 2913 1897 2965 ejus

0 2989 3 3005 =
61 2985 65 2990 ⁹
93 2976 321 3011 correctore
353 2970 568 3024 Galippo
601 2985 691 3012 cum
720 2973 848 3013 Ursus
886 2983 959 3023 pro
992 2970 1179 3011 libertate
1211 2983 1285 3011 sua
1315 2971 1506 3020 affirmet,
1550 2972 1690 3024 quibus
1720 2972 1785 3012 usi
1813 2971 1898 3011 sint

61 3039 70 3058 -·
93 3028 395 3082 hypothesibus,
427 3030 622 3082 ignorari3
654 3036 698 3070 et
726 3036 861 3071 tamen
892 3029 1031 3081 paucis
1052 3029 1291 3081 interjectis,
1322 3030 1464 3070 eadem
1483 3030 1743 3071 asseverandi
1761 3036 1896 3071 teme-

93 3086 236 3136 ritate,
276 3093 494 3143 usurpatos
536 3089 589 3129 ab
631 3088 713 3130 illis
756 3088 1028 3132 concentricos
1066 3101 1090 3127 a
1125 3088 1416 3143 Pythagoraeis
1458 3095 1501 3130 et
1536 3089 1768 3142 Hipparcho
1807 3102 1896 3129 cum
