2028 3242
849 86 966 114 com
991 81 1119 114 Umm-
1800 76 1886 118 255

79 187 165 232 siu
198 187 303 233 ratio
339 192 417 238 est.
474 183 579 228 Nam
614 187 836 228 rationibus
866 186 1026 227 Eudoxi
1057 190 1369 228 consentaneum
1398 190 1482 233 est,
1522 189 1566 224 ut
1595 183 1658 224 hic
1692 183 1779 236 jam
1808 196 1885 224 non

78 242 203 289 vebat
229 247 368 296 nodos,
401 246 473 288 sed
503 247 735 287 revolvatur
764 245 803 286 in
834 244 1013 286 Saturno
1043 243 1203 298 quidem
1233 243 1351 284 annis
1381 241 1451 292 30,
1484 244 1525 284 in
1542 241 1646 282 Jove
1678 242 1794 283 annis
1818 240 1884 292 12,

77 307 118 348 in
145 306 282 349 usne
312 305 516 347 mensibus
547 303 617 353 23,
651 305 690 345 in
724 305 885 344 Venere
916 310 959 344 et
988 303 1189 344 Mercurio
1218 303 1423 344 mensibus
1460 300 1526 344 12.
1613 328 1617 330 -

194 363 262 407 Sit
290 377 446 405 rursum
476 365 561 416 (fig.
594 362 643 412 2)
674 361 785 405 ABG
817 362 948 415 portio
986 363 1154 402 fixarum
1185 362 1383 414 sphaerae
1415 367 1459 402 et.
1495 360 1535 402 in
1568 373 1617 400 ea
1646 359 1771 400 coluri
1800 360 1885 399 sol-

78 422 298 473 stitiorum,
331 423 394 464 cui
424 423 667 476 respondeat
697 420 816 463 DEG
846 421 997 473 primus
1027 420 1185 462 Eudoxi
1216 419 1344 469 orbis,
1383 433 1500 473 quem
1530 419 1680 460 habent
1711 418 1738 459 5
1771 431 1885 459 erro-

77 495 164 533 nes,
194 482 262 536 qui
291 483 477 524 volvatur
506 494 627 534 super
658 481 734 521 ΒΗ
764 480 869 532 polis
900 486 943 520 et
975 492 1064 528 axe,
1098 479 1164 519 axi
1194 479 1310 532 primi
1341 485 1473 520 motus
1504 477 1769 519 coincidente.
1821 477 1887 518 Sit

76 541 174 584 'rlv
203 542 402 583 secundus
432 540 552 590 orbis,
584 539 696 592 cujus
724 539 808 592 poli
838 538 959 586 'L‘V
989 539 1163 591 figantur
1187 538 1227 579 in
1257 538 1418 591 punctis
1447 539 1493 586 F,
1529 536 1567 578 G
1598 536 1726 588 primi,
1760 543 1802 577 et
1832 537 1887 577 sit

76 600 151 642 DF
180 599 396 655 obliquitas
429 597 655 652 eclipticas.
718 597 850 650 Super
880 597 931 638 iis
961 597 1065 650 polis
1103 598 1269 650 planeta
1300 602 1484 638 movetur
1515 596 1554 636 in
1586 595 1884 648 consequentia,

77 672 115 700 v.
137 672 173 701 c.
204 656 234 711 B
264 658 380 701 annin
410 656 469 700 30
499 658 550 698 ad
577 657 682 698 idem
712 657 829 710 primi
862 657 926 697 vel
957 656 1111 697 zodiaci
1129 662 1321 709 puuctum
1341 655 1518 697 rediens.
1580 655 1704 697 KML
1723 654 1778 695 sit
1797 661 1884 695 ter-

76 717 157 761 tius
185 718 309 768 orbis,
339 717 453 770 cnjus
483 716 566 770 poli
595 717 652 764 K,
684 717 720 757 L
752 722 846 756 sunt
876 717 914 756 in
946 715 1154 768 superficie
1180 715 1344 756 secundi
1374 728 1448 768 per
1473 714 1609 756 media
1639 714 1756 766 signa
1783 726 1883 754 eun-

77 777 134 831 tis
170 777 288 826 ‘1'1V3
342 789 463 829 super
510 775 560 816 iis
605 781 789 816 movetur
829 775 1026 827 superiori
1068 781 1184 827 parte
1243 775 1283 815 in
1328 774 1618 827 consequentia
1666 773 1886 814 secundnm

76 841 252 879 tractum
289 834 425 877 circuli
463 834 625 875 maximi
670 834 791 883 YIX,
836 841 878 874 et
915 834 973 874 sic
1010 838 1192 874 movetur
1231 840 1277 874 nt
1316 833 1521 887 requirunt
1557 832 1666 874 nodi.
1730 830 1886 878 Quodsi

77 894 228 951 YXZ,¹
262 907 359 949 pars
401 894 529 935 lineae
567 893 912 946 repraesentantis
950 892 1196 945 eclipticam,
1252 893 1473 946 explicetur
1515 899 1561 933 nt
1596 893 1670 933 fiat
1698 892 1883 940 circulus,

74 954 235 996 colurus
253 953 350 995 TIV
381 953 451 994 fiet
480 953 520 993 in
550 953 709 1005 pictura
739 952 857 1000 linea,
890 951 1075 992 similiter
1098 957 1140 991 et
1159 952 1276 993 KYL
1294 959 1338 992 et
1363 952 1419 1000 K,
1451 952 1488 992 L
1516 951 1601 1004 poli
1632 964 1720 991 cum
1745 956 1884 991 centro

76 1012 315 1055 coincident.
376 1011 489 1052 PRO
527 1011 583 1052 sit
622 1018 808 1064 quartus,
853 1011 966 1063 cujus
1005 1011 1086 1063 poli
1111 1011 1164 1060 P,
1197 1009 1235 1051 O
1274 1011 1343 1051 fixi
1383 1011 1467 1051 sint
1502 1010 1541 1051 in
1578 1010 1689 1051 tertii
1724 1009 1883 1062 punctis

75 1073 143 1121 M,
174 1071 237 1121 N,
275 1083 395 1124 super
426 1070 567 1123 quibus
597 1077 780 1110 movetur
810 1070 947 1110 itidem
979 1069 1019 1110 in
1050 1070 1336 1123 consequentia
1377 1070 1594 1110 secundum
1625 1074 1799 1109 tractum
1823 1069 1885 1108 sui

76 1131 214 1173 circuli
250 1130 415 1183 maximi
444 1129 540 1178 RS,
583 1129 801 1170 secundum
833 1142 951 1182 quam
983 1130 1088 1169 viam
1132 1129 1256 1170 stella
1293 1129 1570 1170 circumfertur
1608 1134 1789 1180 tempore
1821 1140 1881 1175 eo,

78 1190 184 1244 quod
210 1190 395 1244 postulat
424 1188 626 1228 anomalia
657 1188 991 1229 commutationis.
1054 1188 1167 1228 Haec
1184 1187 1342 1229 Eudoxi
1359 1188 1587 1241 philosophi
1605 1187 1884 1240 philosophica

78 1249 212 1305 opinio
242 1249 292 1290 de
324 1245 352 1289 5
383 1247 629 1293 errantibus,
666 1248 734 1300 qui
765 1248 935 1288 alteram
961 1246 1291 1301 inaequalitatem
1320 1247 1543 1300 ignoravit,
1585 1259 1686 1300 quae
1718 1253 1785 1287 est
1813 1259 1881 1287 re-

78 1314 219 1363 spectu
249 1307 357 1353 orbis
388 1307 589 1360 planetae.

197 1366 390 1417 „Tertiae
419 1378 515 1406 vero
547 1365 722 1406 omnium
751 1364 950 1416 sphaerae
981 1365 1097 1423 polos
1129 1377 1219 1405 esse
1251 1364 1290 1404 in
1323 1376 1370 1404 eo
1402 1364 1563 1414 circulo,
1596 1364 1663 1417 qui
1693 1376 1765 1417 per
1795 1377 1883 1405 me-

77 1427 187 1468 dinm
228 1426 431 1479 signorum
474 1425 649 1465 transit:
695 1430 740 1464 at
783 1429 949 1476 quartae
987 1424 1287 1464 conversionem
1326 1436 1417 1463 esse
1453 1436 1526 1476 per
1561 1423 1772 1472 circulum,
1817 1423 1884 1476 qni

77 1486 262 1540 obliquus
289 1490 358 1534 ‚est
393 1484 445 1524 ad
476 1483 646 1524 medium
677 1483 867 1523 circulum
898 1482 1028 1534 huius.
1088 1482 1193 1523 Esse
1224 1491 1343 1535 porro
1373 1484 1519 1524 tertiae
1538 1482 1736 1535 sphaerae
1766 1484 1881 1536 polos

76 1544 318 1598 reliquarum
349 1543 507 1596 quidem
535 1542 741 1582 stellarum
772 1541 975 1594 proprios,
1015 1541 1188 1582 Veneris
1219 1547 1360 1588 autem
1386 1548 1429 1582 et
1456 1541 1644 1582 Mercurii
1676 1542 1883 1583 eosdem.“

78 1603 135 1645 Ut
155 1603 267 1655 ‚hunc
295 1614 389 1643 vere
421 1600 616 1642 Gordium
647 1601 793 1653 nodum
824 1613 912 1641 cum
942 1601 1098 1641 ratione
1131 1606 1174 1641 et
1203 1601 1271 1641 via
1302 1605 1414 1641 certa
1445 1601 1694 1642 adoriamur:
1726 1600 1786 1642 sic
1818 1607 1883 1642 est

77 1662 192 1703 nobis
231 1662 443 1715 agendum.
517 1660 563 1700 In
594 1660 711 1700 Luna
746 1659 847 1699 vidit
882 1659 1075 1700 Eudoxus
1113 1658 1140 1701 3
1179 1665 1354 1700 motus:-
1381 1659 1425 1708 1)
1457 1660 1640 1701 diurnum
1688 1655 1736 1707 2)
1767 1672 1881 1701 men-

75 1727 232 1764 struum
262 1719 303 1761 in
335 1719 562 1772 oppositum
606 1719 735 1771 primo
779 1724 822 1758 et
852 1718 1053 1771 obliquum
1085 1719 1167 1775 sub¹
1190 1719 1356 1760 zodiaco
1402 1717 1451 1767 3)
1483 1719 1548 1772 qui
1589 1719 1880 1772 digressionem

78 1781 167 1832 ejus
197 1780 250 1820 ab
280 1778 471 1831 ecliptica
507 1778 695 1818 variaret.
759 1778 826 1818 Ad
865 1790 1067 1818 numerum
1107 1779 1208 1818 hunc
1246 1783 1423 1819 motuum
1454 1778 1624 1818 totidem
1656 1778 1780 1819 etiam
1802 1791 1880 1831 po-

76 1839 202 1881 nebat
231 1838 363 1879 orbes.
426 1838 471 1878 In
509 1837 685 1889 planetis
718 1836 863 1877 ceteris
894 1835 923 1878 4
955 1837 1199 1877 observabat
1238 1843 1370 1878 motus
1408 1838 1621 1878 admodum
1651 1837 1880 1878 evidentes:

79 1898 121 1947 1)
153 1898 333 1939 diurnum
371 1897 443 1937 sub
475 1902 694 1949 aequatore
734 1896 772 1936 in
806 1895 1088 1936 antecedentia
1134 1895 1182 1944 2)
1214 1897 1288 1936 sub
1319 1897 1484 1937 zodiaco
1521 1897 1560 1937 in
1593 1897 1882 1949 consequentia

76 1955 126 2006 3)
156 1956 382 2001 latitudinis
426 1956 477 1996 ab
510 1955 696 2007 ecliptica
735 1952 785 2003 4)
818 1968 893 2007 quo
929 1955 1119 2006 planetae
1150 1955 1210 1995 illi
1232 1968 1330 2008 prae
1361 1956 1619 1996 luminaribus
1650 1956 1726 1996 hoc
1755 1969 1881 2008 pecu-

76 2015 189 2058 liare,
210 2015 456 2063 obtinerent,
499 2020 544 2054 ut
580 2015 721 2054 fierent
757 2014 996 2066 retrogradi.
1057 2014 1120 2054 De
1155 2015 1283 2067 primo
1321 2020 1363 2055 et
1399 2015 1574 2056 secundo
1604 2020 1735 2063 motu,
1776 2016 1882 2068 quod

75 2075 103 2115 ii
133 2075 218 2115 sint
246 2074 427 2114 omnibus
459 2086 697 2121 communes,
730 2073 821 2124 ipsa
839 2074 965 2113 verba
982 2073 1219 2114 Aristotelis
1238 2073 1341 2114 satis
1369 2080 1585 2116 testantur.
1648 2073 1768 2121 Quod
1785 2087 1881 2115 vero

0 2134 2 2143 ³
74 2138 118 2173 et
146 2133 289 2173 tertius
319 2132 544 2172 latitudinis
564 2132 703 2172 Lunae
735 2144 823 2171 cum
854 2132 917 2172 his
948 2130 974 2172 5
1007 2133 1213 2173 erronibus
1245 2134 1463 2174 communis
1495 2134 1562 2183 sit,
1595 2134 1673 2174 etsi
1703 2147 1754 2174 ex
1783 2146 1878 2174 ver—

76 2192 139 2232 bis
168 2190 406 2231 Aristotelis
436 2203 512 2230 non
545 2191 747 2242 sequitur,
789 2203 867 2230 non
899 2191 1066 2231 latuisse
1097 2197 1232 2231 tamen
1260 2191 1471 2233 Eudoxum
1507 2193 1611 2233 ratio
1648 2193 1878 2245 persuadet.

74 2251 181 2291 Nam
204 2250 239 2290 si
271 2262 346 2289 non
378 2249 468 2300 plus
500 2248 730 2300 diligentiae
761 2249 800 2288 in
833 2250 1082 2289 observando
1113 2250 1314 2298 adhibuit,
1348 2263 1466 2303 quam
1497 2257 1689 2303 quantum
1720 2253 1772 2292 ad
1804 2253 1878 2292 de-

74 2309 379 2362 prehendendas
411 2307 781 2358 retrogradationes
814 2308 979 2356 sufficit,
1018 2321 1095 2348 non
1126 2309 1258 2360 potuit
1293 2321 1372 2348 non
1403 2310 1563 2361 saepius
1599 2310 1637 2350 in
1671 2323 1775 2350 anno
1807 2324 1876 2350 re-

74 2369 230 2420 spicere
268 2367 319 2406 ad
355 2367 607 2418 planetarum
646 2365 963 2418 conjunctiones,
1015 2378 1178 2418 quorum
1217 2381 1316 2407 unus
1358 2367 1436 2408 alio
1474 2369 1539 2409 vel
1575 2369 1776 2409 borealior
1812 2370 1879 2410 vel

74 2426 307 2484 australior,
353 2432 394 2466 et
426 2425 483 2464 sic
522 2425 704 2464 diversae
742 2424 792 2463 ab
824 2425 951 2464 altero
985 2425 1209 2465 latitudinis
1241 2431 1370 2474 esset,
1411 2440 1485 2466 nec
1523 2427 1575 2467 ad
1607 2439 1777 2479 unguem
1807 2439 1879 2480 per

75 2486 248 2526 medinm
288 2486 490 2538 signorum
530 2485 712 2523 ferretur.
774 2483 830 2523 Et
866 2483 907 2523 in
945 2483 1212 2535 descriptione
1250 2484 1409 2537 quidem
1441 2485 1574 2537 quarti
1613 2499 1702 2526 cum
1739 2487 1880 2527 eadem

74 2544 157 2585 sint
185 2544 321 2593 verba,
354 2556 454 2596 quae
487 2555 608 2594 supra
639 2542 676 2581 in
710 2542 975 2593 descriptione
1007 2543 1140 2582 tertii:
1173 2544 1373 2593 „medinm
1398 2544 1589 2585 circulum
1610 2545 1742 2597 quarti
1771 2545 1877 2586 obli-

75 2616 192 2655 quum
229 2616 319 2643 esse
359 2603 411 2642 ad
442 2602 613 2642 medinm
645 2600 797 2649 tertii“,
831 2606 946 2640 tanto
978 2601 1108 2641 minus
1139 2608 1204 2642 est
1234 2615 1303 2642 cur
1334 2603 1577 2652 dubitemus,
1626 2604 1797 2644 alterum
1828 2617 1879 2644 ex

75 2662 137 2702 liis
168 2662 368 2702 latitudini
397 2662 600 2713 planetae,
634 2660 802 2699 alterum
839 2660 1176 2711 retrogradationi
1196 2661 1392 2712 deputari.
1453 2663 1595 2714 Itaque
1620 2675 1699 2703 non
1730 2669 1795 2704 est
1812 2663 1877 2704 hic

75 2720 294 2761 audiendus
329 2721 640 2766 Fracastoreus,
691 2718 755 2771 qui
794 2718 1026 2758 latitudines
1071 2720 1324 2771 planetarum
1361 2720 1412 2760 ab
1449 2720 1617 2760 Eudoxo
1654 2723 1874 2775 neglectas,

75 2779 267 2820 ambobus
309 2792 404 2820 vero
447 2778 509 2818 his
528 2777 700 2818 ‘circulis
744 2789 862 2816 unam
899 2778 1285 2829 retrogradationem
1324 2785 1671 2831 repraesentatam
1714 2782 1874 2832 asserit,

73 2837 283 2878 Eudoxum
314 2838 367 2877 ad
397 2851 470 2877 sua
501 2836 811 2876 Homocentrica
843 2836 972 2888 adque
1005 2837 1170 2877 formam
1202 2843 1380 2878 motuum
1420 2851 1446 2877 a
1476 2851 1520 2878 se
1552 2851 1650 2880 sane
1681 2852 1874 2894 perquam

74 2897 280 2948 ingeniose
322 2897 525 2936 inventam
562 2896 758 2935 violenter
796 2895 1112 2936 accommodans.
1186 2896 1240 2936 Et
1278 2896 1436 2936 obtinet
1470 2897 1537 2938 ille
1582 2899 1741 2950 quidem
1775 2913 1874 2953 pro·-

74 2955 260 3006 positnm‚
298 2956 345 2995 fit
373 2956 537 3007 planeta
566 2954 823 3006 retrogradus
861 2959 904 2994 et
934 2954 1051 2993 velox
1082 2959 1124 2994 et
1154 2955 1433 3004 stationarius,
1474 2956 1672 3009 positione
1709 2959 1901 3005 duorum>

31 3015 38 3041 f
74 3014 227 3054 orbium
258 3014 423 3054 Terram
455 3014 493 3054 in
526 3019 663 3053 centro
693 3013 938 3060 habentium,
983 3025 1148 3065 quorum
1178 3015 1344 3055 alterius
1374 3014 1457 3067 poli
1487 3015 1527 3055 in
1560 3016 1747 3069 ecliptica
1776 3018 1872 3064 sint,

75 3077 206 3113 motus
237 3085 376 3113 versus
406 3073 520 3125 polos
554 3071 780 3124 eclipticae,
826 3071 992 3112 alterius
1022 3084 1117 3114 vero
1148 3073 1230 3125 poli
1261 3073 1312 3114 ab
1342 3074 1418 3115 hoc
1449 3074 1777 3118 circumferantur
1808 3077 1873 3119 di-
