2028 3242
532 68 573 102 In
597 68 791 110 Mystes-ium
815 69 1125 112 Cosmographicum
1150 68 1261 102 Notae
1287 70 1447 103 Auctoris.
1817 68 1898 111 189

181 171 221 214 C)
251 183 287 216 p.
311 171 369 206 is.
425 174 598 208 Tumultus
630 177 824 208 rusticorum
857 176 899 208 ob
934 185 987 208 res
1023 175 1069 208 ad
1103 175 1204 208 iidem
1238 176 1442 217 pertinentes
1477 176 1580 208 exorti
1612 184 1701 208 anno
1739 175 1831 208 1594
1864 179 1897 209 in

85 220 243 254 Auriae
264 222 438 263 superioris
460 227 568 264 parte,
591 232 690 264 quam
707 223 822 256 dicunt
840 221 1091 268 ..Miililviertel“
1118 226 1154 254 et
1171 221 1519 260 „Bausruckviertel'‘.
1545 227 1579 255 et
1595 224 1897 264 supervenientibus

86 267 311 302 vexationibus
339 268 375 301 in
405 270 573 312 exigendis
606 270 737 302 tributis
770 279 828 311 per
851 274 956 302 totam
987 269 1056 302 fere
1081 269 1248 301 Austriam
1274 268 1555 310 Superanisanam
1581 269 1701 302 diffusi.
1752 270 1897 304 Extincti

85 318 164 346 sunt
184 314 220 347 lsi
241 315 400 349 hinnitus
415 326 504 350 auno
521 317 651 350 demum
669 314 774 353 1597,
797 318 919 358 partim
944 317 1053 354 umis,
1077 317 1198 358 partim
1222 317 1387 349 concessis
1406 316 1614 359 quibusdam.
1640 327 1726 360 quae
1748 319 1895 360 postula·

179 441 218 484 7)
242 454 276 486 p.
301 443 358 477 20.
408 445 625 479 Sebastianus
647 444 887 477 Hiinsterus
918 443 1129 488 (lngelhemii
1159 450 1231 477 nat.
1262 454 1350 477 anno
1378 442 1488 482 1489,
1523 445 1709 488 theologiae
1734 447 1897 488 professor

83 489 343 535 Bedaium-0,
366 497 462 525 mort.
489 492 592 525 Basil.
620 490 726 532 1552)
757 493 791 524 in
817 493 1015 525 Germaniae
1040 492 1278 534 descriptione,
1314 502 1376 524 nec
1406 502 1473 524 non
1507 493 1540 524 in
1574 492 1683 525 libello
1716 495 1895 537 inscripto:

84 536 270 582 Erklflrung
292 538 352 572 des
375 549 491 572 neven
516 538 734 573 lustr-umorm
758 539 816 572 der
840 539 976 572 Sunnen
1001 538 1061 572 άε.
1088 538 1237 581 Oppenli.
1267 537 1370 572 1528.

176 617 216 661 8)
239 629 273 662 p.
298 618 356 652 20.
406 619 503 660 Quae
525 622 649 662 passim
672 622 706 653 in
737 621 826 653 libris
851 621 989 663 Kepleri
1021 622 1228 663 omniumque
1260 621 1388 653 illorum
1420 626 1603 664 temporum
1635 627 1892 656 astronomorum

82 666 232 708 operibus
254 672 430 700 occurrunt
452 667 653 700 Tabulae
677 668 974 705 Prutenicae,
1000 678 1039 701 eo
1064 669 1196 701 nomine
1220 669 1398 710 inscriptae
1414 674 1492 701 sunt
1508 669 1551 702 ab
1576 674 1710 702 auctore
1727 670 1892 703 Erasmo

82 712 316 747 Beinholdo
331 715 365 747 in
377 715 532 747 honorem
545 715 670 748 Albern‘
689 715 890 748 Marchionis
907 715 1248 758 Brandenburgensis.
1262 715 1437 748 Borussiae
1449 715 1565 756 Ducis,
1587 718 1639 749 cui
1655 717 1711 750 ille
1727 717 1893 750 dedicarit

82 770 163 802 opus
186 770 301 799 mum.
334 766 394 800 ..ut
416 762 516 794 sciret
538 763 735 804 posteritas.
763 769 823 795 tua
846 763 1048 795 liberalitate
1072 773 1132 795 nos
1158 763 1288 804 adjutos
1314 763 1408 795 esse“
1435 764 1468 796 in
1493 763 1674 797 condendis
1697 764 1747 796 his
1772 765 1893 798 tabulis

81 817 141 849 per
161 813 288 851 uptun
311 818 417 843 annos
438 810 595 851 impensis
621 810 829 848 „immensis“
854 810 1031 843 laboribus.
1070 810 1216 843 Tabulas
1232 810 1294 842 lias
1311 811 1479 843 substituit
1493 810 1696 844 Reinholdus
1720 813 1754 844 in
1781 812 1898 845 locum'

81 855 223 896 priorum
244 855 433 889 tabularum
455 855 787 898 (Alphonsinarum),
820 867 896 890 cum
920 857 1008 898 „hae
1033 867 1107 890 cum
1131 857 1368 899 phaenomenis
1390 867 1458 891 non
1484 858 1622 900 amplius
1648 865 1831 902 congruant
1857 866 1891 892 et

81 902 268 935 nudatio
290 904 481 936 necessaria
503 903 579 935 sit.“
623 904 768 937 Primum
791 905 878 946 typis
902 914 1045 937 excusae
1069 910 1148 936 suut
1172 904 1345 948 Tubingae
1370 915 1458 938 anno
1487 904 1572 937 1551
1602 904 1784 947 (dedicatio
1809 907 1890 940 data

80 953 133 982 est
155 950 187 983 d.
216 949 270 983 18.
295 948 414 991 Julii).
438 960 640 993 recusaeque
666 949 776 989 1582,
804 949 889 984 1571
918 952 1015 989 ibid..
1043 950 1135 983 1585
1160 951 1387 994 Vittebergae.

171 995 227 1030 De
250 996 502 1030 Beinlioldo
525 998 610 1031 baec
633 1006 870 1031 memoramus:
894 1004 995 1031 natus
1019 1008 1106 1031 anno
1133 997 1218 1030 1511
1250 997 1441 1038 Salfeldiae,
1469 999 1686 1043 Vittebergae
1711 1001 1827 1033 studiis
1852 1011 1887 1034 se

0 1060 2 1062 ·
63 1042 171 1076 dedit
192 1043 447 1083 mathematicis,
473 1045 639 1087 ediditque
666 1045 864 1083 „Theoricas
888 1056 990 1078 novas
1009 1046 1217 1088 planetarum
1236 1047 1275 1079 G.
1294 1046 1523 1079 Purbacliii
1548 1056 1635 1079 anno
1656 1047 1767 1085 15423
1795 1046 1886 1079 1549

0 1100 3 1133 ;
77 1090 195 1123 librum
217 1090 235 1123 1
260 1090 430 1135 ..Hagnae
454 1094 705 1125 constructionis
729 1093 946 1130 Ptolemaei&
972 1098 1144 1135 utrumque
1176 1103 1256 1135 opus
1290 1093 1421 1126 scholiis
1443 1094 1622 1126 illustrans.
1668 1094 1887 1128 Praematura

77 1141 185 1171 noste
206 1137 360 1180 abreptus
385 1137 511 1180 (1553)
535 1141 639 1175 varia.
664 1149 749 1182 quae
773 1142 916 1182 incepit,
942 1150 1043 1182 opera
1066 1141 1260 1183 imperfecta
1282 1140 1424 1183 reliquit,
1450 1147 1588 1184 excepto
1612 1141 1692 1174 libro
1718 1143 1883 1181 „Tabula-

0 1220 2 1235 ‚
76 1190 150 1218 m
165 1184 427 1223 veneticum-⁴,
451 1188 506 1229 qui
530 1187 702 1230 Tubingae
725 1187 846 1229 prodiit
869 1197 957 1220 anno
977 1186 1080 1225 1554,
1105 1198 1167 1230 quo
1189 1187 1351 1230 supplevit
1365 1187 1622 1232 Regiomontani
1648 1199 1727 1231 opus
1753 1190 1881 1224 celebre

79 1238 519 1322 Μῗοῗῖἱῃιΐῗῃῴῐηί
538 1282 572 1313 in
589 1281 672 1314 Τὼ.
689 1279 794 1322 Bud.)
819 1283 923 1314 virum
944 1282 1024 1314 dicit
1040 1273 1259 1315 Reinholdum
1286 1292 1382 1320 „cum
1406 1283 1494 1315 omni
1518 1292 1640 1326 genere
1664 1283 1886 1317 doctrinarum

77 1326 349 1365 excultissimnm.
382 1332 452 1360 tum
484 1328 629 1370 inprimis
654 1328 697 1360 ad
722 1329 975 1361 mathematicas
1000 1335 1089 1362 artes
1114 1339 1136 1362 a
1157 1334 1281 1361 natura
1303 1330 1447 1367 iactum,
1482 1330 1523 1362 ob
1555 1331 1825 1373 perspicuitatem
1850 1336 1885 1364 et

0 1384 7 1417 j,
74 1373 272 1407 facilitatem
294 1374 330 1407 in
351 1375 448 1407 rebus
481 1375 639 1407 abstrusis
669 1375 928 1408 admirabilem*
980 1375 1109 1419 (Comp.
1135 1376 1273 1409 Peuceri
1302 1377 1543 1419 praefationem
1570 1378 1606 1411 iu
1632 1377 1883 1421 „Hypotyposes

0 1425 3 1430 ⁷
76 1420 343 1455 amm·
367 1421 502 1455 witteb.
531 1420 652 1463 1571.)

170 1512 208 1554 o)
232 1524 266 1557 p.
291 1513 348 1547 22.
397 1515 450 1549 De
474 1516 536 1550 hoc
560 1494 659 1559 opere
683 1527 757 1550 cum
782 1528 859 1560 pag.
886 1516 929 1550 73
955 1527 1002 1560 sq.
1027 1517 1172 1560 pluribus
1198 1522 1327 1560 agatur,
1353 1517 1414 1551 hoc
1438 1522 1570 1551 tantum
1593 1523 1759 1558 notamus,
1783 1520 1881 1563 Kep-

73 1561 176 1595 iem
201 1561 277 1595 duci
299 1561 580 1607 Wiiroembergico
605 1565 836 1598 Friderico
869 1566 1091 1597 inventionem
1120 1575 1214 1597 suam
1246 1565 1286 1597 de
1318 1566 1504 1607 corporibus
1534 1567 1739 1610 regularibus
1763 1578 1880 1610 propo-

72 1610 200 1647 ¹nisse.
223 1618 364 1653 unique
386 1610 431 1643 ad
452 1613 585 1644 modum
608 1612 784 1654 planetarii
809 1614 958 1656 argentei
982 1618 1232 1654 repraesentare
1258 1613 1408 1645 voluisse.

73 1718 108 1746 χ
169 1701 229 1744 10)
256 1713 291 1745 p.
315 1679 374 1736 23.
420 1704 793 1745 Bateni-efferus,
827 1710 935 1739 rector
964 1711 1034 1738 tum
1067 1707 1221 1748 temporis
1255 1706 1450 1740 academiae
1480 1707 1716 1751 Tubingensis,
1751 1709 1883 1742 celeber

72 1749 260 1794 thedwa-
281 1751 461 1793 professor,
494 1761 582 1784 anno
608 1752 700 1785 1617
725 1754 959 1789 cancellarius.
994 1754 1154 1790 multum,
1188 1759 1227 1786 ut
1258 1764 1276 1786 e
1311 1755 1520 1796 sequentibus
1553 1760 1712 1797 apparet,
1742 1754 1880 1798 Kepleri

70 1797 240 1879 mu·
149 1853 238 1878 m
258 1797 639 1885 fflaehus‘mwingenio
663 1801 793 1839 tribuit,
818 1810 1010 1843 semperque
1034 1801 1113 1834 dum
1128 1801 1250 1834 viveret
1273 1801 1319 1834 illi
1344 1803 1486 1834 amicum
1509 1812 1545 1835 se
1569 1803 1731 1844 praebuit.
1776 1802 1877 1836 Mori·

169 1936 228 1980 11)
250 1949 284 1981 p.
311 1935 368 1971 31.
417 1939 542 1973 Contra
574 1940 778 1978 clavium.
815 1942 890 1973 novi
925 1941 1114 1974 Calendarii
1147 1942 1362 1975 defensorem.
1411 1941 1609 1975 Maestlinus
1642 1945 1737 1977 annis
1775 1943 1875 1982 1583,

73 1983 167 2018 1588
190 1992 227 2019 et
251 1985 347 2019 1588
367 1987 403 2019 in
426 1988 534 2020 aciem
556 1988 723 2030 prodierat
747 1993 862 2021 contra
888 1988 1120 2022 Calendarium
1144 1999 1263 2022 novum
1289 1989 1547 2032 Gregorianum.
1582 1992 1677 2034 eique
1709 1993 1877 2034 respondit

69 2031 318 2075 Glsr'ntophorus
342 2033 472 2067 Clarius
498 2034 532 2068 S.
557 2035 591 2068 J.
617 2044 704 2068 anno
733 2034 833 2068 1588.
885 2035 950 2076 Qui
974 2046 1074 2079 quum
1097 2037 1270 2070 immodice
1294 2038 1329 2070 in
1353 2038 1460 2078 ipsum
1489 2038 1716 2077 inveheretur,
1747 2038 1874 2072 Maest-

68 2079 155 2113 Bnm
171 2079 395 2114 &udonem
411 2086 529 2115 contra
544 2082 648 2115 Clarii
666 2083 912 2126 objurgationes
935 2085 1071 2126 incepit,
1096 2094 1203 2126 neque
1227 2094 1303 2117 vero
1329 2085 1514 2118 absolutam
1536 2086 1657 2128 publici
1677 2087 1760 2128 Juris
1784 2088 1873 2120 fecit.

163 2158 224 2200 12)
247 2171 280 2204 p.
305 2160 362 2194 41.
402 2161 583 2204 Inscriptae
607 2154 684 2195 sunt
707 2164 772 2196 hae
786 2163 927 2196 Galilaei
950 2165 1085 2198 literae:
1120 2165 1296 2207 „Keplero,
1320 2167 1472 2198 sereniss.
1497 2168 1652 2209 principis
1677 2168 1873 2202 Graecensis

0 2210 9 2215 '⁴
67 2207 345 2246 mathematico‚“
371 2210 551 2242 immutatis
576 2209 707 2251 Styriae
731 2212 982 2252 provincialibus
1000 2212 1039 2244 in
1064 2213 1243 2254 principem
1269 2213 1500 2246 Graecensem.

0 2756 1 2759 Α
0 2519 31 2730 *amoram-222..
10 2478 17 2505 -w
0 2324 5 2349 ”
0 2278 10 2299 ’“
0 2246 5 2254 “”

162 2299 223 2342 13)
246 2312 280 2344 p.
306 2300 365 2334 44.
412 2302 549 2345 Kepleri
574 2305 805 2335 annotationes
831 2304 874 2336 ad
898 2304 959 2336 has
984 2305 1147 2346 Tyehonis
1171 2306 1284 2338 literas
1309 2306 1374 2338 hae
1398 2312 1495 2339 sunt:

123 2358 169 2407 a)
205 2363 308 2404 Quod
326 2374 399 2410 ego
418 2363 575 2405 sollicite
594 2374 858 2400 excusaveram
876 2364 914 2399 in
932 2365 1012 2410 ipso
1031 2365 1172 2401 libello.

120 2413 164 2461 b)
201 2416 339 2452 Contra
356 2422 470 2462 ceput
486 2416 727 2461 penultimum
753 2417 823 2452 mei
847 2417 982 2459 libelli,
1015 2418 1053 2452 in
1074 2429 1145 2464 quo
1163 2418 1255 2454 nihil
1274 2419 1514 2460 affirmative,
1548 2420 1670 2456 omnia
1698 2422 1868 2458 monendi

351 2481 392 2503 ce
453 2481 474 2503 0
498 2496 505 2504 .

125 2519 161 2564 c)
197 2475 452 2557 ffgssconttfg
467 2481 735 2562 Ῑξῐωεῐιιαευω,
763 2522 1018 2568 Copernicum,
1047 2529 1086 2557 et
1111 2523 1140 2558 si
1165 2524 1244 2569 quis
1271 2523 1366 2558 alius
1384 2534 1545 2570 unquam
1562 2525 1700 2562 artifex
1719 2526 1863 2563 claruit.

121 2572 161 2617 d)
197 2574 293 2610 Hinc
319 2575 462 2610 discant
489 2575 616 2610 summi
643 2575 812 2610 artifices.

84 2668 87 2669 ⁷
120 2624 158 2669 e)
197 2627 483 2674 Quadringentis
501 2628 763 2663 Alexandreae
782 2627 1020 2663 liberalitatis
1040 2628 1192 2663 talentis
1210 2629 1443 2665 redimendae
1467 2641 1547 2665 meo
1569 2630 1719 2675 judicio,
1747 2637 1791 2667 ut
1815 2633 1864 2668 ab

199 2681 351 2716 interitu
368 2681 596 2717 vindicentur
614 2686 654 2716 et
671 2681 708 2715 in
726 2681 912 2726 publicum
931 2685 1082 2716 exeant.

126 2733 161 2775 f)
196 2733 347 2769 Matura
364 2734 559 2769 editionem
577 2734 871 2769 lucubrationum
891 2739 1054 2769 tuarum:
1084 2734 1232 2769 dabitur
1251 2745 1364 2780 opera
1382 2735 1639 2771 conciliationi.

117 2782 165 2832 g)
202 2786 306 2821 Haec
323 2797 391 2832 pro
409 2798 467 2822 me
487 2793 583 2823 sunt.

41 2851 45 2855 ¹
117 2837 160 2881 h)
197 2839 297 2874 Idem
314 2840 425 2874 etiam
444 2851 512 2884 per
530 2852 587 2875 me
606 2840 694 2875 licet
713 2844 753 2874 et
770 2851 837 2885 per
855 2839 1022 2875 libellum
1041 2851 1169 2875 meum.

125 2889 158 2935 i)
194 2891 409 2979 Tycho,t:1t
426 2893 564 2928 Terrae
583 2893 742 2938 quietem
759 2893 964 2939 relinquat,
994 2893 1171 2939 exiguam
1188 2893 1456 2939 hypothesibus
1476 2895 1667 2940 Copernici
1686 2898 1858 2934 mutatio·

195 2955 279 2980 nem
306 2949 347 2979 at
406 2945 445 2980 it.

42 2985 46 2987 ⁵
114 2993 158 3039 k)
196 2996 364 3037 Quietem
382 2997 490 3040 Solis,
509 3002 646 3034 motum
664 2998 800 3034 Terrae
818 2998 1013 3044 impugnat
1033 2998 1207 3045 physice3
1235 2998 1327 3034 nihil
1346 2999 1472 3043 habet,
1503 3001 1598 3048 quod
1615 3003 1859 3040 astronomice

194 3048 357 3095 objiciat.
