1982 3268
768 117 934 152 pranso
959 118 1004 150 ια
1027 118 1194 151 lectorem.
1801 115 1883 159 109

73 223 368 278 quinquangulo
398 223 580 272 tertiam,
612 222 832 276 sexangulo
865 228 1060 276 quartam.
1122 220 1303 275 Cumque
1323 221 1449 262 etiam
1481 221 1586 263 oculi
1617 223 1887 264 reclamarent

74 283 115 324 in
145 282 324 324 secunda
351 282 566 332 distantia,
598 294 700 335 quae
731 286 796 322 est
826 281 933 322 inter
954 281 1100 322 Jovem
1126 286 1168 320 et
1187 280 1383 328 Martem,
1414 281 1652 334 quadratum
1682 281 1885 334 triangulo

74 348 119 383 et
148 340 445 395 quinquangulo
476 340 653 394 adjunxi.
714 339 915 381 Infinitum
946 344 1010 380 est
1039 339 1200 392 singula
1227 340 1427 392 persequi.
1553 379 1564 390 ‚

190 399 249 441 Et
276 399 368 441 finis
398 399 518 453 hujus
549 399 652 440 irriti
682 404 853 439 conatus
884 398 963 439 fuit
992 397 1117 447 idem,
1163 398 1230 450 qui
1260 399 1451 450 postremi
1483 404 1526 438 et
1557 399 1685 439 felicis
1716 399 1883 440 initium.

0 457 9 497 ff..
73 459 228 512 Nempe
258 458 457 511 cogitavi,
487 459 563 499 hac
582 457 665 506 via,
698 457 893 510 siqnidem
912 457 1092 497 ordinem
1122 457 1228 497 inter
1256 457 1407 509 figuras
1429 457 1547 497 velim
1566 470 1747 507 servare,
1780 471 1885 498 nun-

74 530 196 572 qnam
225 530 290 558 me
319 523 603 571 peruenturum
633 528 758 569 usque
778 517 829 557 ad
850 514 1003 563 Solem,
1038 528 1164 568 neque
1185 527 1348 556 cansam
1382 515 1628 564 habiturum,
1663 529 1733 556 cur
1750 517 1885 569 potius

74 577 158 618 sint
187 589 280 626 sex,
314 589 433 630 quam
463 575 606 628 viginti
636 575 699 615 vel
731 582 890 615 centum
923 575 1041 614 orbes
1061 575 1242 615 mobiles.
1305 574 1359 614 Et
1378 580 1512 615 tamen
1546 575 1761 626 placebant
1779 575 1884 627 figu-

75 649 164 685 rae,
196 641 335 688 utpote
366 635 635 686 quantitates,
669 640 712 674 et
741 646 807 674 res
839 634 963 674 coelis
994 633 1114 685 prior.
1177 631 1399 680 Quantitas
1426 634 1528 673 enim
1550 634 1663 674 initio
1683 646 1772 674 cum
1792 646 1885 674 cor-

75 707 172 748 pore
210 692 420 742 creata⁸);
464 693 566 734 coeli
595 693 735 737 ,altero
766 693 844 733 die.
909 690 1027 738 Quod
1073 692 1107 732 si
1146 691 1418 744 (cogitabam)
1462 705 1534 745 pro
1579 693 1806 746 quantitate
1845 699 1887 732 et

7 803 9 805 r
75 753 332 807 proportione
366 765 439 793 sex
469 751 687 800 coelorum,
721 764 819 804 quos
851 751 999 791 statuit
1031 749 1303 803 Copernicns,
1347 751 1517 804 quinque
1548 757 1706 791 tantum
1736 752 1887 804 figurae

12 832 14 834 v
75 813 182 854 inter
209 811 388 853 infinitas
418 810 596 863 reliquas
626 811 792 862 reperiri
825 817 1011 863 possent,
1053 822 1156 862 quae
1192 822 1289 862 prae
1321 811 1467 851 ceteris
1504 810 1729 862 peculiares
1760 823 1885 863 quas-

7 913 8 916 ,
76 871 170 912 dam
211 871 481 925 proprietates
522 869 735 918 haberent,
782 882 831 909 ex
876 876 969 909 voto
1013 881 1079 909 res
1122 876 1270 909 essetf
1308 869 1435 922 Atqui
1471 882 1624 909 rursum
1668 869 1885 910 instabam.

77 928 185 977 Quid
227 930 377 982 figurae
415 929 559 981 planae
601 928 705 968 inter
735 928 885 968 solidos
924 927 1075 967 orbes?
1135 927 1277 968 Solida
1310 928 1444 979 potius
1477 941 1647 980 corpora
1677 929 1885 968 adeantur.

10 987 11 990 ’
74 988 201 1038 Ecce,
234 988 379 1037 lector,
414 988 620 1027 inventum
650 987 724 1027 hoc
757 993 798 1026 et
828 987 1039 1026 materiam
1070 987 1196 1027 totius
1216 987 1330 1039 hujus
1350 987 1542 1039 opusculi.
1605 987 1711 1027 Nam
1736 988 1771 1027 si
1798 987 1887 1039 quis

11 1068 13 1070 ·
77 1047 220 1088 leviter
258 1046 501 1100 geometriae
540 1045 694 1097 peritus
727 1046 894 1085 totidem
933 1045 1066 1084 verbis
1098 1052 1326 1093 moneatur,
1372 1045 1430 1085 illi
1473 1045 1613 1086 statim
1656 1046 1695 1085 in
1728 1053 1887 1098 promtu

77 1113 171 1147 sunt
201 1107 373 1160 quinque
403 1105 605 1157 regularia
631 1117 800 1156 corpora
832 1117 918 1144 cum
951 1104 1208 1156 proportione
1240 1105 1392 1145 orbium
1418 1104 1804 1157 circumscriptorum
1836 1105 1887 1144 ad

77 1165 318 1217 inscriptos:
357 1165 415 1205 illi
448 1162 590 1203 statim
622 1163 672 1202 ob
704 1166 840 1203 oculos
874 1171 1057 1203 versatur
1088 1163 1266 1210 scholion
1307 1164 1404 1203 illud
1440 1163 1675 1204 Euclideum
1708 1164 1758 1204 ad
1790 1177 1886 1216 pro-

75 1224 316 1278 positionem
354 1221 417 1264 18.
451 1223 518 1262 lib.
556 1221 620 1262 13.
669 1234 745 1273 quo
784 1222 1084 1262 demonstratur
1121 1222 1367 1274 impossibile
1412 1235 1523 1270 esse,
1570 1229 1612 1262 ut
1653 1223 1769 1274 plura
1807 1223 1889 1262 sint

77 1288 149 1324 aut
177 1283 455 1335 excogitentur
495 1281 696 1332 regularia
726 1293 896 1332 corpora
928 1293 1046 1333 quam
1078 1281 1261 1333 quinque.
1326 1281 1408 1321 Res
1448 1281 1710 1321 admiratione
1751 1281 1885 1333 digna,

77 1355 167 1383 cum
198 1342 371 1382 nondum
402 1347 608 1380 constaret
640 1339 736 1379 mihi
768 1340 817 1378 de
849 1340 1095 1392 singulorum
1126 1352 1333 1392 corporum
1358 1340 1653 1392 praerogativis
1674 1340 1713 1380 in
1734 1340 1885 1388 ordine,

27 1398 33 1423 ³
78 1412 195 1443 usum
223 1412 287 1440 me
318 1399 479 1440 minime
511 1404 658 1450 arguta
688 1398 920 1450 conjectura
958 1411 1007 1438 ex
1038 1399 1144 1438 notis
1175 1400 1427 1450 planetarum
1463 1399 1668 1438 distantiis
1700 1399 1888 1448 deducta,

54 1459 181 1501 'adeo
210 1456 384 1500 feliciter
413 1469 576 1509 scopum
607 1457 791 1508 tetigisse
825 1457 863 1496 in
896 1458 1035 1497 ordine
1066 1469 1291 1509 corporum,
1339 1464 1384 1497 ut
1414 1457 1512 1498 nihil
1542 1458 1583 1498 in
1614 1457 1695 1497 illis
1726 1463 1885 1510 postea,

17 1557 33 1562 ,
78 1530 167 1559 eum
203 1516 414 1570 exquisitis
453 1527 614 1568 agerem
651 1515 892 1564 rationibus,
937 1515 1144 1556 immutare
1183 1515 1394 1567 potuerim.
1456 1516 1522 1556 Ad
1567 1517 1624 1556 rei
1656 1516 1885 1557 memoriam

38 1579 39 1582 ’
80 1577 236 1617 ascribo
272 1575 346 1616 tibi
379 1574 646 1623 sententiam,
691 1574 750 1614 ita
781 1575 836 1614 uti
869 1574 1026 1621 incidit,
1072 1580 1113 1614 et
1145 1587 1192 1614 eo
1237 1582 1434 1614 momento
1466 1574 1599 1615 verbis
1636 1581 1884 1627 conceptam.

38 1639 39 1642 ’
82 1636 236 1684 ‚Terra
264 1639 329 1674 est
352 1634 523 1674 circulus
536 1645 700 1673 mensor
719 1634 892 1674 omnium
905 1632 957 1681 i):
989 1633 1047 1673 illi
1079 1633 1357 1686 circumscribe
1378 1634 1683 1674 dodecaedron:
1715 1634 1886 1674 circulus

28 1736 33 1748 θ,
80 1667 155 1735 hoc
186 1692 523 1746 comprehendens
554 1692 631 1732 erit
661 1693 787 1733 Mars.
850 1693 973 1732 Marti
1006 1691 1290 1732 circumscribe
1315 1693 1571 1732 tetraedron:
1612 1693 1781 1733 circulus
1812 1694 1886 1733 hoc

37 1753 40 1759 ’
46 1751 416 1806 'comprehendens
448 1751 526 1791 erit
554 1750 728 1803 Jupiter.
793 1751 885 1791 Jovi
918 1751 1196 1791 circumsciibe
1228 1752 1395 1791 cubum:
1438 1752 1607 1791 circulus
1641 1753 1742 1791 l·unc
1774 1765 1885 1792 com-

79 1811 331 1865 prehendens
362 1810 440 1850 erit
470 1809 681 1850 Saturnus.
743 1809 837 1849 Jam
871 1810 1019 1850 Terrae
1063 1810 1236 1850 inscribe
1274 1810 1535 1850 icosa'edrou:
1579 1810 1636 1850 illi
1673 1810 1889 1863 inscriptus

43 1896 49 1909 -,
81 1870 252 1911 circulus
283 1869 362 1909 erit
391 1869 544 1908 Venus.
608 1868 759 1907 Veneri
792 1868 964 1908 inscribe
996 1869 1242 1908 octaedron:
1278 1869 1333 1909 illi
1365 1869 1580 1922 inscriptus
1611 1869 1781 1910 circulus
1813 1870 1891 1910 erit
1944 1871 1945 1877 ’

48 1959 49 1962 ,
82 1928 346 1970 Mercurius.“
406 1927 544 1968 Habes
577 1926 772 1967 rationem
805 1928 956 1967 numeri
987 1929 1251 1980 planetarum.

47 1983 49 1985 ’
198 1988 311 2028 Haec
342 1987 501 2026 occasio
534 1992 576 2025 et
607 1998 815 2025 successus
846 1986 963 2038 hujus
997 1986 1159 2026 laboris.
1224 1986 1329 2026 Vide
1375 1998 1477 2026 nunc
1522 1986 1643 2026 etiam
1682 2000 1811 2027 meum
1853 1987 1892 2027 in

44 2048 49 2067 2
82 2046 157 2088 hoc
188 2047 289 2087 libro
320 2045 582 2098 propositum.
644 2043 702 2084 Et
732 2045 889 2096 quidem
921 2053 1111 2098 quautam
1148 2059 1198 2085 ex
1243 2045 1471 2085 inventione
1511 2046 1758 2098 voluptatem
1796 2059 1891 2098 per-

83 2105 281 2158 ceperim,
322 2117 519 2156 nunquam
561 2103 692 2142 verbis
731 2108 980 2155 expressero.
1043 2104 1133 2144 Non
1167 2117 1228 2143 me
1261 2104 1405 2156 perditi
1438 2105 1631 2155 temporis
1661 2105 1896 2157 poenitebat

46 2171 54 2182 ²
85 2163 266 2216 amptius,
299 2176 376 2202 non
406 2168 634 2214 pertaesum
666 2169 729 2202 est
762 2163 924 2211 laboris,
958 2163 1165 2202 molest-ias
1198 2163 1343 2203 calculi
1375 2163 1505 2203 nullas
1537 2163 1774 2215 subterfugi,
1808 2164 1895 2204 dies

50 2227 59 2270 s
85 2229 302 2275 noctesque
332 2221 596 2272 computando
628 2221 853 2260 consumsi:
888 2222 1013 2261 donec
1034 2233 1248 2269 cernerem,
1283 2227 1413 2261 utrum
1432 2228 1627 2274 concepta
1646 2223 1779 2262 verbis
1800 2236 1895 2262 sen-

84 2282 215 2323 tentia
244 2293 332 2321 cum
353 2279 564 2332 Copernici
590 2279 750 2318 orbibus
782 2280 1042 2328 consentiret,
1076 2293 1126 2320 an
1160 2293 1254 2319 vero
1286 2281 1437 2320 ferrent
1468 2288 1558 2320 me'a
1589 2281 1738 2333 gaudia
1768 2282 1892 2321 venti.

52 2368 55 2372 s
86 2338 204 2386 Quod
235 2339 269 2379 si
300 2351 396 2387 rem,
430 2338 487 2378 nti
520 2351 609 2377 esse
641 2337 844 2388 putabam,
879 2339 1229 2390 deprehenderem,
1262 2344 1398 2378 votum
1430 2339 1516 2378 Deo
1539 2339 1635 2391 Opt.
1658 2340 1767 2379 Max.
1802 2340 1891 2388 feci,

6 2431 28 2447 ,.
62 2410 149 2439 ‘xmo
178 2398 307 2452 prima
338 2397 549 2437 occasione
581 2396 654 2435 hoc
687 2396 920 2436 admirabile
960 2410 1055 2436 suae
1095 2397 1319 2449 sapientiae
1350 2397 1550 2448 specimen
1582 2398 1751 2449 publicis
1785 2399 1892 2450 typis

5 2481 9 2488 ι
53 2456 192 2499 ‘inter
226 2457 406 2498 homines
445 2455 767 2495 enunciaturum:
813 2461 857 2494 ut
899 2456 1079 2507 quamvis
1123 2468 1250 2508 neque
1289 2456 1387 2495 haec
1426 2456 1676 2508 undiquaque
1708 2457 1894 2497 absoluta

7 2533 11 2567 ¹.
63 2531 67 2552 s
88 2515 183 2566 sint,
214 2522 257 2556 et
286 2516 390 2556 forte
422 2520 577 2554 restent
607 2513 807 2561 nonnulla,
842 2527 942 2565 quae
975 2527 1026 2553 ex
1057 2514 1118 2553 his
1151 2515 1276 2553 fluant
1305 2514 1525 2566 principiis,
1557 2527 1719 2566 quorum
1751 2516 1893 2555 inven-

8 2601 25 2619 ,-
56 2610 71 2626 5
88 2574 236 2615 tionem
254 2574 350 2614 mihi
369 2586 575 2614 reservare
595 2584 775 2624 possem:
809 2578 942 2611 tamen
975 2573 1056 2620 alii,
1091 2573 1156 2624 qni
1188 2572 1322 2612 valent
1354 2572 1525 2624 ingenio,
1560 2585 1677 2624 quam
1708 2573 1891 2624 plurima,

11 2689 17 2714 ²·
69 2697 133 2734 set
154 2692 314 2732 laudem
333 2690 628 2744 sapientissimo
651 2688 835 2729 Creatori
854 2701 931 2728 nno
963 2701 1031 2728 ore
1063 2689 1303 2729 accinerent.
1351 2688 1451 2729 Cum
1481 2689 1604 2741 igitur
1633 2691 1772 2740 paucis
1802 2698 1896 2742 post

14 2761 20 2790 z
62 2750 229 2791 diebus
261 2763 324 2790 res
356 2750 615 2798 succederet,
662 2755 781 2799 atque
814 2759 887 2798 ego
921 2747 1278 2798 deprehenderem,
1328 2760 1445 2800 quam
1476 2753 1569 2814 apte
1601 2761 1718 2788 unum
1751 2761 1894 2801 corpus

22 2841 24 2843 .
65 2815 184 2861 post
214 2809 323 2848 aliud
354 2809 459 2848 inter
489 2821 582 2848 snos
613 2807 851 2858 planetas
833 2806 1004 2853 sederet,
1037 2811 1242 2857 totumque
1269 2806 1473 2857 negotium
1504 2806 1542 2845 in
1576 2806 1742 2846 formam
1773 2820 1895 2860 prae-

18 2864 28 2885 ³
72 2867 219 2908 nentis
250 2867 429 2920 opusculi
460 2866 701 2918 redigerem:
736 2870 855 2916 atque
888 2864 927 2903 id
959 2864 1174 2903 Maestlino
1207 2864 1355 2903 celebri
1387 2865 1670 2904 mathematico
1700 2866 1894 2918 probare-

22 2926 29 2970 [²
76 2915 182 2977 ,thr
223 2925 439 2978 intelligis,
480 2925 604 2964 amice
636 2925 807 2971 Lector,
848 2936 908 2962 me
940 2923 1024 2961 voti
1056 2935 1189 2969 reum,
1230 2935 1356 2974 neque
1388 2935 1508 2974 posse
1538 2936 1687 2964 morem
1718 2926 1894 2979 satyrico

80 2987 253 3032 ·’,ἰ·ει·ε
286 2985 352 3036 qui
383 2996 529 3023 nonum
559 2982 598 3022 in
630 2994 776 3022 annum
802 2981 920 3032 jubet
953 2981 1075 3020 libros
1110 2953 1300 3021 detinere.

89 3038 115 3095 ’Λ
197 3015 323 3085 ‚H’aec
354 3055 432 3082 una
462 3055 587 3081 causa
616 3047 680 3080 est
712 3053 825 3079 meae
857 3039 1160 3078 maturationis:
1202 3039 1267 3078 cui
1302 3044 1348 3078 ut
1377 3051 1534 3079 omnem
1563 3040 1636 3080 tibi
1668 3042 1895 3093 scrupulum

90 3100 256 3150 ‚istre
287 3100 517 3154 suspicandi
548 3100 721 3140 eximam
739 3097 799 3147 k),
832 3098 935 3138 addo
967 3097 1106 3137 lubens
1138 3102 1180 3137 et
1211 3097 1401 3148 alteram,
1440 3103 1482 3138 et
1512 3099 1636 3139 recito
1666 3099 1758 3150 tibi,
1798 3100 1896 3142 illud
