2028 3242
783 82 824 115 de
847 82 944 115 rehu
971 81 1184 124 υωῐοςίώ.
1798 78 1877 122 321

119 216 122 219 Α
178 186 460 222 rami-iun:
498 185 695 226 Qum-im,
731 186 914 228 anmagni
950 185 1150 218 otdintnrni
1174 187 1312 218 venti
1345 186 1417 218 sine
1450 187 1594 220 materia
1629 196 1702 220 esne
1735 185 1890 230 possint?

89 233 188 268 Unde
209 234 301 266 venti
323 234 422 267 cubiti
447 243 487 266 ex
510 233 600 266 claro
625 233 730 271 coelo,
755 232 806 266 vel
832 243 872 265 ex
897 234 1020 275 exigna
1033 232 1198 278 particula
1219 233 1328 269 nubis,
1351 235 1387 265 in
1402 233 1506 267 ludii:
1520 233 1889 276 maximessaevientes?

85 278 162 324 Boc
180 281 368 325 prodigium
393 281 481 323 apud
505 291 559 313 me
581 282 691 323 potins
716 284 784 318 eat.
822 289 922 322 qum
944 284 983 312 nt
1009 279 1054 312 ad
1085 278 1240 322 physicas
1271 281 1416 312 rationes
1451 281 1565 314 referri
1597 282 1712 324 possit.
1761 281 1888 315 Suntne

86 327 170 361 forte
191 327 349 371 planetae
374 332 535 360 certorum
559 333 730 360 ventorum
753 326 917 360 moturos?

180 384 470 440 'Keplerusz
502 386 564 426 De
594 386 739 434 ventis,
772 398 884 437 rogo,
916 383 1051 425 indica
1075 383 1290 437 diligenter
1321 391 1439 425 notas
1458 399 1597 427 omnes
1621 388 1885 428 circumstan-

90 445 171 487 tias
201 445 279 487 loci
323 451 366 486 et
396 451 618 487 ventorum.
679 444 881 485 Videntur
923 443 982 485 illi
1025 442 1197 483 diuturni
1242 444 1350 483 venti
1394 445 1458 484 vel
1502 459 1528 485 a
1552 446 1749 486 diuturnis
1792 446 1887 486 alibi

90 504 240 557 pluviis
272 517 376 552 esse,
406 504 470 544 vel
502 504 590 544 loco
621 504 770 544 earumss
833 501 928 542 Sine
960 501 1131 542 materia
1162 513 1256 541 vero
1288 501 1354 555 qui
1372 503 1543 554 possint,
1574 505 1639 556 qui
1665 511 1760 545 sunt
1778 518 1886 546 mera

88 563 284 604 materia?
341 562 430 615 Ego
461 575 559 603 sane
590 562 736 610 nescio,
770 561 864 614 quid
895 561 949 601 sit
979 561 1053 600 illa
1082 560 1192 600 sicca
1222 561 1427 601 exhalatio
1458 562 1534 602 nisi
1567 570 1774 604 ventorum
1795 576 1882 604 ma-

88 622 204 663 teria.
263 621 417 675 Magna
446 621 604 661 videtur
635 621 673 661 in
705 620 780 660 hac
812 620 995 660 doctrina
1026 619 1241 659 etiamnum
1274 619 1502 661 obscuritas
1541 627 1584 662 et
1627 622 1880 671 incertitudo,

86 681 266 734 tollenda
281 679 531 727 creberrimis
552 679 836 732 experimentis
855 679 980 719 totius
1000 677 1123 718 orbis.
1154 677 1213 717 Tu
1231 678 1384 730 igitur
1373 693 1411 719 ιιι
1427 680 1701 721 collectionem
1716 681 1881 734 enitere.

153 784 156 786 ,
202 731 264 787 De
303 738 541 791 prodigiosis
586 739 666 779 illis
697 738 829 778 ventis
869 738 988 789 plane
1020 737 1150 777 simile
1183 737 1340 778 videtur
1377 738 1414 778 in
1447 739 1558 779 libris
1589 739 1766 807 Regum,
1810 740 1884 780 sub

85 797 180 839 Elia
207 797 418 851 propheta.
481 797 590 838 Nihil
621 809 786 849 possum
817 795 984 837 rationis
1016 795 1173 843 afferre,
1204 796 1282 836 nisi
1313 797 1410 837 mihi
1439 804 1600 838 constet
1630 799 1679 838 de
1710 799 1882 840 circnm-

88 856 264 904 stantiis.
323 856 533 896 Nubecula
563 856 752 896 indicium
784 854 1066 902 exhalationis,
1098 867 1175 894 non
1208 867 1332 895 causa
1362 868 1452 896 esse
1485 857 1655 898 videtur.

203 915 250 956 In
282 914 454 968 Styria
484 927 598 955 mons
630 921 695 954 est
724 914 962 962 Schekel,
1016 915 1081 966 qui
1112 913 1147 952 si
1179 926 1223 953 se
1255 914 1408 954 vestiat
1439 915 1583 967 exiguo
1614 916 1739 968 pileo,
1770 922 1885 958 certa

89 974 266 1018 imminet
299 974 490 1026 procella.
551 973 630 1013 Est
671 986 784 1014 mons
820 978 1060 1026 praeruptae
1104 978 1147 1012 et
1185 971 1368 1013 immanis
1400 974 1644 1024 altitudinis,
1689 987 1883 1028 superans

88 1032 340 1074 altitudinem
383 1032 726 1084 circumjectorum
757 1031 970 1080 montium,
1017 1031 1083 1082 qui
1114 1043 1211 1070 sane
1253 1043 1330 1071 non
1364 1038 1458 1072 sunt
1489 1033 1674 1082 humiles,
1719 1034 1883 1075 dimidio

87 1092 308 1146 quadrante
332 1091 514 1132 milliaris
544 1104 694 1143 germ,
727 1091 865 1131 habito
897 1097 1082 1144 respectu
1113 1090 1335 1142 superficiei
1366 1103 1511 1131 curvae
1534 1092 1695 1133 Terrae.
1756 1094 1803 1133 In
1836 1105 1883 1133 eo

87 1150 366 1192 observatione
396 1150 655 1191 rotunditatis
688 1149 837 1190 Terrae
881 1162 952 1202 per
983 1154 1140 1189 montes
1172 1148 1259 1188 sine
1291 1149 1403 1189 coelo
1435 1150 1638 1200 instituta,
1678 1158 1723 1192 ut
1753 1152 1885 1192 obiter

86 1215 127 1250 te
170 1209 386 1258 oblectem,
431 1209 512 1249 vidi
556 1209 682 1249 multa
720 1209 910 1260 jucunda.
974 1208 1108 1248 Primo
1145 1220 1233 1247 cum
1266 1209 1572 1249 ascenderemus
1617 1210 1773 1251 aestivo
1805 1210 1883 1257 die,

86 1268 217 1309 clarus
248 1273 337 1308 erat
368 1274 410 1308 et
441 1267 616 1308 fervidus
649 1272 739 1315 αξη
770 1274 985 1319 postquam
1012 1267 1051 1307 in
1081 1278 1234 1306 summo
1258 1268 1464 1307 columnae
1490 1268 1744 1318 sistebamus,
1779 1270 1884 1310 infra
1936 1302 1938 1304 v

86 1332 259 1367 montem
289 1326 484 1379 paulatim
515 1326 609 1366 oriri
639 1327 785 1366 nubes:
819 1332 907 1365 erat
937 1324 1085 1374 Gratii,
1117 1337 1217 1377 quae
1239 1326 1366 1366 distat
1396 1325 1422 1366 2
1443 1326 1692 1375 milliaribus,
1725 1334 1883 1380 tempe·

87 1391 175 1426 stas
205 1392 353 1438 magua
382 1398 471 1425 cum
501 1385 741 1434 tonitrubus,
774 1397 875 1437 quae
908 1397 979 1424 nos
1011 1397 1088 1424 nou
1120 1383 1417 1433 exaudivimus;
1460 1386 1594 1425 omnia
1631 1386 1736 1427 iussa
1764 1387 1883 1427 vide-

86 1445 238 1498 bamus.
283 1443 515 1484 -Inferiores
546 1451 723 1492 montes,
770 1443 820 1482 ad
853 1456 951 1495 quos
983 1449 1070 1483 erat
1107 1442 1410 1492 collimandum,
1450 1444 1622 1496 maligue
1666 1458 1739 1498 per
1782 1445 1883 1486 cali-

86 1509 249 1556 gantem
291 1508 334 1543 et
377 1503 635 1555 fumigantem
682 1507 815 1543 aerem
865 1501 1149 1549 cernebantur3
1200 1502 1383 1541 discussa
1431 1509 1676 1555 tempestate
1726 1505 1882 1545 melius.

85 1561 272 1602 Vidimus
297 1561 418 1614 juxta
448 1567 490 1601 et
520 1562 624 1602 infra
655 1574 727 1601 nos
758 1561 980 1613 pendentes
1012 1562 1050 1600 in
1084 1564 1176 1599 aere
1209 1561 1347 1609 nubes,
1380 1561 1620 1602 horrendum
1651 1563 1811 1604 hiantes
1843 1570 1885 1605 et

72 1619 282 1660 immanis
301 1619 535 1660 celeritatis.
597 1621 741 1660 Adhuc
775 1631 932 1671 semper
951 1619 1065 1660 nobis
1087 1618 1160 1659 Sol
1191 1619 1360 1659 luxerat.
1425 1619 1569 1661 Subito
1591 1621 1748 1670 nebula,
1783 1635 1884 1675 quae

87 1678 203 1731 quasi
234 1678 383 1719 furiata
411 1679 471 1718 ita
502 1680 651 1731 impetu
683 1679 886 1718 ferebatur
918 1692 942 1718 a
972 1678 1172 1719 radicibus
1205 1678 1350 1718 montis
1391 1679 1441 1718 ad
1480 1680 1633 1720 culmen
1672 1682 1805 1733 ejecta
1843 1687 1884 1721 et

25 1771 29 1772 γ
86 1748 158 1777 nos
197 1737 354 1790 oblique
398 1737 558 1777 radens.
632 1738 744 1778 Intra
776 1737 967 1790 temporis
1000 1742 1200 1777 momenta
1235 1737 1319 1788 jam
1356 1738 1493 1789 pluvia
1535 1746 1577 1779 et
1615 1739 1879 1792 frigidissima

86 1796 212 1847 mixta
241 1795 446 1847 grandine.
506 1797 587 1837 Ubi
619 1797 725 1836 latus
756 1797 798 1836 id
830 1810 854 1835 a
885 1796 1029 1836 nebula
1050 1796 1124 1836 fuit
1143 1801 1361 1843 retectum„
1384 1809 1460 1849 quo
1486 1798 1611 1838 monti
1638 1805 1875 1851 prospectus

86 1862 200 1909 patet
230 1855 346 1907 longe
378 1855 418 1895 in
449 1855 741 1908 Ungariam·et
772 1855 870 1895 fines
902 1855 1104 1904 Turcicos,
1138 1854 1372 1895 admirabile
1397 1858 1684 1907 spectaculum.
1746 1857 1879 1910 Supra

88 1926 162 1955 nos
182 1919 283 1964 ‚erat
312 1913 470 1960 nebula,
501 1915 654 1954 coelum
685 1914 934 1962 obnubilans,
968 1914 1072 1953 infra
1091 1926 1163 1953 nos
1195 1914 1419 1954 clarissima
1437 1915 1518 1955 lux.
1580 1915 1652 1956 Sol
1671 1917 1776 1957 enim
1795 1923 1880 1957 tum

82 1971 262 2012 vicissim
282 2023 285 2027 ⁴
304 1972 506 2024 regionem
554 1973 776 2025 subjectam
825 1973 1069 2013 illustrabat.
1145 1973 1255 2011 Haec
1300 1973 1401 2012 adeo
1452 1974 1590 2021 fortis,
1642 1981 1685 2015 ut
1732 1988 1876 2016 averso

87 2043 239 2086 papyro
281 2031 438 2071 omnino
480 2032 569 2083 plus
616 2032 714 2071 lucis
753 2046 778 2071 a
807 2031 933 2071 Terra
977 2032 1240 2080 allaberetur,
1287 2043 1403 2084 quam
1448 2033 1619 2085 desuper
1656 2048 1681 2074 a
1717 2035 1876 2075 nebula.

88 2088 364 2142 Splendebant
394 2095 528 2130 autem
558 2090 738 2138 flumina,
782 2091 963 2141 quamvis
995 2090 1154 2130 turbida
1186 2096 1298 2138 tunc,
1338 2091 1572 2132 clarissime.
1634 2092 1714 2133 Est
1745 2100 1878 2134 autem

87 2148 126 2188 in
157 2148 226 2189 illo
257 2154 390 2188 monte
422 2161 584 2200 vorago,
629 2148 831 2199 ἄβυσσος,
869 2149 970 2188 unde
1003 2150 1103 2189 adeo
1134 2149 1298 2188 crebrae
1331 2156 1616 2202 tempestatum
1649 2153 1877 2192 exhalatio-

88 2219 179 2254 nes,
222 2211 268 2246 ut
299 2207 407 2246 fama
436 2207 652 2246 obtinuerit
683 2207 979 2259 antiquissima,
1026 2207 1210 2258 conjectu
1242 2208 1368 2259 lapilli
1399 2210 1635 2260 grandinem
1667 2211 1754 2250 elici
1765 2224 1776 2259 ;
1821 2223 1877 2250 sc.

90 2265 182 2318 quia
212 2265 313 2304 adeo
339 2265 477 2304 crebro
508 2262 740 2316 grandinat}
773 2265 857 2304 sive
891 2266 1016 2316 lapilli
1048 2265 1323 2316 conjiciantur,
1356 2267 1441 2306 sive
1472 2281 1573 2316 non;
1616 2269 1717 2308 hanc
1749 2270 1880 2309 famae

88 2324 364 2376 deceptionem
396 2335 485 2362 esse
516 2329 626 2375 puto,
690 2324 776 2363 Nos
809 2324 914 2363 enim
945 2336 1105 2375 specum
1135 2336 1213 2362 non
1239 2323 1460 2365 invenimus
1491 2332 1533 2366 et
1563 2333 1695 2366 tamen
1727 2328 1880 2378 grando

88 2382 177 2432 fuit,
210 2381 287 2422 nisi
318 2382 421 2421 forte
451 2381 539 2433 ipso
572 2393 741 2421 ascensu
773 2381 1057 2421 irritas-erimus
1089 2388 1265 2421 montem
1285 2383 1452 2422 scilicet.
1514 2384 1603 2424 Hac
1628 2385 1762 2436 itaque
1783 2399 1879 2425 nar-

87 2441 310 2481 ratiuncula
341 2446 432 2480 tuas
464 2440 718 2492 quaestiones
751 2440 935 2479 claudere
966 2440 1086 2480 volui.

185 2511 439 2543 Fabricius:
474 2509 592 2541 Literis
617 2510 682 2541 tuis
708 2509 969 2541 dissertationem
994 2510 1294 2551 cosmographicam
1320 2510 1462 2553 adjunge
1497 2517 1532 2544 et
1562 2512 1602 2544 de
1626 2514 1721 2545 rebus
1747 2522 1788 2546 ac
1811 2519 1881 2547 stu-

90 2557 152 2590 diis
175 2559 243 2590 tuis
265 2567 319 2589 me
343 2557 398 2588 fac
423 2558 603 2589 certiorem.
653 2556 717 2588 Hic
740 2557 839 2588 miser
862 2561 969 2589 status
994 2561 1056 2593 est,
1081 2562 1115 2588 et
1133 2558 1242 2588 omnia
1259 2559 1469 2598 perturbata;
1497 2563 1723 2600 exspectamus
1740 2562 1882 2602 quotidie

88 2604 220 2644 bellum,
245 2614 312 2636 non
336 2608 466 2636 tantum
493 2613 514 2635 a
537 2603 710 2635 rebellibus
735 2603 962 2639 Emdensibus,
988 2603 1046 2636 sed
1069 2605 1245 2645 praecipue
1271 2603 1433 2636 ordinibus
1447 2604 1656 2637 Bollandiae.
1706 2607 1813 2640 Pestis
1828 2608 1883 2640 hic

89 2651 187 2684 valde
219 2652 345 2691 saevit,
378 2652 456 2692 quia
489 2651 523 2682 in
547 2651 654 2692 figura
676 2650 802 2681 vernali
837 2650 928 2682 locus
951 2659 1056 2682 novae
1082 2651 1198 2682 stellae
1223 2648 1273 2689 (in
1299 2649 1429 2692 Cygno)
1458 2653 1491 2683 in
1516 2652 1576 2684 VI.
1603 2652 1711 2684 domo.
1760 2654 1885 2687 Stellae

90 2707 197 2730 novae
220 2702 344 2730 natura
364 2697 532 2729 Martialis
558 2702 618 2729 est„
670 2695 738 2735 (De
762 2696 826 2729 hac
850 2697 948 2728 stella
970 2706 1055 2738 quae
1079 2697 1249 2728 Fabricius
1273 2697 1419 2736 addidit,
1452 2699 1525 2730 vide
1549 2700 1583 2731 in
1608 2700 1688 2731 libro
1713 2701 1754 2732 de
1780 2700 1885 2734 Stella

90 2743 216 2787 Cygni,
254 2754 350 2787 quem
374 2744 539 2785 Keplerus
565 2744 714 2784 adjunxit
750 2744 829 2775 libro
855 2753 913 2775 suo
940 2744 979 2775 de
1005 2743 1110 2775 Stella
1132 2753 1219 2775 nova
1245 2742 1364 2783 1604.)
1411 2723 1510 2778 ’Mitte
1534 2745 1635 2785 mihi,
1673 2757 1758 2789 quae
1781 2748 1885 2781 habes

90 2792 289 2833 utrologica
312 2795 347 2823 et
370 2792 633 2833 meteorologica.

120 2873 122 2875 ,
179 2837 282 2871 Hisce
305 2837 389 2875 vale,
414 2839 488 2880 vige
513 2842 547 2870 et
571 2838 649 2869 flore
675 2836 944 2869 excellentissime
969 2836 1110 2869 Domine
1135 2836 1290 2878 Keplere.

1170 2883 1214 2916 Β.
1240 2883 1332 2916 Tuae
1358 2859 1658 2918 observantissimus
1683 2886 1726 2919 D.
1751 2887 1789 2919 F.

185 2931 361 2964 Dabantm·
383 2931 622 2963 Besterhaviae
649 2930 703 2962 11.
730 2932 817 2972 Aug.
848 2927 948 2961 1602.

205 2990 451 3041 Keplerus
469 3004 478 3029 :
512 2990 555 3029 In
572 2990 823 3029 conclusione
846 3001 1007 3029 causam
1020 2990 1149 3040 pestis
1168 2995 1329 3029 vestrae
1345 2990 1524 3031 adducis.
1575 2992 1663 3044 Ego
1679 2993 1779 3033 alias
1800 3007 1824 3034 a
1842 3000 1885 3034 te

94 3055 297 3100 exspecto.
358 3048 494 3100 Rogo,
527 3048 700 3095 scribas,
733 3048 798 3101 qui
830 3047 939 3086 venti
971 3054 1014 3087 ut
1044 3049 1253 3100 plurimum
1278 3049 1474 3090 flaverint.
1538 3050 1712 3092 Videtur
1741 3054 1887 3095 malum

150 3113 278 3150 ‘xepieri
295 3116 387 3150 open
404 3115 427 3142 1.
1560 3118 1603 3154 21
