1982 3268
62 92 126 134 ΧΠ

61 214 195 248 tamen
228 208 469 248 assiduitate
503 213 545 248 et
575 208 734 258 labore,
769 222 1009 263 operamque
1041 211 1283 252 navantibus
1315 211 1466 253 amicis.
1528 212 1622 253 Jam
1652 212 1691 253 in
1722 225 1770 252 eo
1800 224 1865 253 res

59 285 146 329 est,
194 285 237 320 ut
267 279 431 331 Kepleri
475 279 693 319 cultoribus
739 281 930 322 collectos
975 283 1062 335 ejus
1107 282 1230 324 libros
1262 287 1304 323 et
1335 283 1514 336 digniore
1547 283 1676 324 forma
1705 282 1866 324 indutos

60 350 246 391 tradendi
277 349 433 390 initium
465 349 598 390 facere
630 349 764 393 liceat.
1245 344 1251 347 ⁴
1764 396 1769 399 ,

174 421 411 462 Inchoatum
443 425 576 462 autem
607 433 707 474 opus
738 425 784 462 ut
814 420 1060 472 absolvatur,
1094 422 1268 464 futurum
1299 435 1390 464 esse
1422 435 1652 476 speramus,
1683 427 1742 473 ut,
1775 423 1867 477 qni-

58 506 209 546 cunque
243 493 383 533 literas
414 492 555 532 volunt
586 492 716 532 cultas
749 497 790 532 et
822 496 975 542 auctas,
1009 493 1229 546 quicunque
1259 493 1478 547 principem
1507 493 1615 544 inter
1640 493 1867 535 Germanos

58 570 343 612 astronomum,
379 563 622 615 eundemque
654 561 768 604 liberi
797 562 1042 614 ingeniorum
1069 570 1200 605 motus
1226 563 1425 606 vindicem
1450 570 1492 605 et
1515 569 1866 618 propugnatorem,

60 634 291 675 Germanici
323 632 492 674 nominis
526 633 673 680 decus,
704 633 792 686 pari
829 639 949 686 atque
995 635 1082 686 ejus
1127 647 1383 676 successores
1416 635 1595 686 aliosve,
1637 635 1704 688 qui
1735 635 1867 688 aliquo

58 706 263 746 literarum
294 717 438 757 genere
470 705 768 754 excelluerunt,
815 710 1070 746 monumento
1106 706 1267 758 dignum
1293 706 1508 759 judicant,
1550 706 1592 747 in
1622 710 1780 759 partem
1809 706 1868 748 rei

57 777 334 830 suscipiendae
368 781 410 816 et
434 775 637 829 juvandae
670 775 775 815 ultro
808 788 852 816 se
885 776 1066 817 offerant.

176 848 266 889 Uno
312 859 415 887 anno
457 850 671 899 postquam
714 845 814 887 haec
857 846 1204 898 pronunciavimus
1245 859 1358 900 spem
1397 851 1580 888 nostram
1609 859 1689 887 non
1720 859 1867 888 vanam

59 919 179 958 fuisse
206 923 374 958 eventus
400 917 599 970 probavit.
647 917 890 958 Bavariae
910 917 1062 969 Regis
1083 918 1412 958 Maximiliani
1433 920 1485 959 II.
1512 917 1866 967 munificentia,

5 980 7 982 ¹
57 988 222 1041 perinde
251 1002 298 1029 ac
317 989 478 1030 Domini
503 987 765 1028 illustnissimi
790 1002 815 1028 a
833 988 1016 1037 Norow‚
1048 989 1111 1028 cui
1137 1001 1232 1028 cura
1257 989 1478 1039 studiorum
1505 988 1545 1029 in
1564 987 1749 1029 Russia
1778 993 1867 1029 tra-

58 1060 142 1100 dita
157 1064 232 1109 est,
255 1060 499 1100 liberalitate
521 1058 661 1111 adjuti,
685 1063 1005 1100 astronomorum
1019 1059 1125 1111 apud
1142 1057 1367 1100 Germanos
1388 1058 1736 1100 celeberrimorum
1754 1071 1867 1100 com-

58 1129 292 1182 probatione
313 1130 549 1179 confirmati,
577 1130 872 1171 academiarum
892 1129 1166 1171 Berolinensis
1195 1134 1237 1170 et
1256 1129 1499 1170 Viennensis
1525 1129 1726 1182 suffragiis
1746 1130 1869 1170 erecti

58 1214 139 1242 rem
158 1196 261 1242 bono
284 1201 416 1243 animo
438 1203 623 1255 (eamque
643 1201 832 1243 vicesimo
853 1202 998 1243 abhinc
1017 1202 1141 1249 auno)
1170 1202 1372 1254 inceptam
1390 1200 1442 1241 ad
1461 1200 1578 1241 finem
1596 1199 1867 1254 perduximus.

174 1272 316 1326 Neque
358 1286 454 1315 vero
495 1272 557 1314 his
597 1277 780 1323 tantum,
826 1285 924 1325 quos
957 1271 1152 1322 diximus,
1187 1271 1300 1313 Viris
1333 1275 1375 1313 et
1405 1269 1680 1312 Societatibus
1711 1271 1868 1324 gratias

58 1344 249 1384 debemus
282 1356 400 1396 quam
431 1343 647 1393 maximas,
682 1343 754 1384 sed
787 1343 955 1384 aliorum
987 1355 1140 1396 quoque
1172 1355 1295 1396 opera
1325 1347 1368 1383 et
1399 1341 1592 1395 singulari
1622 1341 1867 1383 liberalitate

58 1415 193 1455 studia
235 1420 375 1456 nostra
412 1414 471 1456 ita
515 1415 729 1455 sublevata
771 1426 861 1455 esse
904 1415 1157 1467 profitemur,
1203 1418 1248 1454 ut
1284 1413 1469 1454 destituti
1499 1413 1626 1454 tantis
1655 1411 1869 1465 praesidiis

60 1484 274 1526 editionem
318 1498 446 1538 neque
491 1483 718 1526 absolutam
761 1489 803 1525 et
844 1485 1067 1538 integram,
1112 1485 1270 1539 qualem
1306 1483 1601 1536 spect-avimus,
1646 1495 1773 1536 neque
1804 1493 1867 1533 ea,

61 1569 179 1609 quam
199 1570 295 1610 prae
323 1569 366 1596 se
389 1556 478 1606 fert,
507 1555 636 1596 forma
656 1555 843 1597 exhibere
863 1556 1146 1608 potuissemus.
1181 1554 1360 1603 Quorum
1379 1554 1554 1596 virorum
1571 1554 1757 1608 princeps
1775 1553 1867 1595 lau-

58 1627 214 1667 dandus
247 1631 310 1668 est
339 1628 387 1668 F.
416 1626 468 1668 G.
495 1627 563 1669 W.
597 1626 806 1676 Struve‚
839 1626 1016 1667 director
1046 1627 1233 1679 speculae
1267 1625 1561 1668 astronomicae
1591 1624 1865 1674 Pulcovensis,

59 1697 124 1750 qui
154 1710 197 1738 re
230 1702 272 1738 et
303 1697 468 1738 consilio
499 1697 879 1739 benevolentissime
923 1709 996 1737 nos
1039 1698 1165 1738 tuitus
1206 1696 1488 1738 liberalissime
1519 1695 1636 1738 nobis
1667 1695 1870 1736 concessit

57 1767 329 1822 manuscripta
366 1769 551 1822 Kepleri,
598 1781 700 1822 quae
745 1767 1007 1809 Pulcovensis
1049 1767 1295 1809 bibliotheca
1339 1767 1474 1808 eximii
1514 1766 1646 1808 instar
1686 1765 1869 1807 thesauri

58 1843 284 1880 conservat.
340 1839 443 1880 Huic
475 1839 726 1892 adjungimus
758 1839 893 1888 filium,
927 1838 1001 1880 tali
1031 1843 1146 1891 patre
1179 1838 1352 1891 dignum,
1386 1837 1647 1879 Pulcovensis
1679 1837 1868 1891 speculae

59 1914 375 1951 astronomorum
393 1910 635 1962 primarium,
660 1909 811 1951 Otton
825 1923 892 1951 em
907 1908 1100 1958 struve,
1123 1908 1189 1963 qui
1207 1913 1486 1962 perscrutatus
1505 1908 1870 1961 manuscriptorum

57 1981 215 2022 illorum
245 1981 391 2022 molem
423 1981 472 2021 de
503 1980 767 2033 gravioribus,
802 1993 903 2034 quae
935 1979 1016 2020 illis
1047 1979 1206 2029 insunt,
1240 1992 1313 2021 nos
1338 1979 1493 2022 monuit
1523 1979 1771 2032 digitumque
1800 1978 1866 2019 in—

58 2052 189 2092 tendit
218 2051 258 2091 in
290 2065 350 2101 ea,
386 2064 485 2103 quae
518 2064 569 2092 ex
598 2064 639 2092 re
672 2056 813 2092 nostra
844 2056 994 2092 essent.
1041 2050 1310 2103 Adjungimus
1341 2049 1607 2091 amicissimos
1640 2047 1867 2091 Christo-

57 2122 257 2174 phorum
282 2121 479 2172 Schaaf,
506 2122 773 2175 professorem
799 2121 998 2177 gymnasii
1024 2121 1302 2174 Tubingensis,
1329 2125 1372 2162 et
1395 2121 1664 2162 Henricum
1692 2118 1865 2170 Kratz,

61 2193 330 2245 professorem
363 2191 573 2247 Gymnasii
603 2192 962 2246 Stuttgartiensis,
999 2205 1161 2245 quorum
1193 2191 1261 2232 ille
1293 2196 1531 2245 quaerentes
1561 2204 1636 2233 nos
1668 2191 1717 2232 de
1748 2191 1868 2232 rebus

61 2262 370 2312 obscurioribus,
403 2263 626 2305 titubantes
659 2264 821 2316 saepius
852 2263 894 2305 in
918 2275 1102 2304 sermone
1127 2262 1256 2303 minus
1281 2262 1446 2311 usitate,
1477 2261 1679 2316 exquisita
1708 2261 1867 2315 linguae

62 2333 234 2374 Latinae
266 2333 437 2375 scientia
461 2335 703 2385 sublevavit,
735 2334 800 2375 hic
826 2339 1015 2388 suscepto
1040 2339 1179 2388 typum
1203 2333 1471 2387 perspiciendi
1489 2338 1531 2374 et
1556 2332 1867 2386 recognoscendi

60 2417 179 2446 onere
209 2404 419 2458 plurimum
450 2404 635 2447 insumsit
665 2418 831 2459 operae,
864 2409 910 2445 ut
939 2410 1080 2459 typus,
1115 2410 1306 2458 quantum
1333 2404 1418 2445 fieri
1443 2408 1596 2457 posset,
1628 2415 1750 2457 purus
1767 2414 1867 2457 pro-

61 2475 165 2517 diret
190 2480 233 2516 et
256 2475 494 2528 castigatus.

176 2545 394 2588 Rationem
434 2545 476 2587 in
519 2545 753 2599 colligendis
784 2545 950 2601 Kepleri
994 2544 1180 2599 operibus
1223 2544 1460 2588 retinuimus
1501 2543 1635 2595 illam,
1676 2555 1796 2598 quam
1825 2542 1868 2584 in

59 2618 280 2670 Prospectu
310 2616 613 2671 proposuimus:
1814 2618 1833 2631 ’

178 2686 419 2741 Colligenda
448 2686 662 2728 statuimus
694 2687 864 2738 omnia,
899 2699 1000 2741 quae
1032 2686 1158 2728 edidit
1176 2686 1390 2740 Keplerus,
1423 2697 1556 2739 opera,
1589 2685 1770 2739 exceptis
1799 2684 1863 2735 iis,

61 2769 161 2811 quae
193 2757 290 2799 nihil
321 2759 397 2799 nisi
429 2759 591 2799 tabulas
621 2758 813 2800 referunt.
857 2758 1070 2799 Accedunt
1099 2757 1252 2810 aliquot
1282 2757 1485 2799 breviores
1511 2755 1651 2806 libelli,
1684 2756 1736 2797 ad
1761 2755 1866 2797 hunc

61 2839 184 2880 usque
230 2828 335 2869 diem
377 2829 550 2870 nondum
593 2829 700 2883 typis
739 2829 951 2884 expressi,
1002 2833 1044 2869 et
1087 2828 1302 2882 epistolae,
1355 2832 1400 2868 ut
1449 2827 1636 2868 universa
1679 2826 1864 2868 collectio

62 2903 151 2953 octo
185 2897 306 2939 ferme
344 2899 544 2940 volumina
584 2900 639 2941 sit
670 2901 939 2953 complexura.
1000 2899 1276 2952 Epistolarum
1307 2897 1412 2940 aliae
1443 2902 1657 2951 excerptae
1690 2901 1785 2937 sunt
1816 2909 1866 2937 ex

62 2974 158 3010 nota
189 2969 383 3009 Hanschii
426 2971 686 3021 collectione,
733 2971 837 3012 aliae
882 2983 907 3011 a
942 2970 1196 3012 bibliothecis
1235 2967 1570 3022 Stuttgartiensi,
1614 2966 1862 3015 Monacensi,

61 3039 284 3080 Viennensi
316 3040 483 3093 aliisque
515 3053 670 3082 summa
701 3042 946 3083 liberalitate
979 3041 1123 3082 editori
1154 3040 1342 3090 traditae,
1375 3039 1501 3089 aliae,
1536 3051 1661 3092 aeque
1692 3051 1740 3079 ac
1770 3038 1866 3080 bre-

61 3109 206 3156 viores,
239 3122 335 3162 quos
362 3110 545 3158 diximus,
577 3111 715 3160 libelli,
748 3113 978 3164 depromtae
1005 3125 1054 3153 ex
1085 3111 1235 3164 majore
1267 3110 1352 3160 illa,
1385 3123 1502 3165 quam
1528 3110 1712 3161 diximus,
1737 3109 1863 3152 libro—

1978 1895 1982 1990 ἐ

1978 1996 1982 2053 1
