2028 3242
140 66 226 111 358
699 67 834 100 Literae
858 66 996 108 Kepleri
1022 67 1223 110 aliorumque
1246 72 1384 103 mutuae

137 174 303 254 iarliuprinfifia
318 174 496 252 ·⁰re,fti⁰n⁰
521 177 648 206 certum
672 175 858 215 respectum
884 173 987 215 signis
1015 176 1050 205 et
1065 173 1209 215 planetis
1226 174 1430 213 attribuisse,
1455 175 1499 208 ad
1513 174 1599 210 haec
1615 176 1666 209 vel
1682 176 1751 210 alia
1768 176 1846 210 loca
1867 184 1948 219 prae

173 231 212 253 us
238 230 260 253 a
298 230 370 253 cien
396 230 426 252 a.

234 267 321 307 Quid
356 268 459 300 sentis
495 267 534 299 de
569 267 694 310 ignium
728 267 833 310 globis
870 277 909 299 ex
935 266 1039 299 aere?
1088 267 1159 310 Ego
1193 271 1272 309 puto
1298 277 1370 301 esse
1406 269 1599 311 imperfecta
1623 271 1787 312 quaedam
1812 279 1950 314 corpora

142 316 315 355 cometica,
341 324 408 346 non
433 315 515 347 satis
541 315 730 352 sublimata;
758 324 798 347 ex
822 315 965 346 materia
989 315 1120 347 diversa
1144 319 1178 346 et
1203 315 1264 347 sibi
1291 317 1457 348 contraria
1481 321 1643 350 constare.

233 362 311 394 Jam
335 362 492 395 describit
515 363 722 394 observatam
748 371 769 394 a
793 356 831 395 se'
854 362 1026 394 stellam
1058 362 1312 395 variabilem
1342 363 1377 395 in
1402 367 1476 396 ceto
1502 367 1536 396 et
1559 364 1608 397 sio
1633 365 1815 398 concludit:
1848 363 1946 403 Vale,

138 410 224 452 vige,
250 409 349 442 flore!
399 409 496 442 Brevi
521 409 615 450 plura
640 409 680 441 de
706 414 837 442 cometa
861 414 918 441 tuo
944 413 978 441 et
1005 410 1077 442 aliis
1102 409 1249 442 habebis.
1301 409 1414 447 Scribe
1448 421 1574 453 quoque
1598 412 1694 450 mihi,
1730 421 1818 455 quae
1851 411 1951 444 ruerit

138 457 308 489 verissima
330 458 516 499 praecessio
543 457 824 498 aequinoctiorum
858 461 1005 498 tempore
1029 457 1231 497 Ptolemaei,
1268 458 1399 499 qualem
1431 462 1467 490 tu
1502 463 1643 502 tuusque
1667 458 1875 501 Hipparchus
1910 467 1951 490 ex

140 504 290 546 diligenti
314 508 462 536 veterum
488 504 714 536 observatione
738 505 901 536 invenitis.
954 503 1058 543 Vale,
1085 505 1129 536 mi
1155 505 1381 538 amantissime
1407 505 1572 547 Keplere,
1608 510 1644 538 et
1667 507 1854 539 diuturnum
1877 506 1949 538 vive

140 560 181 583 ac
204 551 297 588 vale,
330 555 368 583 ut
391 556 551 594 tanquam
576 552 672 583 Atlas
697 552 823 584 coelum
859 562 899 584 ac
924 551 1099 593 sphaeram
1130 555 1190 584 tua
1213 553 1353 584 scientia
1385 553 1518 591 fulcire,
1553 554 1618 585 imo
1643 561 1802 587 renovare
1834 553 1950 595 possis.

143 598 236 631 Deus
263 598 302 631 Ο.
329 598 379 631 Μ.
405 599 465 631 tibi
489 599 573 631 vires
599 608 640 631 ac
665 608 760 631 suam
785 600 928 642 gratiam
953 599 1136 641 largissime
1163 600 1207 631 ad
1231 600 1265 631 id
1289 610 1368 641 opus
1395 601 1631 634 communicet!
1665 602 1784 634 Amen.
1835 599 1954 634 Saluta

138 650 232 678 tuam
255 647 346 688 piam
370 656 503 678 uxorem
536 651 570 679 et
594 656 707 678 omnes
733 646 949 690 Tyclionicos.
1001 645 1186 688 (Inscripsit
1223 647 1284 679 has
1309 647 1423 680 literas
1455 649 1523 680 sic:
1558 648 1840 681 Excellentissimo
1865 646 1951 679 Cae·

140 702 257 725 saxeae
281 693 470 734 Maiestatis
497 694 691 726 Astronomo
724 702 764 726 ac
788 693 980 726 Ptolemaeo
1006 694 1203 726 Germanico
1228 694 1272 726 D.
1297 694 1329 726 J.
1355 695 1518 736 Keplero‚
1546 696 1652 727 amico
1676 706 1735 729 suo
1759 695 1951 727 suavissimo

141 743 175 773 et
198 741 352 778 uranico,
386 741 522 773 uranice
541 745 575 773 et
598 741 696 772 unice
722 739 886 780 colendo.)
916 757 958 762 —
986 741 1036 773 Ea
1052 750 1138 783 quae
1155 742 1281 783 reliqua
1297 745 1374 773 sunt
1391 742 1508 774 harum
1525 743 1738 784 epistolarum
1754 741 1952 774 notabiliora

140 787 316 820 referenda
335 792 433 827 sunt,
472 791 510 819 ut
535 788 685 824 diximus,
724 788 769 819 ad
792 788 889 819 libros
914 787 1049 829 Kepleri
1088 789 1129 820 de
1155 788 1328 830 Optimi,
1365 788 1483 821 Nova
1508 788 1652 822 Stella
1685 794 1720 823 et
1742 789 1888 822 maxima
1912 797 1953 820 ex

140 838 235 876 parte
260 836 310 868 de
334 835 475 868 Marte
486 858 495 873 ,
522 835 562 868 de
587 845 650 877 quo
667 835 835 868 Fabricius
860 835 1023 877 permulta
1041 845 1145 878 eaque
1162 846 1229 868 non
1247 837 1378 868 omnino
1395 837 1576 878 rejicienda
1592 837 1636 870 ad
1651 838 1834 880 Keplerum
1849 835 1952 869 dedit.

238 1022 334 1063 Quae
369 1031 443 1055 cnm
470 1022 543 1055 aliis
568 1023 780 1064 Keplerus
812 1032 872 1065 per
894 1022 1007 1055 literas
1041 1023 1110 1066 egit
1144 1023 1186 1056 de
1215 1024 1311 1056 rebus
1341 1023 1544 1068 astrologicis
1570 1023 1841 1068 calendariisqne
1873 1025 1953 1063 suin.

142 1072 263 1114 partim
287 1080 387 1150 suga-{³¹
410 1072 646 1122 proposuimus,
673 1072 794 1112 partim
818 1072 949 1112 propius
975 1072 1145 1114 attingunt
1168 1071 1286 1104 librum
1311 1072 1352 1104 de
1378 1070 1484 1104 Stella
1501 1071 1608 1105 Nova.
1658 1072 1854 1107 praemissis
1869 1073 1957 1108 haee

142 1122 273 1152 tantum
298 1127 320 1150 a
378 1127 469 1149 mus.

237 1165 442 1198 Nicolaus
475 1164 613 1197 Vicke
640 1163 857 1205 (vickenius,
898 1164 998 1204 „Sam
1026 1164 1122 1197 Caes.
1150 1164 1340 1206 Majestatis
1366 1165 1514 1208 dapifer“
1521 1189 1529 1203 ,
1565 1170 1698 1208 postea:
1736 1176 1781 1206 „a
1813 1167 1955 1201 consilii·

144 1213 339 1246 metallicis‘⁴
343 1210 359 1252 )
385 1213 479 1254 plura
504 1213 573 1254 egit
596 1222 654 1253 per
677 1212 791 1244 literas
817 1222 890 1245 cum
915 1212 1060 1254 Keplero
1088 1213 1319 1249 astronomica,
1345 1212 1403 1245 sed
1428 1221 1514 1255 quae
1538 1217 1730 1256 spectarent
1752 1214 1899 1246 maxima
1915 1223 1956 1247 ex

143 1265 238 1316 parte
265 1260 474 1302 astrologica.
502 1258 631 1301 (Comp.
659 1260 807 1292 Hansch.
835 1270 867 1301 p.
895 1257 1111 1299 306—333.)
1161 1259 1298 1292 Praeter
1323 1260 1390 1293 alia
1414 1261 1546 1302 saepius
1571 1270 1593 1293 a
1615 1261 1760 1303 Keplero
1785 1262 1885 1303 petit,
1917 1265 1955 1294 ut

143 1309 206 1387 ilpsi
239 1309 346 1340 varios
372 1306 583 1387 ddingendi“
610 1308 724 1339 modos
762 1307 913 1348 explicet.
962 1308 1016 1340 Ad
1048 1307 1134 1340 haec
1167 1308 1336 1349 respondit
1359 1307 1575 1350 Keplerus
1605 1307 1653 1350 (d.
1679 1307 1715 1342 8
1737 1306 1955 1349 Feb-1611)

170 1365 234 1388 unc
257 1355 291 1387 in
315 1364 368 1386 mo
393 1365 449 1387 um

430 1412 690 1454 Nobilissime
723 1412 906 1462 Domine,
939 1414 1092 1453 Fautor
1124 1411 1431 1454 Colendissime.

263 1472 365 1525 Legi
395 1472 616 1512 Ptolemaei
650 1472 781 1511 locum
813 1484 900 1512 cum
921 1472 1158 1521 attentione,
1192 1477 1232 1512 et
1258 1472 1397 1512 videor
1415 1472 1510 1513 mihi
1531 1485 1691 1513 sensum
1710 1476 1820 1514 recte
1841 1485 1954 1514 com·-

146 1531 428 1584 prehendisse,
475 1545 592 1584 quem
635 1530 866 1583 explicabo,
909 1531 1032 1571 misso
1067 1530 1275 1581 Cardano,
1322 1531 1434 1583 cujus
1472 1531 1832 1573 commentationes
1863 1537 1958 1572 sunt

148 1590 398 1631 obscuriores
429 1590 517 1642 ipso
550 1590 776 1630 Ptolemaei
807 1595 935 1639 textu,
968 1595 1065 1643 puto
1096 1590 1344 1642 prolixitate,
1377 1591 1576 1632 varietate
1610 1590 1955 1644 imaginationum,

147 1650 282 1690 taedio
314 1649 499 1690 lectionis
527 1654 568 1689 et
598 1649 812 1701 praecipue
842 1649 954 1688 vitiis
987 1645 1359 1702 typographicis&

265 1709 354 1749 Duo
376 1707 502 1760 igitur
529 1708 682 1747 dicam:
722 1706 764 1755 1)
796 1707 1088 1748 Doctrinam
1122 1708 1459 1749 directionum
1491 1720 1541 1747 ex
1566 1713 1701 1748 mente
1718 1707 1953 1748 Ptolemaei.

148 1765 196 1816 2)
227 1767 491 1808 Rationem
523 1766 868 1806 constituendi
901 1767 1066 1807 domos
1099 1769 1372 1816 coelestes,
1407 1780 1457 1807 ex
1487 1766 1629 1806 eodem
1661 1771 1839 1807 auctore.

266 1827 327 1866 De
346 1825 487 1878 primo.
538 1825 646 1865 Fieri
683 1830 837 1877 potest,
871 1830 916 1865 ut
949 1825 1161 1866 Cardanus
1184 1827 1248 1866 hic
1278 1827 1553 1866 Ptolemaeum
1585 1838 1664 1866 non
1694 1825 1800 1866 male
1830 1825 1956 1866 intel·

148 1885 312 1933 lexerit;
344 1897 421 1924 non
449 1884 555 1924 enim
574 1896 712 1923 omnes
734 1882 910 1924 Cardani
930 1885 1206 1937 paragraphus
1227 1885 1492 1925 consideravi.
1538 1884 1599 1924 At
1617 1878 1770 1925 Stadio'
1788 1884 1957 1924 multum

150 1945 279 1993 deest,
301 1955 376 1996 quo
408 1942 538 1982 minus
570 1955 731 1982 sensum
763 1948 902 1983 teneat
922 1944 1110 1992 auctoris,
1146 1943 1237 1996 quia
1261 1944 1440 1983 omnibus
1461 1943 1655 1983 machinis
1675 1943 1751 1984 hoc
1782 1942 1880 1994 agit,
1914 1947 1960 1983 ut

151 2016 201 2042 ex
219 2002 467 2042 Ptolemaico
490 2001 687 2053 dirigendi
708 2001 825 2040 modo
847 2007 1031 2042 exstruat
1050 2003 1209 2041 modum
1230 2002 1408 2054 erigendi
1429 2002 1575 2053 figuras
1597 2002 1808 2042 coelestes.
1855 2001 1956 2041 Pto-

150 2061 294 2102 lemaei
326 2059 529 2100 sententia
559 2060 659 2099 haec
691 2065 775 2099 est:
820 2060 1032 2099 videndum
1065 2073 1176 2110 esse,
1217 2067 1312 2113 quot
1343 2061 1534 2112 graduum
1568 2060 1800 2113 aequatoris
1837 2061 1955 2100 volu-

147 2120 255 2161 tione
287 2116 568 2170 significatoris
602 2118 725 2158 situm
756 2118 996 2170 assequatur
1026 2119 1256 2170 promissor.
1320 2118 1427 2165 Quia
1446 2132 1542 2160 vero
1562 2119 1751 2160 zodiacus
1773 2118 1956 2171 obliquus

152 2184 227 2227 est,
263 2177 426 2229 ejusque
457 2181 610 2228 partes,
644 2176 721 2216 nisi
742 2177 890 2217 fuerint
911 2178 1125 2226 antisciae,
1158 2185 1359 2230 nequeunt
1391 2179 1494 2218 idem
1527 2178 1738 2218 meridiani
1771 2183 1814 2219 et
1843 2177 1959 2218 hori-

150 2236 279 2278 zontis
299 2240 490 2288 punctum
509 2235 700 2284 transire,
734 2235 824 2276 ideo
846 2237 983 2276 definit
1002 2237 1280 2285 Ptolemaeus,
1314 2238 1407 2290 quid
1435 2237 1490 2277 sit
1508 2237 1703 2278 identitas
1730 2238 1833 2278 situs
1851 2237 1958 2278 inter

149 2301 287 2348 partes
307 2294 459 2334 zodiaci
479 2305 559 2333 non
578 2294 783 2335 antiscias.
846 2295 947 2335 Eam
980 2295 1158 2336 definivit
1176 2309 1247 2348 per
1273 2296 1509 2337 identitates
1536 2295 1671 2337 circuli
1691 2296 1958 2349 positionum;

150 2361 244 2395 tunc
276 2353 380 2393 enim
410 2353 694 2405 promissorem
726 2354 906 2394 obtinere
940 2354 1109 2394 similem
1143 2356 1261 2396 situm
1298 2355 1427 2405 illius,
1473 2367 1589 2407 quem
1620 2355 1798 2396 habebat
1829 2354 1958 2406 signi-

151 2414 303 2459 ficator,
325 2412 358 2451 si
378 2412 596 2463 promissor
621 2412 807 2453 inciderit
827 2413 865 2452 in
890 2413 1079 2454 circulum
1099 2415 1324 2466 positionis,
1353 2427 1468 2466 quem
1491 2414 1738 2466 significator
1757 2417 1957 2454 tenuerat.

150 2472 305 2512 Deinde
327 2470 485 2522 quaerit
509 2470 615 2509 viam
637 2477 677 2510 et
696 2472 937 2521 methodum,
973 2474 1166 2525 quomodo
1186 2474 1426 2526 perducatur
1444 2474 1664 2525 promissor
1682 2473 1732 2512 ad
1753 2471 1855 2512 hunc
1876 2472 1956 2512 cir-

152 2532 296 2572 culum.
361 2527 492 2574 Quum
524 2534 657 2568 autem
689 2543 765 2570 non
789 2537 998 2571 exstarent
1018 2532 1193 2580 tabulae,
1227 2533 1378 2572 similes
1399 2533 1483 2572 tab.
1517 2531 1778 2572 directionum
1802 2530 1957 2584 Regio-

153 2587 350 2636 montani‚
398 2587 537 2639 quibus
584 2589 882 2640 expeditissime
918 2591 1124 2641 negotium
1167 2592 1218 2631 ad
1264 2597 1438 2631 mentem
1476 2590 1699 2630 Ptolemaei
1744 2590 1957 2642 perficitur,

153 2649 243 2688 ideo
286 2646 465 2697 confugit
496 2646 753 2688 Ptolemaeus
795 2650 845 2688 ad
878 2650 1037 2689 horaria
1077 2655 1279 2702 tempora,
1322 2657 1362 2690 et
1395 2649 1509 2697 dicit,
1549 2654 1642 2689 tunc
1679 2661 1769 2688 esse
1802 2648 1962 2693 diversa

153 2704 307 2747 zodiaci
345 2710 493 2756 puncta
525 2719 643 2758 super
675 2708 813 2747 eodem
834 2707 979 2748 circulo
1000 2709 1224 2760 positionis,
1259 2709 1297 2748 h.
1327 2722 1361 2749 e.
1389 2709 1426 2747 in
1456 2707 1576 2747 simili
1596 2707 1687 2756 situ,
1721 2720 1809 2747 cum
1830 2707 1959 2759 quod-

155 2765 256 2805 libet
282 2775 416 2803 eorum
434 2792 438 2793 γ
447 2776 518 2814 per
539 2777 630 2804 suas
651 2766 834 2817 proprias
854 2767 974 2806 horas
996 2769 1238 2819 temporales
1272 2769 1362 2815 (seu
1382 2766 1650 2819 planetarias)
1683 2765 1843 2818 aequali
1871 2778 1960 2806 cum

155 2822 300 2864 ceteris
332 2834 495 2861 numero
529 2829 702 2872 sumtas,
749 2838 773 2863 a
805 2825 1026 2866 meridiano
1067 2826 1270 2867 distiterit.
1333 2826 1424 2865 Jam
1465 2824 1586 2876 igitur
1627 2825 1702 2864 huc
1735 2823 1960 2864 devolvitur

156 2881 373 2933 negotium,
406 2884 450 2919 ut
474 2885 680 2923 teneamus
701 2883 894 2923 rationem
923 2890 963 2924 et
983 2885 1225 2932 methodum,
1261 2898 1338 2936 qua
1358 2884 1434 2924 duo
1456 2883 1615 2923 diversa
1635 2881 1788 2922 zodiaci
1809 2887 1960 2934 puncta

157 2939 318 2992 aequali
348 2939 567 2979 interstitio
601 2942 784 2982 horarum
818 2943 956 2995 cuique
989 2944 1238 2995 propriarum
1265 2944 1321 2983 M.
1347 2941 1393 2983 C.
1423 2942 1730 2990 admoveantur,
1763 2946 1809 2981 ut
1839 2940 1956 2981 simul

158 3004 293 3039 tamen
323 2997 563 3046 innotescat,
598 3006 693 3051 quot
712 3001 861 3052 gradus
883 3002 1114 3054 aequatoris
1136 3002 1395 3042 meridianum
1420 3005 1631 3040 transeant
1652 2999 1824 3047 interim,
1860 3000 1952 3039 dum

157 3070 257 3098 unus
288 3056 400 3097 locus
433 3064 525 3108 post
545 3058 664 3098 alium
686 3060 737 3100 ad
758 3060 857 3099 hunc
879 3055 1102 3113 quaesitlim
1123 3060 1363 3114 pervenerit.
1415 3059 1482 3099 Ad
1503 3058 1576 3098 hoc
1597 3063 1642 3098 ut
1661 3057 1958 3111 perveniamus,
