2028 3242
181 127 263 171 142
855 124 1003 165 Mysterii
1029 123 1294 167 cosmographici

177 232 399 284 octanguli,
443 234 536 271 sunt
567 230 606 269 in
639 229 765 282 gradu
796 229 1011 270 remotiore
1043 233 1086 269 et
1116 228 1384 270 irrationales.
1449 226 1498 276 3)
1535 227 1690 279 Causa,
1732 228 1825 281 quia
1860 227 1989 268 trinus

178 305 263 332 cum
298 290 446 334 sextili,
481 289 718 342 quadratum
749 301 838 328 cum
871 288 1067 341 quadrato
1101 288 1276 328 efficiunt
1304 293 1458 328 rectum
1484 287 1685 339 angulum,
1717 287 1820 328 radii
1850 286 1991 338 reliqui

178 351 285 390 nullo
316 354 437 401 pacto
470 361 559 388 cum
590 347 673 387 ulla
713 353 875 399 recepta
910 347 1029 387 linea.
1092 344 1140 394 4)
1179 348 1422 399 Imperfecta
1452 346 1486 386 B
1523 345 1656 387 mollis
1694 351 1758 386 est
1795 346 1988 399 quodam-

178 410 294 449 modo
326 408 531 459 perfecta,
580 406 672 458 quia
715 406 840 447 utitur
878 407 1016 445 eadem
1058 405 1252 445 divisione
1291 418 1381 446 cum
1419 405 1609 457 perfectis
1647 409 1690 445 et
1725 410 1791 445 est
1827 404 1992 444 dimidia

179 468 330 520 quinta.
394 466 508 506 Unde
542 478 619 504 non
651 465 811 514 mirum,
856 465 983 504 solam
1014 477 1063 504 ex
1094 464 1339 517 imperfectis
1372 464 1613 517 respondere
1646 463 1827 516 aspectui
1859 462 1990 511 alicui,

180 540 234 567 sc.
271 525 427 573 sextili,
472 524 537 576 qui
576 524 714 564 itidem
754 529 818 564 est
855 523 1042 563 dimidius
1083 523 1224 563 trinus.
1289 522 1460 564 Ceterae
1501 523 1604 562 enim
1643 535 1716 563 nec
1749 525 1871 575 aptae
1901 526 1994 561 sunt

179 586 216 625 in
251 584 553 632 duodenarium,
606 596 679 622 nec
717 583 884 634 perfecti
924 582 1092 634 alicujus
1129 595 1223 635 pars
1262 587 1366 623 sunt.
1430 581 1477 630 5)
1515 582 1698 634 Denique
1735 594 1808 621 sex
1847 580 1993 632 trigoni

181 644 327 695 anguli,
364 647 534 695 quatuor
565 642 762 694 quadrati,
796 647 880 681 tres
901 641 1123 692 sexanguli,
1158 647 1200 681 et
1231 642 1384 681 duobus
1417 641 1675 681 semicirculis
1707 639 1995 692 comprehensa.

180 705 255 743 duo
289 702 422 754 spatia
454 701 622 753 implent
653 713 808 740 omnem
841 701 878 740 in
919 700 1086 752 planitie
1121 701 1262 740 locum.
1325 701 1384 740 At
1414 705 1496 740 tres
1529 700 1665 752 anguli
1695 699 1735 739 in
1769 698 1989 750 quinquan-

181 763 272 815 gulo
314 762 486 801 minores
526 765 619 799 sunt
664 765 834 811 quatuor
877 759 1022 807 rectis,
1073 765 1243 811 quatuor
1287 765 1380 798 sunt
1417 759 1606 810 majores.
1668 757 1785 799 Unde
1825 762 1867 797 et
1895 756 1994 796 illud

179 826 310 875 patet,
352 832 472 872 quare
505 832 578 858 nec
611 818 973 871 octangularis‚83)
1013 831 1085 857 nec
1118 818 1480 869 duodecangularis
1514 815 1746 867 radius,¹⁸¹¹)
1787 828 1860 856 nec
1889 815 1994 856 ullus

179 879 421 931 reliquorum
442 883 640 929 operetur.
691 878 827 929 Atque
860 877 922 917 hic
956 878 1039 917 fere
1073 890 1215 929 separo
1249 889 1394 917 causas
1427 882 1662 928 aspectuum
1693 890 1718 916 a
1742 875 1875 915 causis
1896 887 1995 914 con-

181 935 474 985 001·diarum.fi)
528 935 648 977 Certe
681 937 785 976 enim
820 949 920 988 quae
955 949 1005 976 ex
1038 936 1195 987 angulis
1227 937 1285 983 fit,
1318 936 1491 988 genuina
1521 935 1646 975 radiis
1678 940 1744 974 est
1773 933 1994 974 ratiocina-

180 996 335 1045 tio;¹‘¹‘)
369 1009 458 1036 cum
490 1000 653 1047 propter
685 995 872 1045 angulum
904 995 942 1034 in
975 1001 1122 1047 puncto
1155 995 1375 1048 superficiei
1416 994 1618 1034 Terrenae
1651 994 1814 1042 factum,
1846 993 1887 1033 in
1919 1003 1996 1044 quo

181 1057 409 1103 miscentur,
445 1055 597 1094 existat
629 1054 822 1105 operatio,
858 1067 934 1093 non
970 1066 1064 1094 vero
1098 1060 1263 1106 propter
1293 1054 1460 1106 figuram
1491 1053 1531 1093 in
1557 1053 1722 1093 zodiaco
1749 1052 1895 1092 circulo
1923 1051 1996 1090 de-

181 1115 397 1167 scriptam,
446 1126 547 1165 quae
592 1113 877 1164 imaginatione
922 1113 1057 1165 potius
1099 1125 1214 1165 quam
1255 1112 1311 1152 rei
1342 1113 1515 1152 veritate
1548 1117 1722 1152 constat.
1737 1109 1779 1161 ¹¹)
1840 1109 1997 1151 Divisio

181 1187 275 1213 vero
308 1172 397 1212 fidis
429 1185 501 1212 nec
533 1172 571 1211 in
612 1172 758 1211 circulo
799 1172 862 1221 fit,
909 1185 981 1212 nec
1020 1172 1176 1223 angulis
1217 1171 1367 1220 utitur,
1415 1171 1484 1211 sed
1526 1171 1564 1210 in
1590 1171 1711 1223 plano
1742 1182 1816 1223 per
1844 1174 1998 1210 rect-am

183 1234 326 1272 lineam
358 1231 573 1283 perficitur.
638 1232 813 1270 Possunt
846 1237 980 1270 tamen
1014 1231 1267 1271 nihilominus
1310 1235 1352 1270 et
1392 1230 1702 1270 concordantiae
1735 1235 1778 1270 et
1809 1233 1998 1281 aspectus

182 1293 328 1331 habere
361 1303 564 1330 commune
600 1290 715 1341 quid,
752 1290 855 1342 quod
888 1280 1028 1329 eadem
1061 1290 1244 1342 utrinque
1278 1295 1485 1338 causatur,
1520 1294 1564 1329 ut
1595 1300 1717 1340 supra
1748 1288 1909 1328 dictum.
1924 1287 1998 1334 Μ)

182 1351 228 1390 Id
262 1363 355 1389 vero
395 1349 563 1388 aliorum
602 1349 823 1388 industriae
863 1349 1040 1401 relinquo
1075 1350 1346 1389 scrutandum.
1409 1348 1634 1388 Ptolemaei
1663 1347 1839 1396 Musica,
1898 1357 1998 1398 quae

183 1410 525 1460 Regiomontanus
553 1421 642 1447 cum
670 1407 921 1458 expositione
951 1408 1159 1461 Porphyrii
1193 1409 1372 1447 editurus
1405 1412 1504 1456 erat,
1541 1407 1614 1447 sed
1646 1407 1819 1447 nondum
1851 1416 2000 1447 excusa

185 1467 395 1508 Cardanus
429 1467 597 1514 asserit,
641 1467 679 1506 in
723 1467 798 1506 hac
837 1467 1008 1506 materia
1044 1467 1182 1518 procul
1222 1466 1340 1506 dubio
1372 1469 1596 1506 versantur.
1612 1468 1671 1515 ¹²¹²)
1733 1465 1844 1530 Vide
1871 1464 1996 1504 etiam

185 1527 278 1578 quid
310 1539 360 1566 ex
390 1524 570 1566 Euclidis
603 1525 770 1564 Musicis
802 1526 878 1565 huc
910 1526 1050 1565 referri
1080 1526 1225 1577 possit.
1241 1526 1296 1574 ⁰⁰)
1774 1531 1790 1544 ⁸

744 1643 803 1682 IN
836 1641 1022 1682 CAPUT
1052 1641 1439 1683 DUODEGIMUM
1486 1697 1496 1704 χ

885 1722 1037 1755 NOTAE
1065 1722 1299 1756 Aucroms.

294 1793 335 1840 a)
363 1797 443 1831 Hoc
462 1795 588 1829 thema
608 1806 657 1829 ex
675 1795 843 1840 professo
863 1795 1022 1830 tractavi
1042 1795 1078 1830 in
1098 1795 1192 1830 libro
1213 1796 1257 1830 de
1277 1796 1391 1830 stella
1410 1806 1514 1838 nova,
1547 1795 1657 1842 inque
1675 1807 1852 1842 responso
1871 1797 1918 1832 ad
1938 1797 2001 1831 ob-

181 1850 286 1894 jecta
311 1849 471 1889 Rcslini;
505 1859 634 1894 nempe
655 1853 812 1894 quatuor
832 1849 975 1894 quidem
1004 1849 1127 1883 circuli
1158 1849 1297 1883 zodiaci
1318 1850 1543 1895 quadrantes
1571 1849 1766 1885 monstrari
1786 1860 1809 1885 a
1827 1849 2002 1889 conditio-

187 1903 293 1938 nibus
314 1904 464 1936 duorum
484 1906 655 1942 motuum,
690 1901 808 1936 diurni
828 1907 866 1936 et
882 1902 976 1936 Solis
998 1902 1120 1943 annui,
1156 1913 1246 1947 quas
1281 1906 1483 1948 sequuntur
1515 1901 1628 1936 etiam
1658 1902 1803 1938 luminis
1834 1907 1874 1938 et
1904 1903 2002 1938 cale-

187 1955 356 1990 factionis
388 1959 530 1989 metae:
574 1959 613 1989 at
645 1956 887 2000 quadrantum
919 1955 1147 2001 singulorum
1180 1952 1463 1990 subdivisionem
1494 1955 1531 1990 in
1557 1958 1666 1990 terna
1698 1955 1865 2001 praecise
1896 1955 2006 2002 signa.

188 2008 279 2043 nihil
298 2008 376 2042 tale
396 2019 463 2042 nec
483 2019 531 2041 ex
550 2010 650 2041 motu
669 2019 737 2042 nec
756 2019 805 2042 ex
823 2007 961 2042 viribus
982 2008 1131 2048 habere,
1153 2007 1257 2052 cujus
1278 2009 1430 2042 effectus
1451 2004 1591 2042 censeri
1610 2009 1739 2054 possit,
1768 2008 1838 2043 nisi
1857 2012 2002 2044 tautum

187 2060 504 2108 generalissimam
536 2060 636 2094 illam
665 2060 943 2101 distinctionem,
979 2060 1106 2105 quanti
1135 2060 1422 2107 uniuscujusque
1454 2061 1490 2095 in
1519 2060 1748 2106 principium,
1782 2061 1938 2097 medium
1965 2067 2005 2096 et

185 2116 309 2149 finem:
345 2124 434 2159 quas
455 2117 579 2147 tamen
599 2119 726 2157 partes
747 2114 850 2147 nulla
868 2114 1070 2148 necessitas
1097 2113 1209 2158 jubet
1235 2115 1410 2160 aequales
1430 2125 1512 2148 esse
1544 2124 1589 2148 ac
1616 2125 1662 2148 ne
1693 2118 1820 2160 partes
1841 2115 2002 2160 quidem:

189 2167 323 2202 sufficit
343 2166 448 2207 enim,
482 2170 525 2200 ut
552 2176 618 2210 pro
638 2166 754 2200 medio
775 2170 971 2201 censeatur
990 2171 1072 2201 tota
1090 2167 1303 2212 quadrantis
1335 2167 1446 2209 linea,
1479 2178 1547 2212 pro
1574 2167 1752 2213 principio
1781 2171 1820 2203 et
1842 2168 1915 2204 fine
1934 2169 2004 2203 duo

190 2221 310 2254 lineae
331 2219 477 2254 termini
496 2229 563 2253 seu
581 2224 730 2264 puncta,
753 2230 847 2264 quae
867 2231 939 2254 non
959 2224 1046 2255 sunt
1064 2230 1151 2265 pars
1172 2221 1215 2254 de
1235 2220 1346 2256 linea.
1730 2248 1739 2255 ,
1819 2259 1823 2262 ,

296 2269 335 2315 b)
365 2271 533 2307 Ridicula
562 2272 649 2307 mihi
682 2273 867 2307 sententia
897 2273 1044 2314 excidit,
1078 2285 1164 2307 vere
1197 2285 1271 2307 non
1291 2272 1489 2308 sententia.
1547 2272 1641 2322 Quid
1669 2273 1765 2309 enim
1784 2277 1854 2315 est,
1885 2274 2005 2310 nihil

190 2330 376 2372 praeter
396 2325 571 2359 omnia?
627 2325 851 2371 Numer-atio,
882 2326 977 2360 actio
998 2326 1140 2367 mentis,
1162 2327 1376 2371 supervenit
1393 2327 1504 2362 rebus
1525 2326 1701 2368 omnibus,
1728 2325 1858 2362 divinis
1879 2332 1918 2362 et
1936 2327 2003 2362 hu-

190 2379 328 2414 manis:
362 2379 476 2419 nulla,
498 2390 543 2411 ne
563 2378 750 2413 levissima
770 2379 913 2424 quidem
933 2379 1116 2413 distinctio
1137 2384 1205 2421 est,
1242 2391 1307 2414 seu
1325 2379 1450 2420 realis,
1483 2390 1548 2414 seu
1573 2379 1825 2414 intentionalis
1857 2378 1921 2424 (sit
1939 2379 2006 2415 illa

191 2432 329 2477 primae
349 2432 409 2466 vel
425 2432 618 2472 secundae,
640 2432 700 2465 vel
721 2431 867 2473 tertiae,
888 2433 948 2467 vel
969 2437 1104 2478 quotae
1127 2432 1222 2466 libet
1240 2429 1473 2478 intentionis)
1500 2442 1594 2478 quae
1614 2443 1686 2467 non
1705 2434 1890 2478 quandam
1908 2433 2005 2468 simi-

191 2485 383 2519 litudinem
411 2484 552 2518 habeat
584 2495 661 2518 cum
694 2484 869 2519 divisione
902 2484 1027 2520 rectae
1054 2485 1090 2519 in
1121 2490 1261 2530 partes.
1317 2485 1421 2527 Vide,
1436 2530 1439 2535 ἢ
1455 2495 1549 2531 quae
1581 2486 1631 2519 de*
1644 2485 1801 2520 numeris
1821 2485 2005 2532 disputavi

192 2538 254 2572 lib.
277 2538 338 2572 IV.
360 2537 661 2571 Harmonicorum
681 2538 770 2582 Cap.
791 2538 819 2572 I.
876 2538 956 2572 Hoc
982 2542 1106 2572 autem
1135 2538 1221 2572 mihi
1242 2543 1324 2573 erat
1349 2538 1386 2573 in
1407 2538 1537 2580 animo,
1571 2549 1651 2573 cum
1669 2538 1766 2573 hanc
1785 2535 2006 2574 sententiam

193 2583 438 2634 conciperem:
469 2589 639 2635 quidquid
659 2595 874 2625 numeratur
893 2602 916 2625 a
935 2591 1039 2625 nobis
1061 2587 1230 2636 (praeter
1248 2591 1388 2626 divinas
1408 2601 1587 2636 personas
1614 2591 1651 2625 in
1669 2591 1732 2627 SS.
1753 2589 1950 2635 Trinitate)
1969 2592 2006 2626 id

192 2647 399 2688 respectum
421 2643 578 2688 aliquem
599 2644 738 2678 habere
759 2644 1055 2689 quantitativum,
1077 2645 1210 2679 saltem
1230 2644 1266 2679 in
1285 2644 1490 2679 intentione
1508 2644 1749 2680 numerantis.

300 2693 336 2738 c)
370 2696 440 2730 Per
461 2696 758 2741 imaginationem
778 2698 881 2742 plani
901 2709 968 2742 per
982 2698 1162 2732 sectiones
1183 2698 1269 2732 illas
1289 2698 1448 2732 laterum
1473 2701 1513 2731 et
1538 2708 1606 2742 per
1624 2701 1788 2732 centrum
1804 2698 2006 2744 figurarum

196 2748 350 2782 omnium
370 2749 530 2783 traducti
563 2754 600 2783 et
628 2761 744 2794 usque
765 2751 832 2784 sub
858 2751 953 2785 fixas
986 2751 1144 2792 extensi,
1179 2751 1283 2796 cujus
1316 2750 1430 2792 sectio
1450 2761 1530 2784 cum
1549 2750 1711 2794 sphaera.
1727 2751 1884 2786 fixarum
1901 2750 2005 2786 nobis

195 2801 341 2844 peperit
361 2801 397 2835 in
417 2802 654 2846 conceptione
674 2802 742 2836 illa
761 2803 980 2848 eclipticam.

304 2851 343 2896 d)
376 2854 413 2888 Si
441 2854 606 2889 nimirum
631 2867 680 2890 ex
700 2860 825 2890 centro
846 2851 1022 2890 communi
1042 2857 1244 2902 figurarum
1262 2859 1387 2890 rectae
1411 2866 1479 2900 per
1499 2855 1679 2890 sectiones
1699 2855 1786 2890 dicti
1802 2855 1907 2902 plani
1926 2867 2007 2891 cum

196 2905 375 2939 lateribus
395 2907 593 2952 figurarum
613 2908 807 2952 ejiciantur
825 2920 940 2954 usque
961 2910 1028 2944 sub
1047 2911 1159 2950 fixas;
1181 2910 1384 2944 addendum
1404 2913 1544 2943 autem:
1571 2908 1609 2943 Si
1629 2907 1741 2943 etiam
1761 2919 1882 2944 omnes
1903 2908 2005 2955 quin·

198 2968 266 3002 que
298 2958 440 3003 figurae
472 2960 541 2993 tali
573 2960 770 3006 irregulari
802 2962 875 2996 situ
905 2962 1058 2997 invicem
1090 2966 1325 3008 coaptentur,
1373 2965 1416 2996 ut
1446 2961 1673 3007 singularum
1705 2961 1855 3008 singula
1884 2962 2008 2997 latera

198 3009 420 3045 sectionibus
441 3011 515 3045 suis
535 3017 636 3047 stent
655 3013 691 3047 in
709 3025 784 3047 una
802 3014 871 3049 tali
890 3019 994 3049 recta
1012 3015 1129 3050 linea:
1160 3019 1247 3050 tunc
1273 3015 1366 3049 enim
1392 3014 1562 3049 zodiacus
1588 3014 1836 3060 distinguetur
1865 3014 1902 3049 in
1919 3025 2005 3060 par-

200 3066 256 3096 tes
277 3063 384 3104 tales,
419 3074 508 3108 quas
535 3076 607 3099 non
626 3066 775 3100 metitur
803 3067 872 3101 nisi
893 3071 1038 3102 centum
1059 3072 1097 3102 et
1115 3067 1289 3102 vicesima
1314 3067 1440 3102 totius.
1500 3067 1587 3102 Cum
1613 3071 1736 3102 autem
1755 3067 1847 3102 situs
1868 3067 1938 3102 iste
1959 3067 2008 3102 sit

199 3114 427 3161 irregularis,
458 3117 642 3161 regularis
662 3129 749 3152 vero
780 3130 847 3163 per
876 3122 1032 3165 angulos
1054 3120 1270 3156 dodecaedri
1303 3124 1343 3154 et
1372 3119 1553 3155 icosaedri
1585 3124 1735 3156 octonos
1767 3119 1938 3167 utrinque
1969 3120 2007 3155 in
