1982 3268
129 142 151 182 7
158 141 184 183 8
923 140 1140 172 Prooemium.

127 248 229 280 damit
254 245 355 277 durch
379 245 470 277 diese
494 245 613 277 eissere
638 244 807 281 unzierde,
833 243 906 276 auff
918 244 1040 277 welche
1067 245 1243 287 dieJenige‚
1269 253 1305 276 so
1330 244 1383 276 die
1398 244 1579 277 fiirnemste
1594 242 1708 276 Kunst
1731 243 1790 277 des
1812 244 1959 276 werck&

126 296 176 326 nit
199 292 383 331 verstehen‚
409 292 452 323 vil
475 291 567 324 mehr
592 292 642 324 als
668 291 742 323 auff
761 291 822 323 das
847 291 970 324 andere
995 291 1108 328 sehen,
1134 293 1185 323 nit
1208 290 1317 333 gleich
1341 292 1387 324 im
1411 295 1521 323 ersten
1546 291 1744 326 anschawen
1768 290 1940 324 offendiret

127 342 193 373 und
218 351 252 372 es
277 341 331 372 bei
355 339 425 371 sich
449 341 499 371 nit
523 349 558 370 so
583 338 852 370 hochzuschezen
879 339 946 370 und
971 339 1058 371 auch
1083 339 1148 371 alle
1173 338 1406 381 aufgewandte
1430 338 1562 371 Kosten
1587 339 1639 370 fiir
1661 338 1876 380 ungebrauch
1901 348 1941 370 zu

124 389 238 419 halten
271 387 339 418 sich
371 386 590 418 understehen
615 386 756 418 werden.
809 385 923 417 Damit
949 386 1027 418 aber
1057 388 1095 427 ja
1121 386 1168 417 dis
1193 386 1301 417 werck
1325 386 1393 417 und
1417 385 1628 418 Kunststiick
1653 396 1694 417 zu
1718 386 1843 418 seinem
1866 395 1936 417 ver-

125 434 258 467 hofften'
276 434 348 466 End
372 433 503 466 mochte
529 432 688 475 gebracht
711 432 852 471 werden,
880 443 914 464 so
940 434 983 464 ist
1009 431 1166 472 (welches
1191 433 1254 473 bey
1279 433 1317 464 E.
1339 433 1374 464 F.
1403 432 1442 465 G.
1468 432 1690 475 underthbnig
1714 433 1940 475 anzubringen

127 493 162 514 er
185 481 272 514 mich
297 478 463 519 ersuchet)
489 480 535 512 M.
561 480 698 521 Kepleri
725 480 944 522 underthonig
974 481 1136 522 begeren,
1171 480 1209 511 E.
1236 480 1271 511 F.
1293 480 1339 512 -G,
1371 480 1464 512 wolle
1496 480 1620 523 gnedig
1643 479 1790 512 Bevelch
1819 481 1938 523 geben,

128 530 187 561 das
213 529 265 561 die
291 538 398 570 ganze
423 528 532 559 werck
557 529 621 559 ime
645 527 776 559 mechte
803 538 842 559 zu
868 529 981 559 seinen
1006 528 1150 560 Handen
1175 527 1263 570 gehn
1289 528 1389 560 Gratz
1415 528 1603 570 iiber-geben
1627 527 1780 567 werden,
1812 526 1941 559 solches

126 576 246 608 wieder
269 586 332 607 von
363 585 437 607 new
461 576 510 606 nit
538 584 625 606 zwar
649 575 682 605 in
707 575 825 611 suber,
866 575 1007 606 sondern
1041 576 1074 606 in
1105 575 1233 616 Kupfer
1267 575 1344 606 oder
1372 574 1522 617 Messing
1551 575 1611 606 mit
1635 574 1842 617 gebflrender
1866 573 1942 606 Zier

128 624 339 665 anzufangen
385 622 453 653 und
497 632 538 653 zu
582 622 762 653 volfuhren.
824 618 946 653 Hierzu
982 622 1174 663 verspreche
1213 632 1247 654 er
1261 645 1270 658 ,
1318 622 1378 653 das
1416 631 1452 653 er
1485 623 1536 654 nit
1570 632 1632 653 nur
1668 621 1720 653 die
1758 621 1940 663 dispositio-

127 681 202 702 nem
229 671 353 702 orbium
378 669 586 710 planetarum
610 670 669 700 mit
694 669 786 700 ihren
813 669 998 710 corporibus
1024 670 1233 711 geometricis
1268 668 1492 710 regularibus,
1526 669 1588 701 wie
1621 679 1656 701 er
1679 669 1844 701 vormalen
1869 677 1940 699 vor-

126 718 252 749 habens
277 721 440 759 gewesst‚
479 717 619 748 sondern
654 715 739 747 auch
764 716 895 748 iiberdis
921 716 972 747 die
1002 721 1112 747 motus
1147 716 1267 752 selbst,
1301 717 1362 747 wie
1389 716 1441 748 die
1465 716 1622 757 planetae
1646 717 1680 747 in
1705 715 1796 748 coelo
1821 715 1940 758 gehen,

129 766 243 796 darein
268 765 406 806 brin'gen
430 764 534 795 wolle.
590 764 691 795 Danu
716 764 868 795 sintemal
895 773 930 795 er
953 763 1113 795 nunmehr
1137 763 1237 805 lange
1259 763 1336 795 Zeit
1358 764 1418 794 mit
1443 764 1537 796 disen
1565 763 1749 795 Gedanken
1772 762 1941 805 mnbgelm

63 807 70 855 g
125 812 193 844 und
217 811 468 850 nachtrachtet,
504 815 602 852 atque
635 811 703 842 dies
729 810 814 842 diem
840 810 979 847 doceat,
1015 820 1050 842 so
1083 820 1160 851 seye
1195 821 1230 842 er
1260 810 1346 842 auch
1370 810 1440 842 auff
1470 810 1585 843 horum
1609 811 1734 842 orbium
1756 814 1864 842 motus
1888 819 1944 842 vor

34 863 39 896 ³.
69 856 74 885 ¹:
129 869 237 901 augen
263 869 304 890 zu
328 858 444 890 stellen
478 857 641 889 bedacht:
681 857 748 889 also
775 858 834 889 das
859 867 894 889 er
918 857 1073 897 verhoflt,
1108 858 1145 889 E.
1171 858 1207 889 F.
1236 859 1276 890 G.
1302 857 1434 890 werden
1459 859 1513 890 ein
1538 858 1673 890 sonders
1697 857 1858 900 gnadiges
1882 866 1940 900 ge-

77 913 85 946 }
128 906 230 938 fallen
257 906 362 937 daran
386 905 505 936 haben.

221 952 359 984 Dieweil
383 953 469 984 denn
495 952 655 994 gnadiger
681 952 778 983 Fiirst
802 950 870 983 und
887 951 971 983 Herr
996 952 1081 983 diess
1107 951 1188 989 alsm
1213 952 1281 984 und
1306 951 1364 983 Ich
1388 952 1475 983 mein
1500 951 1720 994 underthonig
1741 951 1943 983 Bedencken

132 1000 217 1032 auch
242 1000 327 1031 dazu
353 1010 393 1030 zu
418 1000 524 1041 geben
549 999 708 1040 schuldig.
735 999 822 1030 mich
847 999 926 1030 aber
943 999 1000 1031 des
1020 999 1143 1031 wercks
1173 999 1299 1041 anfang
1324 999 1398 1031 dem
1423 998 1598 1041 kiinftigen
1615 1009 1650 1031 so
1667 999 1777 1041 fulgen
1795 999 1866 1035 soll,
1893 999 1943 1030 nit

127 1051 240 1089 gemas
266 1046 444 1083 bediinket‚
474 1046 541 1078 also
560 1047 612 1077 wil
630 1047 667 1077 E.
684 1047 719 1077 F.
737 1047 775 1077 G.
801 1046 854 1077 ich
879 1046 1130 1088 underthiinigst
1154 1057 1196 1078 zu
1220 1046 1391 1078 bedenken
1415 1047 1534 1088 geben,
1561 1056 1596 1077 so
1615 1056 1650 1078 es
1675 1046 1749 1078 dem
1774 1046 1940 1088 gnadigen

128 1094 233 1126 Herm
259 1094 395 1136 gesallig
419 1098 524 1133 ware,
559 1094 599 1125 ob
631 1095 677 1125 sie
702 1093 819 1125 wellen
845 1093 947 1124 durch
977 1093 1143 1135 gnadigen
1169 1093 1313 1125 Bevelch
1337 1104 1398 1124 von
1423 1095 1488 1124 ime
1513 1093 1560 1124 M.
1586 1093 1731 1134 Keplero
1757 1102 1799 1124 zu
1821 1094 1940 1124 wissen

127 1142 289 1183 begeren,
323 1150 390 1172 was
415 1140 483 1172 und
507 1141 567 1171 wie
594 1150 629 1172 er
654 1141 712 1172 das
738 1140 859 1172 Werck
883 1139 976 1172 recht
1002 1140 1232 1172 auszurichten
1258 1141 1454 1179 vorhabens‚
1491 1139 1577 1172 auch
1601 1149 1669 1172 was
1699 1149 1735 1172 er
1758 1140 1811 1172 fiir
1835 1143 1943 1172 motus

127 1189 241 1220 darein
268 1198 309 1219 zu
333 1187 471 1229 bringen
497 1189 651 1229 gesinnet
675 1197 770 1219 were.
823 1187 886 1219 Mir
920 1188 1059 1219 zweiflet
1090 1188 1201 1225 nicht,
1235 1188 1317 1220 solte
1349 1188 1397 1219 dis
1428 1187 1517 1219 werk
1546 1188 1591 1219 im
1615 1186 1663 1220 M.
1687 1183 1835 1228 Keplero
1858 1186 1944 1219 noch

127 1237 179 1267 ein
203 1235 270 1267 mal
294 1245 336 1266 zu
361 1236 501 1276 eigenen
525 1234 670 1266 Handen
695 1235 858 1270 kommen,
885 1245 920 1266 er
944 1235 1055 1266 wiirde
1081 1236 1134 1266 ein
1159 1235 1292 1266 sonders
1318 1234 1457 1267 Maister
1480 1235 1549 1266 und
1572 1234 1783 1267 Kunststiiek
1806 1234 1942 1267 sumeb-

126 1292 221 1319 men‚
259 1281 398 1314 welches
436 1282 499 1322 bey
530 1282 597 1313 und
630 1283 736 1314 neben
769 1282 893 1314 andern
920 1282 1174 1314 Kunststiicken
1206 1283 1267 1314 wol
1297 1283 1368 1314 sein
1405 1286 1455 1314 ort
1478 1282 1547 1314 und
1569 1282 1659 1323 platz
1684 1282 1767 1314 solte
1792 1281 1943 1314 erhalten

127 1330 269 1361 konnen.
310 1329 443 1361 Solches
461 1329 622 1371 gnadiger
639 1330 663 1360 F
666 1332 736 1360 iirst
753 1329 820 1361 und
837 1329 922 1361 Heri·
938 1329 1003 1361 hab
1029 1329 1082 1361 ich
1099 1329 1320 1372 underthonig
1346 1339 1388 1361 zu
1412 1328 1586 1362 bedenken
1610 1329 1718 1372 geben
1742 1329 1856 1366 soflen,
1883 1326 1944 1361 dte.

220 1377 294 1408 Act.
323 1376 405 1407 Tiib.
435 1374 489 1408 22.
517 1376 612 1408 Febr.
641 1374 743 1408 1598.
777 1374 779 1376 ’
922 1384 924 1386 ’

218 1458 310 1490 Idem
336 1457 366 1489 d.
395 1456 449 1488 27.
477 1458 553 1498 Apr.
581 1455 629 1497 (7.
657 1456 755 1498 Maj.)
785 1455 876 1489 1597
901 1457 964 1490 hac
991 1458 1031 1490 de
1057 1468 1091 1490 re
1117 1458 1261 1500 Keplero
1287 1460 1485 1500 scripserat:

222 1516 336 1557 Nuper
363 1516 588 1558 Stutgardiam
614 1522 749 1548 vocatus
783 1526 854 1548 sum
886 1521 1015 1557 propter
1049 1521 1142 1548 tuum
1167 1527 1246 1558 opus
1272 1519 1536 1550 astronomicum.
1587 1517 1763 1551 Auriraber
1783 1517 1820 1550 in
1845 1526 1942 1558 opere

130 1574 188 1595 suo
211 1573 346 1605 pergere
372 1573 436 1594 nou
461 1564 576 1604 potuit.
631 1563 712 1595 Cum
737 1564 901 1600 venirem,
927 1565 1056 1596 invenio
1082 1564 1213 1605 globum
1238 1565 1384 1597 nondum
1408 1565 1504 1606 plene
1530 1574 1603 1597 esse
1628 1564 1816 1602 coelatum3
1842 1563 1940 1596 infor-

130 1611 309 1642 mationem
333 1611 432 1652 igitur
456 1611 684 1642 nonnullarum
710 1611 876 1642 stellarum
904 1611 954 1642 vel
978 1611 1159 1652 imaginum
1178 1612 1325 1652 petebat.
1366 1611 1456 1653 Opus
1473 1612 1559 1654 quod
1575 1612 1761 1644 absolutum
1778 1615 1840 1650 est,
1865 1610 1942 1643 mihi

130 1658 260 1699 placet,
299 1658 383 1689 sicut
418 1658 559 1694 et'tibi;
599 1658 715 1689 stellae
746 1668 812 1689 non
846 1658 1017 1699 eleganter
1050 1658 1238 1699 exsculptae
1273 1664 1360 1691 sunt.
1411 1659 1543 1691 Contuli
1575 1668 1651 1692 cum
1673 1659 1816 1691 Domino
1847 1657 1943 1690 Luca

133 1705 306 1741 Osiandro‚
332 1706 385 1746 qui
403 1714 499 1745 opere
516 1706 616 1736 veteri
634 1705 800 1737 destructo
817 1705 895 1736 illud
914 1706 953 1737 de
972 1715 1052 1736 novo
1070 1715 1141 1736 esse
1166 1706 1386 1746 incipiendum
1406 1707 1547 1747 judicat,
1573 1707 1766 1747 praesertim
1790 1715 1866 1738 cum
1890 1704 1941 1737 111.

133 1753 288 1793 Princeps
312 1752 391 1783 illud
414 1753 500 1783 inter
530 1762 591 1784 sua
621 1753 744 1784 rariora
775 1752 962 1783 artificialia
986 1762 1142 1793 reponere
1178 1746 1359 1790 desideret,
1398 1754 1584 1795 multosque
1617 1758 1745 1786 sumtus
1782 1753 1938 1795 requirat.

135 1800 305 1831 Aurifaber
331 1800 485 1830 aestimat
509 1799 580 1830 illos
609 1798 698 1830 1000
723 1799 863 1830 florenis.

223 1847 345 1878 Postea
371 1847 400 1877 d.
431 1845 484 1877 11.
504 1845 560 1877 21.
578 1846 644 1878 Jul.
671 1848 788 1878 iterum
813 1847 924 1878 scribit
948 1846 1162 1878 Maestlinus:
1203 1847 1255 1879 De
1281 1857 1377 1888 opere
1402 1851 1459 1879 tuo
1483 1847 1590 1879 multa
1612 1847 1727 1891 lubens
1753 1847 1939 1879 scriberem.

133 1894 254 1925 Laetor
279 1894 488 1925 vehementer
512 1898 570 1925 tua
595 1894 845 1931 informatione;
881 1893 1038 1925 confiteor
1063 1894 1148 1925 enim
1174 1904 1283 1926 meam
1308 1895 1494 1926 infantiam.
1543 1893 1664 1926 Nescio
1688 1904 1839 1936 prorsus,
1862 1892 1940 1936 buo-

130 1941 224 1972 modo
251 1941 431 1981 adaptandi
456 1941 521 1971 sint
546 1942 720 1972 exteriores
745 1941 886 1972 maxime
912 1941 1034 1972 circuli.
1086 1941 1207 1973 Globus
1229 1943 1300 1981 jam
1325 1942 1368 1973 ad
1393 1951 1510 1973 manus
1536 1945 1587 1974 est
1601 1943 1619 1978 ‚⁴
1636 1945 1670 1973 et
1695 1941 1861 1974 aurifaber
1884 1940 1940 1974 de-

130 1988 253 2019 siderat
278 1988 558 2029 consignationem
584 1988 751 2019 stellarum
775 1988 881 2019 minus
906 1992 996 2019 recte
1023 1987 1273 2020 delineatamm.
1324 1989 1411 2020 Ecce
1438 1998 1476 2020 eo
1501 1998 1554 2020 res
1578 1988 1740 2030 perducta
1760 1991 1833 2027 est,
1858 1987 1891 2020 h.
1911 1997 1940 2020 e.

130 2035 257 2079 videtur
278 2036 348 2075 jam
374 2035 504 2066 cuidam
528 2036 684 2075 principio
715 2036 865 2076 principii
896 2035 1019 2066 similis.
1068 2035 1139 2076 Ego
1173 2035 1384 2067 vehementer
1414 2035 1529 2067 dubius
1563 2045 1655 2072 sum,
1691 2035 1942 2067 dissolvendane

129 2078 312 2114 machina?
338 2085 374 2113 at
397 2086 507 2113 metuo
530 2081 744 2114 offensionem
759 2082 923 2122 principis,
948 2085 1080 2123 propter
1097 2087 1222 2114 sumtus
1244 2085 1316 2123 jam
1333 2083 1459 2119 factos3
1486 2091 1529 2114 an
1547 2083 1581 2114 in
1599 2091 1697 2124 opere
1712 2081 1941 2125 pergendum?

132 2131 178 2161 At
201 2133 329 2166 metuo,
366 2138 408 2160 ne
441 2130 671 2160 consecutione
703 2129 775 2160 finis
806 2129 980 2161 frustreris.
1032 2128 1127 2168 Quod
1157 2130 1185 2161 si
1218 2129 1266 2161 Ill.
1293 2130 1448 2171 Princeps
1473 2139 1549 2161 eam
1570 2130 1721 2171 pretiosis
1745 2131 1812 2161 suis
1837 2129 1940 2162 artifi-

133 2176 268 2209 cialibus
295 2185 510 2207 annumerare
536 2175 688 2212 voluerit,
724 2177 894 2212 convenit,
928 2180 966 2208 ut
996 2177 1039 2207 sit
1073 2186 1152 2217 opus
1179 2186 1278 2218 opera
1303 2181 1337 2208 et
1361 2181 1471 2208 sumtu
1496 2176 1642 2219 dignum.
1690 2178 1737 2209 At
1760 2177 1816 2221 qni
1837 2177 1941 2219 primo

132 2224 361 2262 intuebuntur,
401 2223 507 2264 ignari
533 2224 652 2254 interni
684 2223 833 2260 artificii,
869 2223 1075 2255 offendentur
1099 2224 1188 2255 haud
1214 2224 1309 2255 dubio
1335 2227 1472 2256 externa
1495 2224 1567 2256 rudi
1591 2223 1770 2266 sculptura.
1818 2222 1942 2256 Verum

131 2281 191 2313 ego
218 2281 291 2302 cum
316 2270 358 2302 D.
386 2270 556 2302 Directore
581 2270 623 2301 D.
649 2271 894 2313 Eisengreinio‚
921 2271 980 2302 tibi
1007 2271 1127 2311 optime
1154 2272 1318 2312 cupiente,
1345 2275 1378 2303 et
1402 2271 1480 2303 DD.
1509 2270 1690 2308 Osiandris,
1715 2271 1763 2303 M.
1789 2271 1885 2304 Luca
1908 2275 1943 2303 et

131 2318 175 2349 D.
202 2318 336 2349 Andrea
362 2317 539 2355 conferam,
565 2322 657 2349 tuum
687 2319 787 2350 etiam
819 2318 999 2355 consilium,
1024 2318 1104 2349 licet
1129 2318 1285 2355 absentis,
1312 2322 1462 2350 attamen
1485 2328 1544 2360 per
1568 2319 1681 2351 literas
1706 2315 1884 2351 exhibitum
1907 2318 1942 2350 in

132 2365 495 2406 mediumproponam,
525 2370 719 2407 nostrasque
745 2366 962 2408 cogitationes
988 2365 1201 2397 conferemus.
1251 2365 1338 2405 Quid
1362 2366 1507 2398 futurum
1530 2366 1588 2404 sit,
1623 2360 1746 2398 faciam
1769 2369 1807 2398 ut
1829 2365 1940 2403 sciam

135 2417 170 2444 at
194 2413 248 2444 ubi
272 2412 344 2452 plus
371 2413 428 2443 otii
452 2411 608 2450 habuero,
631 2414 701 2453 Jam
727 2413 814 2445 enim
838 2417 969 2454 propter
993 2422 1182 2453 responsum
1199 2423 1308 2445 meum
1324 2413 1436 2445 multis
1459 2413 1564 2446 modis
1589 2413 1631 2445 ab
1657 2412 1729 2444 aliis
1754 2411 1940 2454 occupatio·
1980 2434 1982 2444 .

132 2460 226 2491 nibus
253 2459 433 2491 abstrahor.
1864 2460 1867 2461 ⁷
1980 2464 1982 2501 j

229 2506 360 2538 Lucas
394 2505 623 2547 Osiander,
659 2517 755 2548 quem
791 2506 844 2539 hic
880 2511 913 2538 et
943 2516 1041 2548 supra
1072 2507 1151 2540 dicit
1173 2507 1391 2544 Maestlinus,
1427 2506 1543 2539 eodem
1577 2516 1638 2549 quo
1663 2505 1828 2548 Keplerus
1853 2514 1942 2537 anno
1980 2529 1982 2548 ,

133 2552 262 2593 (1571,
288 2551 319 2584 6.
346 2551 446 2594 Maj.)
479 2558 576 2585 natus
592 2577 602 2594 ,
634 2555 721 2587 inter
745 2554 874 2586 sodales
898 2555 999 2595 ipsius
1024 2555 1245 2587 numerandus
1271 2559 1339 2591 est,
1378 2563 1576 2596 quamquam
1605 2563 1673 2585 non
1691 2560 1772 2585 'cum
1795 2552 1850 2584 illo
1876 2553 1945 2595 egit
1978 2549 1982 2586 ἐ

132 2611 189 2641 per
213 2602 335 2633 literas.
387 2601 487 2632 Filius
519 2608 570 2633 est
594 2601 707 2634 Lucae
734 2605 767 2633 et
791 2611 892 2642 nepos
917 2601 1072 2634 Andreae
1098 2599 1268 2639 Osiandri‚
1302 2602 1527 2644 theologorum
1551 2601 1636 2632 illius
1660 2601 1814 2642 temporis
1837 2599 1940 2632 notis-
1978 2605 1982 2623 ε’

133 2649 304 2685 simorum,
331 2649 400 2689 ipse
426 2658 571 2689 quoque,
605 2649 690 2680 sicut
715 2650 816 2681 frater
841 2653 924 2680 natu
944 2650 1052 2689 major
1076 2650 1280 2682 Andreas
1307 2647 1393 2688 (nat.
1421 2646 1542 2687 1562),
1568 2647 1799 2681 ecclesiasticis
1822 2646 1940 2690 funge-

133 2696 228 2726 batur
252 2695 450 2732 muneribus,
476 2696 530 2727 ille
555 2700 625 2727 turn
650 2697 803 2737 temporis
828 2702 939 2737 pastor
957 2696 1268 2740 Schwiebertingae,
1291 2696 1345 2728 hic
1362 2696 1574 2728 concionator
1591 2695 1689 2727 aulae
1709 2693 1958 2737 stuttgartiae.¹

133 2742 275 2784 Uterque
303 2742 490 2774 cancellarii
514 2753 649 2775 munere
679 2744 901 2775 universitatis
926 2743 1143 2786 Tubingensis
1177 2747 1350 2785 suscepte,
1385 2743 1536 2775 Andreas
1568 2751 1654 2775 anno
1682 2738 1795 2782 1605,
1829 2741 1942 2773 Lucas

138 2786 246 2824 1620,
274 2790 358 2821 diem
384 2789 463 2821 obiit
485 2790 540 2822 ine
569 2788 679 2828 1617,
705 2791 758 2822 hic
786 2788 887 2822 1638.
1972 2788 1974 2790 ’

228 2893 451 2934 Keplerus
476 2895 520 2926 ad
543 2895 656 2927 literas
681 2896 850 2928 Maestlini
874 2897 1068 2937 posteriores
1092 2896 1175 2928 haec
1199 2895 1366 2936 respondit
1391 2892 1438 2934 (d.
1466 2895 1591 2934 Gratia,
1618 2893 1710 2936 Sept.
1738 2890 1868 2933 1597):

251 2962 358 3009 Quid
390 2965 437 3004 de
469 2964 618 3005 infelici
649 2966 717 3006 illo
745 2979 863 3018 opere
897 2972 1107 3019 argenteo,
1140 2966 1215 3006 hoc
1247 2971 1311 3005 est
1341 2965 1390 3003 de
1416 2977 1477 3004 me
1503 2964 1616 3016 ipso,
1648 2969 1847 3005 statutum
1869 2963 1964 3012 sit‚5'

137 3021 253 3061 anxie
296 3029 462 3074 expecto
508 3025 658 3063 audire.
722 3026 866 3065 Adhuc
906 3025 943 3065 in
970 3039 1062 3066 eam
1097 3025 1242 3065 inclino
1280 3023 1539 3071 sententiam,
1582 3028 1626 3063 ut
1651 3026 1722 3063 aut
1756 3022 1937 3075 ‘sphaera

134 3080 206 3118 fiat
239 3082 470 3133 „antiquum
502 3083 667 3122 confusa
699 3084 869 3132 chaos‚“
905 3090 946 3124 et
977 3085 1083 3124 omni
1115 3088 1261 3123 conatu
1292 3082 1478 3123 ulteriore
1506 3082 1834 3133 supersedeatur3
1866 3078 1959 3139 aut}

134 3144 359 3191 argentum,
395 3140 498 3193 quod
523 3140 610 3192 jam
642 3148 848 3193 erogatum
880 3147 961 3191 est,
997 3147 1186 3195 quantum
1212 3141 1370 3195 quidem
1401 3141 1485 3194 ejus
1516 3140 1558 3180 in
1582 3153 1718 3181 massa
1737 3140 1945 3193 superest.
