2028 3242
782 7 824 39 «ιο
846 8 944 39 rebus
969 7 1181 50 antelogium
1803 4 1889 48 343

84 111 403 165 inanum-*21
432 119 476 154 et
503 116 551 159 Δ
571 111 599 163 ij
629 113 683 162 Ql.
745 113 869 162 Puto,
917 114 1020 166 quod
1058 115 1086 164 ζῇ
1124 118 1344 164 occupatur
1379 113 1418 164 in
1451 113 1505 163 ῼ,
1542 113 1635 153 hinc
1672 111 1888 164 significari

83 172 376 215 wem
406 173 664 212 consiliorum
701 179 744 212 et
774 172 1102 224 imaginationum
1138 177 1181 211 et
1212 161 1417 212 mollitiem
1455 184 1607 213 earum.
1668 172 1775 212 Nam
1804 171 1888 212 dif-

87 231 265 279 funderis
300 231 342 274 10
382 230 673 282 cogitationes:
715 232 845 279 000ος
888 230 1100 271 dummodo
1138 236 1182 269 et
1212 230 1477 270 discerneres.
1538 231 1605 271 Au
1645 231 1720 270 hoc
1758 231 1889 280 magis

84 303 135 330 ex
164 288 319 337 Δό)
353 289 640 336 deducendum,
671 289 738 343 qui
758 262 855 330 mih’i
879 289 1097 330 communis
1115 295 1261 335 tecum,
1294 295 1339 328 ut.
1369 295 1412 329 et
1441 290 1672 330 multitudo.
1724 290 1780 331 Ut
1814 289 1889 329 tibi

83 349 290 390 absolvam
313 361 444 389 meum
469 349 666 401 dirigendi
696 349 874 397 modum,
907 348 967 388 sic
985 359 1133 411 pergo:
1164 353 1357 401 quantum
1377 346 1449 388 Sol
1480 348 1527 388 iit
1555 348 1697 388 diebus
1717 346 1775 390 40
1795 349 1888 400 (pro

84 407 202 465 annis
231 404 324 458 40),
350 408 583 449 tantundem
616 410 658 447 et
674 407 833 448 Lunam
850 418 1055 461 promove.
1104 402 1211 448 Nam
1231 406 1342 446 solus
1361 406 1511 447 Terrae
1530 411 1662 447 motus
1682 407 1888 460 significa-

85 458 195 509 tores
218 463 383 520 ᾶῖιὶεῐις
421 471 466 514 at
495 464 530 506 si
556 465 671 509 Luna
700 479 746 506 se
785 466 876 518 ipsa
905 478 984 506 non
1014 465 1256 514 circumiret,
1300 477 1459 518 semper
1494 465 1533 506 in
1563 466 1703 506 eadem
1735 479 1761 506 a
1791 465 1889 506 Sole

83 524 278 567 distantia
300 530 515 574 maneret,
524 524 813 578 vehereturqne
844 524 882 564 in
915 523 1023 565 Solis
1055 524 1182 577 ipsius
1213 524 1423 565 celeritate
1442 536 1515 576 per
1535 524 1763 574 zodiacum,
1795 524 1891 577 quia

84 597 238 626 annuns
255 583 404 625 'Terrae
434 588 566 624 motus
597 583 817 624 communis
849 589 914 623 est
946 583 1030 625 orbi
1050 583 1188 624 Lunae
1219 595 1309 623 cum
1329 583 1467 623 Terra.
1529 583 1609 623 Pro
1627 583 1888 623 Ascendente

89 648 132 685 et
151 641 298 693 Medio
315 641 431 687 Coeli
461 641 541 683 sic:
586 643 639 683 ad
670 643 945 683 ascensionem
976 647 1126 683 rectam
1161 641 1271 682 Solis
1304 642 1368 682 die
1401 640 1459 682 40
1479 643 1571 694 (pro
1603 642 1719 682 annis
1752 639 1831 689 40)
1865 655 1889 680 a

83 698 296 755 nativitate
327 701 430 743 adde
460 702 582 742 horas
613 701 836 750 natalitias,
869 708 915 741 ut
938 701 1026 754 jam
1057 701 1177 742 horas
1204 698 1254 742 5:
1288 700 1450 742 babes
1440 714 1478 741 ιιι
1511 701 1650 742 tabula
1683 701 1889 741 domorum

83 761 140 803 M.
166 756 217 805 G.
248 767 290 803 et
319 761 438 809 Asc„
471 761 524 800 ad
555 774 657 814 quae
688 761 918 801 natalitium
948 761 1004 800 Μ.
1038 758 1086 801 C.
1120 766 1164 800 et.
1192 760 1432 800 Ascendens
1464 766 1745 812 pervenerunt.

175 818 433 853 Fabricius·
458 818 577 858 crece,
601 829 786 861 corpora
809 824 1076 852 cometarum
1099 822 1136 851 et
1157 828 1316 851 novarum
1331 818 1501 851 stellarum
1525 819 1568 852 ab
1592 819 1686 851 initio
1712 818 1827 851 mundi
1851 819 1887 850 in

82 865 217 900 antu-n
240 868 402 903 «nim,
436 867 497 899 sed
521 867 645 907 ahaua
668 867 803 903 lumine,
828 867 891 898 uisi
914 871 1078 908 quatenus
1109 866 1256 907 specim
1287 875 1347 907 per
1372 870 1481 899 certos
1512 865 1724 908 planetarum
1746 867 1886 908 positus,

82 914 133 947 101
155 914 345 947 mediate
369 923 392 947 a
415 913 489 946 Deo
514 914 557 946 ad
581 914 833 957 significandam
856 924 926 945 rem
949 913 1094 956 aliquam
1116 913 1357 946 illuminantur.

199 961 475 1014 Keplerns:
507 960 623 1008 Quae
652 967 699 1001 tn
731 962 780 1000 de
811 961 1044 1013 corporibus
1075 961 1282 1001 cometicis
1307 973 1464 1007 censes,
1483 961 1602 1002 ,haud
1634 961 1755 1001 facile
1786 972 1887 1012 pos-

82 1024 177 1060 sunt
203 1018 372 1061 refutari
402 1018 603 1073 ἕηεχιως,
647 1019 758 1060 dicta
796 1032 967 1072 namque
1007 1026 1101 1059 sunt.
1131 1018 1323 1072 ἀτεχνως,
1370 1019 1422 1058 ab
1463 1032 1530 1067 eo,
1580 1019 1645 1072 qui
1677 1033 1745 1069 vm
1773 1021 1890 1059 Oeen

84 1081 300 1147 φήαην.
340 1079 429 1119 Hoc
454 1079 582 1120 solum
613 1079 745 1120 dicere
776 1091 959 1132 possum:
1008 1078 1042 1117 si
1081 1090 1251 1131 corpora
1277 1083 1417 1118 essent
1454 1091 1580 1131 aeque
1619 1091 1761 1118 crassa
1792 1084 1887 1118 ante

84 1144 126 1178 et
155 1137 195 1180 10
226 1137 392 1186 visione,
425 1137 744 1178 illuminarentur
775 1151 800 1178 a
831 1136 940 1178 Sole.
1005 1136 1225 1189 Oporteret
1257 1137 1391 1190 itaque
1423 1137 1580 1182 dicere,
1619 1150 1698 1177 non
1730 1142 1887 1177 tantum

83 1192 308 1247 illuminari,
340 1204 386 1236 ut
418 1197 642 1246 videantur,
675 1197 744 1237 sed
779 1197 903 1236 etiam
924 1195 1122 1236 subtiliari
1148 1202 1304 1248 postea,
1340 1209 1388 1235 ne
1410 1196 1643 1244 videantur3
1675 1196 1886 1236 illustran—

82 1261 149 1296 ‘¹11’
175 1253 597 1353 gziffiissiusglessuanta
627 1318 678 1346 est
702 1314 848 1345 maxima
872 1312 1014 1346 latitudo
1037 1311 1238 1345 Mercurii
1272 1321 1293 1345 a
1316 1312 1472 1353 Tychone
1497 1314 1672 1347 observata
1708 1318 1743 1346 et
1766 1321 1830 1355 qno
1854 1314 1890 1344 in

81 1360 180 1393 loco!
228 1360 297 1394 Gur
318 1361 466 1394 Cicero
489 1362 581 1393 illum
604 1365 757 1394 sanctam
780 1361 912 1393 'tellam'
934 1359 1056 1392 vocat?

196 1407 468 1460 Keplerus:
517 1409 578 1448 De
623 1408 694 1448 illa
737 1407 912 1448 scribere
956 1406 1012 1447 011
1055 1419 1240 1459 possum;
1286 1407 1399 1446 limes
1432 1407 1590 1460 quidem
1630 1408 1774 1448 boreus
1818 1419 1889 1458 per

83 1467 229 1509 lineam
258 1479 310 1507 ex
340 1466 435 1508 Sole
467 1468 637 1520 ejectam
669 1466 827 1507 videtur
850 1467 890 1507 in
922 1466 1091 1506 confinio
1124 1476 1165 1508 ee
1200 1471 1242 1505 et
1266 1468 1318 1514 εἰ,
1358 1467 1461 1506 unde
1495 1467 1566 1506 lat.
1604 1467 1781 1507 maxima
1811 1466 1887 1506 bo-

82 1525 273 1579 10011οἢ10
306 1526 382 1566 1100
411 1529 477 1578 ,6,
510 1527 691 1567 austrina
721 1527 760 1566 in
790 1526 867 1566 fine
900 1535 943 1569 {a
976 1525 1280 1577 apparentibus.

200 1582 283 1629 Cur
310 1586 489 1627 sanctior
518 1585 708 1626 Mercurii
738 1585 872 1633 stella,
906 1598 1024 1637 quam
1055 1583 1187 1632 Jovia‚
1222 1583 1371 1624 nescio.
1435 1583 1530 1623 Vox
1561 1589 1707 1624 sancta
1738 1583 1777 1623 in
1810 1581 1884 1623 Ci-

81 1655 223 1684 oemue
252 1644 359 1684 solet
389 1645 534 1696 opponi
565 1644 783 1696 rapacitati
815 1650 856 1683 et
888 1643 1111 1695 sacrilegiis
1151 1650 1191 1683 et
1229 1642 1619 1695 depeculationibus‚
1667 1647 1710 1682 et
1739 1642 1779 1682 in
1810 1654 1887 1694 ge-

65 1699 175 1742 'iiere
215 1703 528 1757 appetitionibus
572 1704 812 1750 alienorum,
845 1703 968 1742 etiam
1011 1702 1234 1754 conjugum.
1296 1703 1361 1741 An
1406 1702 1529 1754 igitur
1572 1707 1737 1750 sancta,
1782 1701 1887 1753 quod

82 1761 314 1814 parcissime
346 1768 540 1814 evagetur
570 1777 594 1801 a
627 1761 756 1802 Sole?

175 1819 425 1859 Fabricius:
462 1821 515 1853 De
550 1826 642 1852 statu
665 1819 1041 1861 Tychouianorum
1074 1820 1144 1860 jam
1179 1819 1301 1851 dudum
1336 1819 1415 1850 nihil
1446 1819 1572 1857 habeo,
1611 1827 1675 1850 000
1708 1819 1809 1850 etiam
1846 1818 1888 1850 de

82 1864 406 1956 ξῒέῧεῖιιήῖἑιὲ)
431 1874 552 1900 nostro.
605 1867 709 1900 Credo
730 1866 876 1899 Martem
899 1865 978 1898 mihi
1002 1876 1060 1897 vos
1085 1875 1198 1898 omnes
1222 1867 1358 1898 infestos
1375 1866 1528 1902 reddam
1554 1867 1605 1923 ita
1627 1874 1710 1898 sane
1735 1870 1888 1907 apparet,

197 1961 463 2013 Keplerus:
507 1961 720 2003 Silentium
757 1967 937 2000 nostrum
972 1960 1181 2000 directioni
1214 1959 1322 2000 Solis
1360 1961 1409 2000 ad
1449 1973 1594 2012 corpus
1627 1959 1775 2000 Martis
1808 1959 1884 1999 tri-

82 2018 184 2067 buis,
216 2021 330 2072 qnasi
362 2021 398 2060 is
428 2034 499 2061 nos
530 2021 605 2061 tibi
635 2021 778 2061 reddat
809 2021 1000 2060 infensos.
1062 2019 1152 2059 Hoc
1185 2031 1280 2070 ergo
1306 2019 1371 2059 vel
1402 2020 1490 2059 solo
1522 2031 1732 2070 03000000,
1773 2025 1814 2058 te
1845 2019 1883 2058 in

83 2089 215 2118 errore
245 2080 396 2119 versari
428 2081 535 2120 circa
565 2080 823 2119 directionem
857 2079 980 2124 hanc,
1014 2078 1118 2129 quod
1151 2078 1295 2118 falsum
1326 2085 1403 2118 est.
1466 2078 1541 2118 Tui
1573 2078 1677 2118 enirn
1707 2077 1884 2130 quotidie

84 2136 167 2175 fere
197 2136 438 2177 mentionem
469 2138 650 2178 facimus.
712 2139 773 2177 De
806 2143 915 2176 statu
945 2137 1259 2189 Tycbonicorum
1290 2143 1477 2177 constare
1509 2137 1605 2176 mihi
1637 2149 1714 2175 000
1734 2142 1883 2188 potest,
1942 2165 1946 2167 μ

83 2207 175 2245 qma
211 2207 273 2234 me
304 2196 574 2248 Tengnaglius
606 2209 784 2235 summm
789 2204 843 2235 et.
885 2201 1014 2243 (Pergit
1034 2203 1105 2241 jam
1121 2202 1285 2242 Keplerns
1309 2212 1486 2234 recensens
1510 2211 1629 2233 causas
1646 2201 1884 2233 dissensionum

80 2254 166 2284 inter
187 2253 293 2295 ipsum
317 2258 352 2286 ot
375 2254 540 2295 Tychouis
563 2254 743 2290 haeredes,
775 2255 970 2295 praesertim
995 2254 1277 2296 Teuguagelium.
1304 2255 1467 2295 Tychonis
1502 2264 1681 2297 generum,
1717 2254 1781 2285 alio
1814 2253 1885 2285 loco

4 2310 9 2315 ·
81 2299 339 2342 proponendas.)

63 2384 66 2387 .
174 2359 415 2392 Fabricius:
451 2359 575 2391 Latent
598 2359 744 2391 Bassse
755 2369 800 2391 ae
826 2359 869 2390 ad
896 2359 999 2390 civem
1023 2358 1097 2390 Jac.
1125 2357 1298 2390 Curionem
1324 2357 1418 2390 4——5
1443 2360 1675 2400 quaterniones
1706 2360 1753 2390 rei
1778 2363 1882 2390 astro-

79 2405 207 2449 logicae
230 2408 334 2438 mirae
358 2407 560 2447 plenissimi,
599 2408 691 2446 eujus
719 2407 819 2438 frater
856 2406 934 2437 mihi
968 2405 1061 2437 dedit
1086 2415 1144 2442 ea,
1178 2406 1205 2436 si
1229 2406 1325 2437 modo
1350 2406 1543 2437 tabellarius
1570 2410 1658 2437 esset
1683 2405 1882 2438 commodus.

80 2452 170 2533 {ir}
170 2453 253 2533 ι181111ὶέ
256 2455 407 2533 gemat
441 2454 522 2486 nulli
547 2454 627 2484 visa.
677 2453 811 2492 Quaeso
835 2453 914 2484 mihi
941 2453 1023 2484 certi
1048 2452 1126 2494 qnid
1149 2454 1331 2494 perscribas
1357 2453 1398 2485 de
1421 2453 1605 2485 tabellariis
1628 2453 1715 2484 inter
1738 2452 1883 2495 Ptagam

198 2560 469 2612 Keplerus:
503 2559 705 2599 Basileam
736 2558 827 2598 hinc
858 2559 954 2623 nulli
987 2563 1201 2598 excurrunt
1220 2557 1437 2606 tabellarii,
1473 2558 1566 2610 quia
1598 2570 1676 2598 non
1704 2563 1767 2598 est
1783 2570 1882 2611 pro-

82 2619 214 2660 vincia
242 2618 410 2670 imperii.

175 2689 418 2722 Fabricius:
456 2689 581 2729 Accepi
605 2688 760 2728 scriptum
788 2683 1033 2726 (horoscopum)
1063 2690 1154 2717 tuum
1180 2686 1222 2718 de
1246 2685 1522 2718 cancellario
1552 2690 1663 2717 nostro
1696 2687 1778 2718 satis
1800 2687 1882 2719 libe·

82 2746 172 2775 m;
196 2737 336 2768 mirum
362 2735 552 2771 candorem,
577 2740 621 2773 et,
648 2740 686 2766 nt
709 2735 743 2765 in
768 2734 927 2769 omnibus,
952 2735 1176 2774 perspicacem
1200 2734 1325 2774 ingenii
1349 2734 1423 2764 vim.
1473 2732 1525 2764 Tu
1548 2733 1642 2774 plura
1657 2734 1759 2770 vides,
1783 2743 1883 2775 quam

86 2793 150 2826 ugo
172 2794 214 2816 ex
237 2783 429 2825 quotidiana
467 2783 569 2823 ipsius
596 2782 842 2814 conversatione
866 2780 1001 2812 odorare
1033 2781 1134 2821 potui.
1185 2780 1309 2811 Locum
1334 2779 1367 2818 ὅ
1394 2781 1427 2811 iu
1453 2778 1499 2810 2⁴·
1523 2779 1553 2816 ὅ
1578 2781 1685 2821 ponis,
1724 2781 1880 2817 eumiat.

82 2835 166 2872 sept.
189 2829 239 2870 (ἲ)
262 2835 376 2862 tamen
400 2830 504 2861 nodus
529 2829 669 2861 evehens
694 2829 728 2859 in
756 2826 824 2858 17⁰
843 2827 877 2864 Ε
904 2828 959 2862 sit,
1009 2828 1061 2858 An
1086 2837 1126 2858 ex
1150 2828 1313 2867 proposito
1338 2827 1466 2858 factum
1491 2827 1540 2858 vel
1565 2837 1683 2866 errore,
1708 2838 1775 2860 non
1790 2829 1880 2865 scio;

83 2883 161 2918 puto
184 2882 219 2910 te
242 2878 326 2910 forte
350 2888 391 2909 ex
415 2876 587 2917 Copernici
610 2876 730 2908 tabulis
755 2875 862 2906 locum
889 2874 1069 2915 collegisse.
1122 2873 1158 2906 Si
1183 2883 1271 2905 anuo
1297 2874 1419 2906 aetatis
1443 2872 1500 2904 22.
1525 2874 1739 2907 directionem
1763 2885 1879 2910 ascen—

8 2928 13 2931 '
83 2924 190 2957 dentis
214 2925 258 2957 ad
282 2924 391 2956 Solem
414 2924 560 2956 morbum
585 2924 706 2958 attulit.
733 2922 809 2963 quid
835 2921 916 2952 facit
944 2919 985 2959 Θ
1013 2921 1056 2952 ad
1082 2920 1115 2959 (ς
1143 2925 1178 2952 et
1202 2921 1222 2956 11
1243 2923 1342 2961 juxta
1366 2921 1603 2962 aequatorem?

147 2981 151 2985 “
201 2983 466 3035 Keplerus:
501 2984 543 3022 ln
565 2982 616 3021 D.
638 2980 833 3021 Francii
865 2980 1004 3031 genesi
1036 2980 1136 3019 bene
1171 2979 1294 3019 habet
1325 2980 1434 3019 locus
1466 2985 1512 3025 0*-
1573 2980 1680 3020 Nam
1708 2980 1786 3021 etsi
1817 2988 1880 3021 est
