1982 3268
119 119 176 163 68
909 122 1125 155 Prooemium.

121 231 362 280 potenusam
395 226 480 266 sive
514 227 620 267 latus
654 227 790 268 decem
822 229 966 280 pedum
998 228 1036 268 in
1081 227 1302 280 particulas
1347 227 1531 268 minimas
1570 226 1706 276 divisi,
1750 226 1936 280 pinnulas

117 285 234 326 alteri
265 286 437 326 laterum
470 286 578 326 circa
609 292 761 326 rectum
794 287 917 327 affixi.
982 287 1238 339 Triangulum
1282 287 1412 339 ipsum
1452 285 1562 326 nulla
1591 287 1773 327 trochlea
1805 285 1935 326 stabi·
1972 340 1975 342 Ι

117 345 200 392 livi,
234 345 305 384 sed
338 345 462 384 libere
496 358 520 384 a
552 345 644 385 fune
675 346 848 398 pendere
880 346 1066 398 permisi,
1111 347 1302 398 appensis
1342 346 1432 385 hinc
1471 345 1561 385 inde
1593 345 1851 397 pondusculis
1884 344 1936 384 li-'-

115 403 230 443 bravi
261 403 474 456 tantisper,
511 404 602 444 dum
634 405 755 444 stella
785 405 972 456 pinnulae
1006 405 1202 445 foramina
1227 405 1515 457 ingrederetur.
1579 403 1718 444 Habes
1758 415 1964 458 appara-5

116 468 200 502 tum
233 462 473 502 universum.
538 464 679 515 Itaque
714 463 944 503 observatio
978 464 1166 504 instituta
1198 462 1239 503 2.
1275 463 1420 504 Octob.
1455 475 1557 502 anno
1593 460 1729 512 *15973
1761 459 1833 503 26.
1859 460 1937 507 27.

116 519 189 562 28.
222 521 413 561 Decemb.
450 535 552 562 anno
581 520 712 571 15973
747 535 863 562 mane
897 529 938 562 et
971 523 1132 575 vesperi·
1160 521 1228 564 28.
1255 523 1394 562 Martii
1426 535 1528 562 anno
1555 520 1692 571 15983
1719 520 1790 563 25.
1821 520 1937 573 Sept.

116 593 219 620 anno
257 578 382 630 1598,
416 581 539 621 toties
573 581 620 620 de
653 594 755 620 novo
790 582 979 621 dimensis
1013 581 1195 621 omnibus
1235 581 1455 630 lateribus;
1500 586 1542 620 et
1573 580 1816 633 deprehendi
1848 580 1976 632 qui-2

116 640 205 679 dem
237 640 508 679 constantiam
541 640 810 681 instrumenti.
877 639 978 680 Cum
1012 654 1106 693 ergo
1140 646 1282 693 quater
1313 639 1611 681 observaverim
1643 639 1824 680 omnibus
1855 639 1938 679 sci-
1967 687 1969 690 ι

117 698 214 738 licet
247 698 340 737 anni
372 698 709 750 tempestatibus,
757 700 809 739 ad
840 699 1044 752 negotium
1076 701 1214 753 ipsum·
1238 700 1416 749 idoneis,
1459 705 1543 739 tres
1583 698 1748 739 ultimae
1780 698 1936 752 quidem

118 756 378 797 consentiunt
409 758 728 806 observationes,
758 759 887 810 prima
919 759 1188 799 secessionem
1222 759 1332 799 facit.
1394 759 1481 799 Nec
1511 757 1665 807 mirum,
1699 770 1787 799 oum
1811 757 1975 810 prima⁴

119 821 161 856 et
192 816 310 856 unica
345 816 476 866 fuerit,
512 830 584 856 nec
618 817 832 857 admodum
865 818 998 869 quieto
1032 822 1145 866 ae're,
1181 831 1269 858 cum
1301 818 1350 858 ad
1384 818 1630 858 levissimam
1662 817 1843 858 aurulam
1873 816 1937 856 in·

116 879 382 915 strumentum
414 888 543 915 meum
576 876 859 927 impelleretur.
926 875 1097 917 Ceterae
1130 883 1212 917 tres
1245 876 1480 929 exquisitius
1513 882 1678 929 captae,
1710 875 1939 928 iteratoque
1961 904 1975 930 3

117 934 279 986 saepius
315 934 569 974 examinatae
603 939 709 975 sunt.
757 934 1067 988 Comparatione
1100 936 1210 976 facta
1241 937 1392 988 primae
1425 948 1613 976 erroneae
1646 948 1734 975 cum
1765 935 1975 982 secunda.

118 992 384 1033 confirmabar
415 993 455 1033 in
482 1007 572 1033 mea
605 994 940 1044 ratiocinatione3
973 996 1099 1047 deque
1132 996 1207 1035 hac
1241 995 1538 1047 comparatione
1565 999 1712 1035 sonant
1734 993 1939 1047 proximae
1954 998 1976 1041 J

115 1064 228 1092 meae
262 1051 415 1092 literae.
482 1053 768 1093 Verumtamen
805 1055 942 1094 ultima
974 1055 1204 1095 observatio
1237 1054 1465 1106 Septembri
1497 1054 1635 1105 elapso
1673 1053 1836 1102 habita,
1869 1064 1977 1098 rems

116 1111 263 1151 futavit
293 1111 460 1163 primam
494 1111 661 1152 Octobri
695 1113 912 1164 superioris
945 1114 1038 1153 anni
1071 1120 1250 1166 captam,
1301 1119 1341 1153 et
1379 1113 1688 1153 confirmabatur
1727 1126 1752 1152 a
1783 1111 1951 1165 duabus·

114 1169 291 1222 reliquis.
354 1170 418 1209 Ex
451 1172 633 1211 omnibus
665 1172 793 1211 tribus
826 1173 1070 1224 comparatis
1101 1185 1173 1224 pro
1207 1169 1317 1213 certe
1351 1172 1540 1225 colligere
1571 1171 1703 1224 potui,
1747 1171 1939 1212 differena

115 1229 215 1269 tiam
246 1228 286 1268 in
319 1228 599 1270 altitudinibus
632 1230 783 1284 polaris
817 1233 988 1280 stellae,
1034 1232 1068 1272 si
1101 1245 1178 1284 qua
1211 1237 1298 1280 est,
1339 1232 1444 1271 infra
1485 1237 1575 1272 octo
1614 1229 1802 1283 scrup'ula
1834 1227 1937 1270 essel

118 1288 224 1329 Nam
257 1288 309 1327 ad
339 1287 513 1328 minores
546 1290 764 1340 particulas
799 1290 1104 1331 instrumentum
1137 1304 1267 1331 meum
1299 1304 1375 1330 non
1403 1290 1623 1331 descendit.
1666 1289 1795 1342 Igitur
1813 1288 1947 1330 semi--¹

120 1348 316 1387 diameter
349 1347 476 1396 orbis,
511 1348 576 1400 qui
609 1349 775 1388 Terram
808 1350 937 1399 vehit,
972 1349 1101 1389 minus
1129 1363 1246 1402 quam
1281 1349 1602 1403 quingentesima
1639 1349 1840 1401 particula
1877 1352 1941 1388 est

121 1406 168 1446 de
202 1405 503 1446 semidiametro
545 1407 725 1447 fixarum.
799 1408 1002 1449 Dimoven'
1052 1415 1187 1449 tamen
1233 1422 1308 1449 non
1353 1421 1516 1461 possum
1554 1409 1605 1449 ab
1649 1421 1697 1448 ea
1740 1407 1974 1460 opinione,

117 1465 209 1518 quin
243 1465 422 1514 credam,
475 1466 636 1506 tandem
683 1467 722 1506 in
762 1467 894 1520 aliquo
933 1468 1059 1520 primo
1094 1469 1157 1508 vel
1196 1468 1400 1508 luculenta
1439 1472 1555 1520 parte
1587 1467 1703 1520 primi
1735 1471 1948 1520 repertum

116 1524 164 1564 iri
197 1523 476 1564 differentiam.
540 1523 657 1571 Quod
690 1526 722 1565 si
756 1526 829 1566 hoc
862 1540 939 1566 non
972 1527 1064 1575 fiat,
1105 1532 1147 1567 et
1187 1527 1222 1566 si
1253 1527 1349 1567 mihi
1375 1527 1614 1567 credendum
1646 1525 1718 1575 sit,
1752 1525 1949 1573 omuibus

114 1583 242 1623 modis
276 1582 611 1624 inaestimabilem
643 1597 733 1624 esse
766 1585 1020 1625 altitudinem
1051 1587 1218 1626 fixarum
1250 1587 1300 1625 ad
1322 1585 1430 1626 Solis
1464 1585 1734 1631 altitudinem,
1755 1585 1830 1624 hoc
1857 1595 1966 1634 unm

116 1647 351 1694 argumento
389 1642 478 1694 plus
522 1644 700 1683 offendar
744 1644 782 1683 in
816 1645 1046 1685 defensione
1093 1644 1322 1697 Copernici‚
1378 1657 1494 1698 quam
1536 1644 1644 1685 mille
1684 1643 1943 1699 saeculorum?

117 1714 327 1742 consensu.
393 1700 585 1747 Quamvis
624 1703 742 1742 unica
781 1703 993 1755 religiosae
1033 1704 1177 1744 mentis
1222 1705 1422 1744 attonitae
1465 1707 1508 1744 et
1548 1703 1748 1756 stupentis
1795 1701 1936 1743 θΧοΙειέ

115 1760 290 1801 matione
325 1758 570 1812 Copernicus
604 1761 720 1813 hujus
753 1763 995 1803 offendiculi·
1018 1764 1186 1803 nebulas
1225 1764 1460 1815 dispulerit:
1482 1763 1656 1803 ‘Tanta
1687 1761 1946 1811 nimirum

115 1819 310 1872 inquiens,
345 1825 423 1859 est
455 1821 571 1860 haec
604 1821 691 1860 Dei
725 1819 835 1873 Opt.
869 1822 993 1862 Max.
1028 1823 1248 1862 Fabrica.
1310 1822 1370 1862 At
1401 1822 1533 1862 hercle
1565 1825 1724 1862 recreat
1762 1833 1824 1861 me
1856 1823 1934 1860 no<

116 1879 273 1926 leviter,
311 1878 402 1917 dum
433 1881 648 1931 perpendo,
683 1893 759 1919 non
793 1887 875 1920 tam
908 1882 1051 1921 debere
1086 1894 1156 1921 nos
1190 1882 1335 1921 mirari.
1355 1881 1560 1933 ingentem
1591 1886 1634 1920 et.
1663 1880 1840 1920 infinitae
1875 1878 1930 1920 si·

116 1938 250 1978 milem
287 1937 418 1976 ultimi
456 1938 557 1977 coeli
605 1939 929 1990 amplitudinem,
982 1953 1100 1992 quam
1144 1953 1164 1979 e
1209 1934 1349 1980 contra
1391 1945 1574 1981 nostrum
1617 1939 1922 1979 homuncionum

118 2002 361 2048 nostraeque
394 1996 508 2048 hujus
542 1998 784 2037 exilissimae
815 1999 1013 2051 glebulae‚
1038 1999 1216 2050 adeoque
1238 1999 1442 2039 mobilium
1462 1998 1634 2039 omnium
1660 1998 1937 2050 exiguitate‘

117 2057 270 2107 Nempe
303 2055 389 2094 Deo
422 2056 588 2095 mundus
622 2069 698 2096 non
733 2062 796 2097 est
827 2063 985 2106 vastus,
1027 2063 1071 2097 at
1101 2070 1173 2097 nos
1206 2059 1375 2106 mundo,
1421 2071 1484 2098 me
1517 2057 1705 2106 Christe,
1745 2069 1885 2110 perqu
1907 2075 1939 2091 ιν
1966 2093 1967 2096 ,

118 2114 251 2166 exigui
290 2126 439 2154 sumus.
504 2113 611 2160 Quid
656 2116 759 2155 enim
797 2116 834 2155 ei
879 2121 1017 2168 potest
1057 2116 1182 2156 videri
1231 2129 1443 2169 magnum,
1496 2117 1561 2169 qui
1612 2121 1691 2157 etc.
1736 2121 1782 2156 ut
1813 2115 1925 2156 etia

120 2172 325 2214 Ciceronis
359 2174 577 2213 autoritate
610 2179 711 2215 utar.
776 2176 915 2227 Neque
949 2189 999 2214 ex
1029 2176 1131 2215 mole
1165 2175 1357 2227 judicium
1396 2181 1461 2216 est
1504 2176 1553 2215 de
1593 2175 1846 2228 praestantia
1877 2174 1934 2224 f:⁴

120 2232 315 2272 ciendum.
378 2232 488 2272 Deus
522 2232 644 2282 enim,
681 2234 744 2286 qui
775 2231 820 2274 in'
849 2235 943 2274 altis
977 2235 1154 2282 habitat,
1197 2235 1360 2274 humilia
1397 2241 1530 2275 tamen
1569 2234 1747 2286 respicit.
1797 2233 1866 2273 ‘Et
1903 2250 1918 2265 τ

118 2291 283 2330 mobilia
329 2292 418 2330 ideo
464 2291 658 2332 vilissima
707 2305 802 2344 pars
847 2294 982 2333 mundi
1021 2299 1174 2342 essent,
1221 2294 1313 2346 quia
1359 2299 1488 2334 totum
1526 2299 1707 2347 systema
1751 2297 1928 2344 respecta>

120 2350 285 2390 fixarum
330 2363 453 2402 prope
499 2352 730 2391 evanescit:
777 2358 887 2392 esset
936 2353 1074 2392 eodem
1125 2359 1360 2404 argumento
1411 2354 1527 2393 homo
1575 2353 1681 2404 inter
1727 2356 1934 2405 postrem‘v

120 2409 255 2448 mundi
288 2410 597 2460 rejectamenta,
650 2411 715 2462 qni
766 2412 989 2463 comparari
1035 2425 1122 2452 cum
1161 2412 1304 2460 Terra,
1346 2413 1471 2452 Terra
1510 2411 1600 2464 ipsa
1637 2424 1726 2452 cum
1770 2409 1872 2459 Satu
1903 2428 1930 2468 ιιἶ

122 2468 231 2507 coelo
278 2467 438 2507 minime
477 2474 637 2519 potest:
686 2475 795 2509 esset
839 2470 1011 2523 quinimo
1056 2470 1278 2510 crocodilus
1324 2476 1394 2511 aut
1435 2472 1598 2523 elephas
1642 2470 1730 2510 Deo
1774 2469 1882 2522 majo

123 2539 240 2577 quam
273 2528 408 2575 homo,
456 2540 596 2573 curae,
637 2534 850 2580 propterea
890 2530 981 2582 quia
1019 2531 1122 2569 mole
1155 2530 1585 2582 hominembsuperant.
1647 2529 1770 2568 Hisce
1803 2534 1843 2569 et
1874 2524 1926 2568 ε’

125 2586 283 2625 milibus
318 2586 515 2625 rationum
549 2588 750 2636 fomentis,
785 2589 919 2628 nescio
954 2594 997 2628 ut
1029 2589 1168 2640 ingens
1201 2589 1263 2629 hic
1296 2589 1409 2628 bolus
1442 2588 1633 2640 concoqui
1663 2587 1806 2639 possit.

122 2643 124 2645 ’
242 2646 362 2683 Porro
396 2646 665 2685 instrumenta
698 2659 866 2697 magna,-
911 2653 1074 2696 exacta,
1123 2653 1162 2687 et
1201 2647 1536 2687 rectificatissima
1573 2652 1714 2699 optare
1757 2648 1920 2702 poss11'

120 2703 315 2750 indicare,
357 2717 431 2755 quo
471 2704 577 2752 loco,
624 2718 701 2757 qua
738 2705 905 2756 pecunia
952 2712 1255 2758 comparentur,
1301 2719 1376 2745 non
1414 2718 1589 2757 possum.
1663 2706 1779 2745 Dono
1825 2703 1921 2761 deff}

121 2762 336 2801 Moestlino
372 2763 505 2815 Tycho
538 2763 669 2803 Brahe
704 2777 869 2803 aeneum
905 2766 1122 2817 quoddam,
1158 2765 1410 2805 utilissimum
1443 2765 1621 2817 quidem,
1654 2765 1689 2806 si
1718 2763 1922 2804 Moestli=

123 2820 206 2869 ejus
241 2821 462 2860 advehendi
497 2836 544 2861 ex
577 2823 686 2862 Balti
720 2824 806 2870 (co)
840 2830 1005 2871 sumtus,
1041 2829 1111 2863 aut
1142 2825 1366 2875 incorrupte
1399 2835 1471 2874 per
1493 2829 1649 2863 tantum
1681 2822 1930 2872 intervalluf'

123 2878 354 2917 traducendi
388 2892 480 2930 spes
513 2888 636 2920 esset.
701 2881 832 2922 Credo
864 2895 935 2933 per
966 2883 1244 2922 Moecenatem
1276 2887 1317 2920 et
1346 2882 1594 2923 Praxitelem
1619 2882 1818 2934 Keplerus
1845 2882 1915 2930 (a‘

124 2936 210 2986 ejus
245 2937 329 2975 loco
363 2939 476 2977 multi
512 2940 597 2986 alii)
634 2953 708 2979 non
744 2941 999 2992 inelegantia,
1037 2954 1108 2981 nec
1139 2940 1296 2980 inutilia
1327 2946 1513 2981 strueret.
1578 2940 1772 2987 Quamvis
1803 2941 1839 2981 si
1867 2952 1921 2979 a

123 2994 270 3033 tificem
302 2996 395 3034 mihi
429 3002 580 3048 optem,
637 3012 710 3037 non
753 3000 991 3039 circularium
1028 3000 1171 3047 velim,
1217 2999 1288 3038 sed
1326 2999 1540 3040 murarium
1580 3005 1622 3040 et
1659 2999 1915 3041 architecta·¹
1977 3013 1979 3015 ·

124 3053 237 3092 Turri
272 3054 374 3093 enim
407 3060 447 3093 et
480 3057 773 3107 amphitheatro
807 3059 1027 3098 rectissime
1062 3059 1148 3110 quis
1181 3063 1327 3106 utatur,
1362 3059 1434 3098 hoc
1468 3064 1548 3108 est,
1582 3059 1864 3112 perpendiculo
1915 3068 1918 3092 ἑ

127 3125 245 3165 aqua.
310 3111 416 3151 Sane
448 3126 519 3167 pro
554 3114 660 3154 Solis
694 3116 973 3157 observatione
1005 3130 1078 3157 nec
1109 3117 1240 3171 optari
1273 3116 1431 3172 quidem
1464 3118 1596 3172 aptius
1629 3118 1837 3172 quicquam
1859 3121 1917 3170 ps
