2028 3242
743 75 786 108 «ι.
809 75 907 109 rebus
930 75 1145 118 molegica.
1755 69 1841 114 377

45 180 141 231 AB,
160 178 272 230 «BG,
312 178 403 223 ΟΒ.
461 178 539 221 Hic
582 179 618 221 si
647 181 860 223 Platonem
895 193 1033 234 roges,
1060 193 1164 235 'cum
1193 180 1237 221 A
1275 192 1353 220 non
1394 183 1593 221 consonat
1632 191 1760 232 neque
1789 179 1841 228 B,

46 250 178 294 nequ
198 236 413 292 (haeque
436 238 489 279 D.
549 239 611 280 At
640 239 675 280 si
706 238 782 280 CD
810 246 930 282 tonus
959 252 1032 292 per
1061 239 1099 280 Ε
1128 244 1287 280 secetur
1317 238 1357 279 in
1383 237 1470 284 GE,
1500 239 1660 287 lemma,
1690 243 1735 278 et
1751 237 1842 287 ΕΙ),

47 297 193 348 diesin,
221 297 286 338 sic
310 303 358 338 ut
385 296 422 337 E
453 310 542 338 cum
573 298 613 339 A
643 299 794 340 habeat
821 299 1119 352 proportionem
1148 297 1359 350 epitriton,
1403 303 1498 338 tunc
1534 298 1639 338 inter
1668 297 1747 338 AB
1778 301 1845 338 est

45 355 268 401 hannonia.
319 355 482 408 ltaque,
516 357 622 398 sicut
652 363 773 398 tonus
803 356 878 399 cD
906 370 980 410 per
1008 357 1259 398 harmoniam
1286 356 1324 396 E
1356 356 1509 397 divisus
1532 361 1606 397 est
1641 356 1682 397 in
1712 356 1843 397 miuus

47 414 197 463 clam
214 415 347 468 majiis
376 414 472 462 ΕΙ),
511 415 570 457 sic
611 421 758 457 natura
792 416 990 458 hominem
1018 428 1140 457 unum
1175 427 1248 467 per
1284 415 1556 467 generationis
1585 420 1840 468 apparatum,

49 473 195 529 quavis
221 473 431 516 hannonia
459 474 698 524 suaviorem,
729 475 869 516 divisit
898 475 938 515 in
969 475 1158 515 feminam
1188 479 1232 513 et
1261 486 1432 523 marem,
1465 487 1631 526 quorum
1661 473 1732 514 alii
1762 474 1842 514 ali-

48 533 142 588 quid
158 533 314 582 «ἰωή,-
337 532 648 575 huiaeabundat.
709 533 856 574 Patere
887 534 1013 581 enim,
1053 539 1100 574 ut
1129 533 1231 574 hanc
1262 531 1435 585 gratiam
1466 539 1632 585 tangam
1662 537 1844 573 extremo

48 592 268 646 digito,2·1t
291 595 410 637 tactu
438 591 754 643 experimentum
785 593 941 661 capiam
972 593 1175 645 corporis,
1208 592 1322 644 cujus
1353 591 1483 632 forma
1513 591 1667 632 eminus
1699 596 1841 632 tanto-

45 662 159 704 pere.
160 649 314 695 afficit
340 649 489 691 oculis
541 650 650 691 Nam
686 663 761 692 cnr
787 664 864 692 non
903 652 1041 704 juvem
1070 650 1364 700 Reinhardum,
1403 650 1694 703 jucundissime
1734 650 1843 690 allu-

48 710 224 770 denum
238 721 306 751 ax
321 708 610 761 Trismegisto,
641 715 686 750 et
715 710 903 751 feminam
934 711 1094 764 quidem
1124 710 1230 751 infra
1259 709 1544 759 collocantem,
1576 715 1623 751 ut
1650 722 1727 762 par
1755 714 1842 748 est·

47 762 130 811 n'on
153 772 251 814 sunt
278 767 384 809 enim
414 767 566 808 ferendi
597 768 685 818 viri,
718 770 806 822 qui
816 770 949 810 ferunt
979 782 1074 810 suas
1106 769 1275 810 feminas
1308 772 1351 810 et
1379 774 1523 810 contra
1546 769 1693 809 flumen
1724 767 1842 809 navi-

46 831 158 880 gant.
215 825 323 876 „Dis
352 839 510 867 sursum
554 827 699 876 fumat,
740 828 871 869 stillat
899 828 1016 870 Jovis
1054 829 1161 869 unda
1192 829 1389 869 deorsum.
1397 828 1418 845 “
1479 827 1567 868 Nec
1597 826 1845 868 invenustior

47 891 117 927 est
141 885 215 928 ms
241 884 331 927 duri
358 885 567 938 mollisque
599 887 930 929 accommodatio.
989 887 1168 928 Rursum
1198 887 1301 928 enim
1334 886 1472 927 suavis
1502 887 1570 927 ille
1600 890 1736 927 tactus
1765 898 1843 926 no-

48 950 167 987 stro·
187 943 348 997 judiees
388 944 563 985 advocat
597 945 656 985 rei
694 946 983 998 lepidissimae,
1041 959 1130 987 cum
1168 959 1218 986 ex
1255 945 1519 998 Trismegisto
1559 945 1668 986 solos
1706 945 1844 985 oculos

48 1003 279 1055 erudiinut,
309 1016 363 1045 ex
389 1003 567 1044 Platone
593 1017 726 1046 aures.
787 1006 950 1047 Etenim
980 1006 1121 1046 durum
1151 1009 1312 1058 oportet
1342 1017 1456 1054 esse,
1489 1005 1594 1057 quod
1627 1003 1842 1048 infinditnr‚

10 1060 13 1061 ⁷
46 1062 167 1104 mone
197 1073 299 1103 voro
323 1074 468 1114 corpus
505 1068 549 1103 et
576 1063 616 1104 in
649 1076 692 1104 se
724 1065 889 1114 cedens,
929 1065 1033 1117 quod
1065 1065 1203 1105 durum
1240 1064 1338 1104 illud
1376 1058 1526 1116 excipit
1563 1064 1769 1114 locumque
1807 1063 1844 1102 ei

49 1121 154 1163 dat.
188 1119 296 1168 Ωιι
315 1120 548 1163 titillatione
578 1122 832 1164 Reinhardns
863 1123 1058 1164 excitavit
1074 1136 1203 1164 meum
1224 1122 1437 1175 ingenium,
1472 1126 1516 1163 ut
1539 1122 1712 1163 labuerit
1732 1133 1845 1175 sym-

50 1180 163 1224 δοίη
185 1193 275 1223 cnm
291 1179 375 1221 -illo
404 1185 574 1230 certare,
609 1182 750 1234 quibus
781 1183 886 1224 oculi
916 1183 1035 1224 simul
1065 1188 1107 1223 et
1136 1182 1275 1235 digiti,
1303 1181 1422 1223 simul
1453 1187 1496 1222 et
1526 1181 1696 1222 hominis
1730 1180 1846 1233 inge-

50 1239 157 1281 nium
188 1239 453 1292 facultasque
481 1241 715 1281 numerandi
746 1242 799 1282 ad
836 1242 1099 1295 judicandum
1129 1247 1251 1294 atque
1282 1241 1589 1282 discernendum
1620 1241 1725 1280 inter
1755 1253 1847 1280 ma-

50 1310 141 1343 rem
161 1302 210 1341 ot
234 1297 425 1339 feminam
454 1298 711 1342 advocentur.

124 1375 127 1381 ²
164 1355 254 1399 Sed
280 1356 536 1399 ratiocinatio
565 1359 724 1410 prolixa
753 1364 831 1400 est.
893 1359 939 1399 In
970 1358 1192 1411 geometria
1222 1357 1325 1398 ratio
1357 1362 1422 1398 est
1451 1357 1558 1397 inter
1582 1357 1683 1397 duos
1702 1356 1847 1398 termi-

50 1428 137 1465 nos,
167 1415 374 1469 proportio
403 1417 600 1457 rationum
631 1418 849 1459 similitudo
880 1423 958 1458 est.
1019 1418 1086 1458 Ad
1106 1417 1404 1469 proportionem
1429 1415 1553 1468 igitur
1571 1420 1741 1468 quatuor
1759 1420 1847 1455 ter-

51 1474 148 1523 mini
171 1473 440 1528 requiruntur.
502 1474 621 1521 Quod
660 1477 695 1516 si
733 1477 852 1518 medii
889 1477 965 1517 duo
1008 1477 1047 1517 in
1080 1488 1199 1516 unum
1228 1481 1393 1523 coeant,
1436 1475 1641 1527 proportio
1675 1475 1847 1515 efficitur

0 1559 2 1580 ÷
52 1533 281 1581 continuas
303 1538 389 1574 tres
428 1533 582 1574 habens
618 1541 713 1576 actu
749 1535 1210 1588 tenninos‚'²potestate
1251 1540 1434 1587 quatuor.
1496 1534 1609 1574 Inter
1638 1534 1848 1574 continuas

51 1592 331 1646 proportiones
361 1605 480 1633 unum
505 1593 707 1645 singulare
738 1607 863 1646 genus
895 1600 962 1635 est
990 1594 1259 1647 proportionis
1291 1593 1472 1642 divinae,
1518 1605 1609 1633 cum
1639 1604 1689 1632 ex
1720 1593 1849 1633 tribus

52 1651 241 1695 terminis
262 1650 342 1692 duo
371 1650 544 1693 minores
575 1659 751 1705 aequant
781 1655 989 1706 majorem,
1021 1667 1093 1694 seu
1124 1665 1213 1693 cum
1244 1658 1373 1693 totum
1403 1652 1462 1692 ita
1493 1656 1656 1692 secatur
1685 1651 1725 1691 in
1756 1651 1849 1698 duo,

52 1716 99 1751 ut
131 1709 238 1751 inter
271 1714 411 1761 partes
451 1715 494 1750 et
523 1716 654 1752 totum
697 1713 753 1752 sit
782 1713 972 1753 contiuua
1010 1711 1227 1765 proportio.
1288 1711 1419 1763 Hujus
1450 1710 1719 1762 proportionis
1749 1710 1851 1750 haec

14 1806 17 1809 .
53 1774 124 1810 est
146 1768 393 1822 proprietas,
435 1774 482 1809 ut
511 1782 562 1809 ex
600 1771 751 1823 majore
795 1771 965 1811 termino
1007 1776 1048 1811 et
1080 1775 1167 1811 toto
1209 1783 1363 1810 rursum
1403 1775 1664 1821 componatur
1708 1768 1850 1808 similis

52 1827 272 1881 proportio.
334 1825 411 1873 Qui
445 1828 551 1868 enim
586 1830 695 1882 prius
728 1836 818 1870 erat
846 1831 997 1882 major,
1040 1830 1122 1883 jam
1158 1830 1205 1870 fit
1235 1829 1383 1878 minor,
1428 1828 1534 1881 quod
1563 1828 1675 1880 prius
1706 1833 1848 1875 totum,

47 1887 138 1939 jam
165 1887 215 1928 fit
239 1885 371 1938 major
396 1887 610 1937 terminus,
646 1894 689 1928 et
718 1890 980 1941 compositum
1011 1902 1062 1929 ex
1091 1894 1259 1940 utroque
1279 1888 1367 1939 jam
1398 1888 1523 1928 habet
1554 1887 1751 1927 rationem
1781 1892 1849 1926 to-

54 1945 156 1988 tius.
207 1945 298 1986 noc
332 1945 372 1986 in
415 1945 632 1997 infinitum,
677 1961 835 2000 semper
875 1954 1062 1988 manente
1105 1947 1361 1999 proportione
1405 1946 1552 1987 divina.
1614 1946 1732 1985 Hanc
1774 1957 1852 1996 ego

55 1997 340 2070 gqumtricam
370 2006 685 2057 proportionem,
727 2013 844 2059 puto,
889 2007 1021 2047 ideam
1052 2006 1176 2046 fuisse
1208 2006 1399 2054 creatori,
1440 2005 1491 2045 ad
1523 2005 1852 2045 introducendam

55 2061 352 2114 generationem
382 2063 527 2104 similis
558 2078 609 2105 ex
638 2066 770 2113 simili,
806 2079 907 2118 quae
940 2071 1003 2106 est
1034 2065 1158 2105 etiam
1188 2065 1388 2117 perennis.
1449 2064 1583 2104 Video
1623 2064 1728 2103 enim
1761 2063 1851 2115 qni-

20 2161 31 2170 ,
56 2121 210 2163 narium
236 2120 281 2162 in
306 2121 469 2162 floribus
499 2134 601 2174 pene
633 2125 824 2173 omnibus,
858 2125 924 2177 qui
956 2125 1140 2172 fructum,
1171 2124 1247 2164 hoc
1279 2128 1344 2164 est
1362 2124 1663 2175 generationem
1681 2135 1853 2175 praece-

57 2180 169 2223 dunt,
199 2191 326 2231 neque
357 2186 449 2220 sunt
478 2182 528 2221 ob
561 2195 605 2222 se
636 2183 759 2234 ipsos,
791 2184 862 2223 sed
883 2184 933 2223 ob
954 2184 1126 2223 fructum
1146 2188 1389 2235 sequentem.
1451 2181 1603 2222 Omnes
1630 2182 1713 2221 fere
1733 2182 1853 2221 flores

57 2237 217 2278 arborei
246 2243 341 2278 sunt
369 2238 409 2278 in
438 2238 515 2279 hoc
546 2253 688 2288 censu;
726 2242 849 2281 citros
881 2246 922 2282 et
951 2254 1092 2293 pomos
1124 2241 1328 2280 aurantius
1359 2242 1463 2280 forte
1495 2240 1679 2291 excipere
1711 2240 1851 2288 debeo,

48 2296 137 2352 etsi
165 2297 304 2337 florem
335 2309 413 2336 non
445 2297 538 2346 vidi,
571 2311 621 2337 ex
650 2300 783 2339 fructu
814 2301 942 2340 solum
974 2313 1045 2338 seu
1076 2312 1192 2351 pomo
1217 2299 1365 2350 judico,
1400 2299 1466 2351 qni
1498 2311 1575 2338 non
1597 2304 1661 2338 est
1679 2298 1719 2338 in
1738 2299 1853 2338 locu-

17 2354 120 2410 glos
151 2355 316 2408 quinos,
361 2355 432 2394 sed
463 2362 670 2408 septenos,
701 2359 900 2405 undenos,
943 2370 1119 2398 novenos
1150 2358 1314 2398 divisus.
1377 2356 1595 2403 Quinarins
1626 2369 1738 2405 vero,
1783 2369 1854 2395 seu

25 2413 343 2470 „quinquanguli
373 2414 499 2466 figura
530 2416 772 2456 construitur
802 2417 841 2456 in
872 2416 1094 2468 geometria
1125 2429 1199 2468 ope
1229 2416 1497 2467 proportionis
1531 2414 1703 2462 divinae,
1734 2427 1854 2466 quam

26 2473 151 2519 “stvolo
182 2472 442 2526 archetypum
473 2475 758 2525 generationis.
821 2475 1007 2527 Amplius
1027 2475 1131 2514 inter
1149 2480 1300 2514 motum
1327 2473 1436 2514 Solis
1456 2476 1563 2522 (seu,
1594 2478 1639 2513 ut
1660 2486 1734 2525 ego
1755 2486 1852 2512 sen-

34 2530 145 2578 tio,
141 2531 354 2579 Telluris)
387 2536 430 2571 et
463 2532 654 2581 Veneris,
689 2546 790 2585 quae
820 2539 982 2585 praeest
1014 2533 1198 2573 facultati
1229 2533 1431 2577 seminali,
1463 2527 1668 2584 proportio
1698 2530 1760 2572 8:
1786 2530 1853 2580 13,

32 2590 166 2650 {3⁸11an
192 2590 370 2644 proxime
402 2595 467 2630 est
497 2591 643 2640 divina,
688 2598 734 2631 ut
765 2593 982 2632 audiemus.
1044 2592 1227 2643 Denique
1258 2592 1405 2631 Terrae
1437 2591 1590 2631 coelum
1626 2591 1665 2630 in
1699 2589 1854 2642 Coper—

32 2647 150 2707 ξιιιιαο
190 2648 364 2691 medinm
407 2654 473 2689 est
514 2650 617 2690 inter
660 2651 793 2691 coelos
835 2651 981 2692 Martis
1022 2656 1064 2690 et
1100 2647 1293 2697 Veneris,
1337 2650 1709 2702 proportionemque
1752 2649 1856 2689 inter

42 2705 156 2747 finos
184 2714 346 2749 nactum
376 2714 442 2748 est
472 2721 522 2748 ex
554 2710 803 2749 dodecaedro
836 2716 878 2749 et
908 2710 1140 2758 ἰοοειιὲᾱιο,
1175 2722 1275 2760 quae
1308 2714 1402 2748 sunt
1431 2708 1469 2747 in
1503 2708 1723 2760 geometria
1754 2709 1855 2747 duae

39 2757 224 2814 sslfsoboles
258 2767 525 2820 proportionis
570 2768 752 2816 divinae;
795 2768 836 2807 in
866 2763 992 2808 Terra
1021 2780 1116 2807 vero
1159 2773 1299 2807 nostra
1337 2772 1545 2806 exercetur
1585 2767 1856 2818 generationis

39 2823 178 2874 3,01)08
238 2825 346 2866 Vide
371 2825 471 2877 jam,
504 2828 697 2878 quomodo
730 2840 780 2866 ex
810 2827 1065 2879 proportione
1098 2826 1233 2865 divina
1268 2826 1438 2866 resultet
1476 2825 1630 2876 effigies
1660 2825 1783 2865 maris
1815 2830 1857 2865 et

36 2874 248 2931 &eminae
308 2883 387 2923 Est
422 2897 510 2924 meo
551 2886 696 2936 jndicio
741 2886 880 2925 eadem
913 2885 1028 2938 quasi
1070 2884 1275 2936 proportio
1307 2884 1582 2924 seminationis
1626 2884 1856 2935 plantarum

42 2935 122 2987 {td
149 2946 285 2984 actum
315 2943 584 2992 generationis
622 2944 871 2991 animalium,
915 2956 1016 2996 quae
1062 2948 1126 2984 est
1161 2942 1428 2995 proportionis
1471 2942 1742 2994 geometricae
1785 2955 1856 2982 seu

39 2992 183 3061 &lineis
224 3013 461 3053 expressae,
512 3002 563 3042 ad
605 3002 902 3070 proportionem
945 3002 1238 3043 arithmeticam
1280 3015 1350 3042 seu
1393 3001 1566 3042 numeris
1610 3013 1855 3053 expressam.

42 3033 163 3099 Jam
192 3071 288 3099 vero
319 3059 454 3135 divina
483 3061 688 3115 proportio
719 3061 891 3102 numeris
924 3061 1088 3114 exprimi
1121 3061 1298 3113 perfecte
1329 3060 1484 3113 nequit,
1525 3060 1692 3113 exprimi
1723 3065 1855 3101 tamen
