2028 3242
175 79 255 123 192
781 79 820 111 In
845 78 1041 119 Mysterium
1067 78 1378 121 Cosmographicum

312 188 464 226 modum,
492 191 536 220 ut
559 187 603 220 de
629 186 779 220 cometis
800 189 943 230 septem
972 186 1143 226 secundo,
1174 186 1218 220 de
1247 185 1268 220 5
1289 186 1451 231 planetis
1481 186 1591 222 tertio
1617 192 1715 224 tomo
1742 198 1787 222 se>
1810 186 1989 222 dicturum

313 239 546 285 polliceatur.
602 241 656 273 At
685 239 864 274 secundus
895 250 967 272 non
1000 238 1072 273 erit
1095 238 1310 280 vendibilis,
1344 250 1424 274 cum
1449 238 1530 284 jam
1559 240 1719 285 plurima
1747 250 1858 286 pars,
1888 240 1989 286 prior

315 305 363 328 sc.
387 292 567 337 impressa
585 297 625 326 et
642 303 737 337 pene
758 293 932 327 absoluta
951 292 1010 326 sit.
1051 292 1110 326 lta
1134 292 1366 338 exemplaria
1384 292 1529 328 interea
1546 293 1620 329 situ
1638 293 1824 339 peribunt.
1862 292 1989 340 Tycho

313 345 446 381 alicubi
467 345 578 380 aliter
596 345 770 381 materias
791 345 946 385 ordinat,
975 355 1126 389 nempe:

245 397 286 443 5)
316 400 767 445 Progymnasmatum
797 401 897 433 Astr.
919 403 1004 432 tom.
1030 398 1091 437 ΙΙΙ,
1121 399 1165 432 de
1185 398 1267 432 aliis
1289 399 1311 433 6
1332 398 1492 434 cometis.
1531 400 1587 434 Ad
1608 400 1705 434 hunc
1722 400 1854 436 librum
1874 410 1989 445 appa-

312 453 465 488 randum
485 452 666 486 sufficiens
700 453 807 486 adest
837 451 1004 492 materia,
1033 452 1095 485 sed
1124 451 1276 486 formam
1297 452 1415 486 adhuc
1434 451 1574 488 nullam
1593 453 1719 488 habet.
1757 453 1840 489 Nou
1859 453 1991 488 desunt

315 511 450 546 tamen,
473 505 533 550 qui
554 505 702 539 formam
724 505 777 539 illi
797 504 983 546 inducant,
1006 504 1047 545 si,
1070 506 1163 551 quod
1184 516 1252 550 par
1272 510 1312 540 et
1331 505 1422 540 satis
1443 510 1512 548 est,
1534 510 1800 542 sustententur.

245 557 285 601 6)
314 559 518 594 Tabulae
551 558 857 603 Rodolpheae.
910 557 1071 593 Materia
1101 559 1148 592 ad
1180 558 1245 593 has
1279 560 1514 604 apparandas
1547 560 1654 594 adest
1684 558 1992 595 sufficientissima

317 623 414 658 pars,
436 623 503 646 nec
523 613 677 646 deerunt
697 611 858 657 ingenia,
890 611 921 646 si
939 611 1178 646 Maecenates
1199 612 1282 653 siut,
1305 616 1344 646 et
1362 612 1539 658 exiguum
1559 612 1698 660 aliquid
1716 612 1754 648 in
1772 612 1882 647 certis
1901 623 1991 657 pen-

316 665 478 700 sionibus
499 665 628 699 annuis
650 665 683 699 in
705 665 802 699 hunc
821 676 925 699 usum
946 669 1134 711 erogetur.
1174 665 1254 700 Hoc
1283 676 1374 710 opus
1403 665 1615 711 primarium
1643 670 1712 708 est,
1742 667 1837 713 quod
1862 664 1992 701 merito

318 715 550 763 (Rodolphus
572 715 728 761 Caesar)
749 719 962 764 MagnateS‚
993 718 1244 763 Respublicae
1264 723 1304 754 et
1322 718 1543 754 Academiae
1561 720 1688 766 magni
1707 719 1842 762 facere,
1874 723 1923 760 et,
1951 722 1995 752 ut

317 773 435 807 lucem
453 771 592 812 videat,
617 771 706 806 eniti
727 772 873 806 debent.
2003 772 2010 781 “

250 824 287 864 7)
318 826 346 860 Τ
356 826 379 859 h
389 837 407 859 e
417 836 440 859 a
448 830 517 859 tru
527 836 560 859 m
590 835 613 859 a
621 835 637 858 s
646 829 686 859 tr
695 837 714 859 ο
724 836 747 859 n
755 837 776 858 o
784 837 819 859 m
828 825 838 859 i
847 835 896 859 cu
906 837 939 859 m
974 825 1155 859 rationem
1186 824 1305 860 reddit
1341 825 1473 860 calculi
1511 825 1811 871 ingeniosissimis
1849 825 1993 860 demon-

318 878 569 913 strationibus.
604 878 731 923 Itaque
752 878 856 924 quasi
878 878 999 913 altera
1020 889 1107 923 pars
1128 889 1210 913 esse
1232 878 1349 923 possit
1369 877 1478 924 hujus
1498 878 1714 924 principalis
1735 878 1856 925 operis
1875 872 1993 913 astro-

316 931 459 966 nomiae
488 930 735 966 instauratae.

248 981 290 1030 8)
319 985 500 1019 volumen
528 984 659 1031 ingens
689 985 1069 1020 Observationum
1099 986 1145 1019 ad
1174 996 1288 1020 annos
1318 985 1395 1019 fere
1425 985 1476 1020 40
1502 984 1801 1030 conscriptarum.
1849 985 1888 1020 ld
1914 984 1994 1019 loco

319 1043 375 1073 tot
395 1042 649 1072 anteactorum
668 1049 844 1073 annorum
873 1038 1144 1083 ephemeridum
1164 1050 1246 1073 esse
1266 1038 1394 1084 possit.
1434 1038 1566 1073 Posset
1590 1038 1649 1072 vel
1674 1037 1754 1083 jam
1779 1037 1906 1073 statim
1925 1037 1994 1072 edi.

320 1091 469 1126 Interim
496 1091 754 1125 custodiendae
783 1091 912 1126 merito
945 1096 1032 1126 sunt
1063 1091 1134 1126 hae
1169 1091 1446 1126 observationes
1479 1091 1560 1126 loco
1589 1091 1685 1138 regii
1712 1090 1879 1126 thesauri
1907 1094 1946 1125 et
1973 1101 1997 1125 a

321 1144 557 1190 magnatibus
578 1145 704 1191 magni
723 1145 924 1187 faciendae,
948 1145 1035 1190 quia
1055 1150 1141 1179 sunt
1160 1145 1410 1185 fundamenta,
1434 1145 1512 1179 sine
1531 1145 1662 1191 quibus
1683 1145 1811 1191 nequit
1829 1148 1995 1180 astrono-

318 1199 391 1233 mia
419 1198 631 1232 instaurari.
671 1198 747 1232 Nec
777 1209 861 1244 spes
892 1203 960 1239 est,
992 1209 1209 1244 quemquam
1235 1198 1324 1240 fore,
1357 1198 1417 1244 qui
1446 1198 1619 1233 certiores
1644 1208 1805 1245 unquam
1825 1198 1996 1233 observa-

323 1251 442 1286 tiones
463 1251 683 1286 conscribat.
722 1252 793 1286 Est
812 1263 845 1286 n.
865 1263 924 1286 res
946 1251 1216 1287 taediosissima
1236 1256 1275 1286 et
1293 1251 1439 1297 plurimi
1459 1251 1647 1297 temporis.

723 1317 793 1351 Ita
821 1316 971 1351 sentio
1000 1316 1050 1351 M.
1081 1317 1280 1351 Joannes
1310 1316 1541 1362 Keplerus
1567 1314 1942 1356 Mathematicus,
1974 1346 1978 1350 .

924 1370 1183 1405 Asu—onomiae
1204 1370 1438 1416 Tychonicae
1458 1368 1757 1405 studiosissimus.
1925 1366 1930 1370 “

278 1495 337 1537 15)
363 1507 395 1539 p.
421 1495 490 1529 48..
528 1497 626 1530 Hanc
659 1497 823 1538 Tycbonis
859 1498 1031 1539 epistolam
1062 1498 1228 1539 subJ'unxit
1261 1496 1460 1530 Maestlinus
1494 1496 1668 1538 appendici
1699 1495 1744 1528 ad
1772 1494 1997 1532 Prodi-omum.

180 1546 264 1578 haec
289 1546 523 1587 praemittens:
563 1545 628 1577 Pro
654 1545 902 1578 confirmatione
927 1545 1036 1586 huJus,
1063 1555 1148 1587 quae
1175 1555 1215 1577 ex
1242 1544 1411 1586 Copernici
1436 1544 1669 1585 hypothesibus
1694 1543 1850 1586 sequitur,
1868 1542 1997 1585 *longis-

182 1595 262 1625 sime
288 1593 472 1624 eontrariae
498 1593 629 1624 usitatis
654 1593 888 1634 hypothesibus
913 1594 1102 1625 sententiae
1126 1592 1217 1625 lubet
1238 1601 1422 1634 apponere,
1449 1601 1534 1633 quae
1562 1590 1855 1624 excellentissimus
1871 1588 1999 1622 Nobilis

182 1640 440 1672 Mathematicus
467 1639 579 1680 Tycho
605 1639 732 1677 Bmhe,
759 1639 896 1677 Dauus,
924 1641 990 1672 suis
1016 1640 1246 1681 experimentis
1273 1639 1475 1676 observavit,
1501 1638 1616 1681 quibus
1640 1642 1801 1681 tanquam
1825 1647 1847 1670 a
1869 1637 1997 1679 peritis-

184 1689 265 1719 simo
292 1687 418 1719 artifice
443 1687 564 1719 habitis
592 1687 872 1719 observationibus
898 1689 1010 1729 utique
1045 1687 1126 1720 fides
1162 1687 1312 1729 derogari
1337 1697 1402 1718 non
1427 1689 1546 1728 potest.
1595 1685 1629 1717 Is
1653 1686 1688 1718 in
1713 1685 1864 1728 Epistola
1887 1684 1998 1717 ad.D.

180 1735 363 1767 Peucen-um
389 1744 475 1766 anno
503 1733 595 1766 1588
621 1734 702 1766 data
726 1735 773 1766 sic
798 1735 920 1766 scribit.
974 1735 1158 1771 „Constitui
1183 1734 1363 1776 periculum
1388 1734 1516 1773 facere,
1551 1742 1716 1775 quaenam
1741 1741 1876 1769 earum,
1913 1741 1998 1774 qnae

183 1783 344 1814 hactenus
369 1783 524 1814 inventae
550 1787 646 1813 erant
677 1780 941 1822 (hypothesium,
975 1781 1251 1814 Ptolemaicarum
1283 1792 1329 1814 sc.
1355 1781 1406 1813 vel
1431 1782 1648 1813 usitatarum:
1686 1780 1737 1812 vel
1771 1789 1794 1812 a
1819 1779 1999 1822 Copernico

182 1829 397 1862 traditarum:
430 1829 481 1860 vel
516 1839 626 1860 eorum
658 1830 712 1870 qui
745 1829 1061 1860 homocentricorum
1085 1829 1278 1871 figmentum
1306 1829 1482 1860 commenti
1506 1825 1599 1867 sunt)
1630 1828 1762 1860 veritati
1784 1828 1916 1869 propius
1941 1836 1996 1860 ac-

183 1877 325 1909 cederet.
376 1875 478 1918 quue
503 1886 560 1917 per
585 1876 704 1908 Martis
728 1877 931 1917 potissimum
957 1876 1088 1908 stellam
1111 1887 1164 1908 me
1190 1877 1350 1917 expiscari
1373 1885 1468 1917 posse
1494 1875 1721 1913 confidebam,
1747 1874 1878 1917 quando
1902 1874 1997 1906 nimi·

182 1934 253 1956 rum
279 1932 321 1956 ea
346 1923 534 1964 acronycha
559 1923 681 1956 Terrae
708 1924 993 1965 appropinquaret.
1045 1923 1080 1955 Si
1105 1925 1190 1955 enim
1217 1924 1309 1955 nobis
1332 1924 1463 1964 propius
1489 1922 1684 1960 accederet,
1710 1931 1811 1964 quam
1834 1923 1904 1963 ipse
1930 1920 1998 1958 Sol,

185 1971 444 2012 Copernicanam
463 1971 720 2011 speculationem
738 1971 948 2011 praevalere-2
975 1971 1024 2002 sin
1041 1972 1160 2008 minus,
1180 1981 1254 2002 cum
1271 1970 1477 2002 Ptolemaica
1491 1970 1599 2011 potius
1623 1969 1779 2002 standum
1804 1969 1997 2002 arbitrabar.

183 2018 396 2059 Tandemque
430 2027 555 2060 magna
590 2018 762 2060 diligentia
794 2027 856 2050 nec
890 2018 998 2059 parvis
1033 2019 1211 2054 sumtibus,
1249 2018 1438 2059 conquisitis
1470 2018 1569 2049 variis
1601 2017 1733 2059 organis
1758 2016 1995 2054 astronomicis,

184 2067 299 2108 quibus
325 2065 467 2096 siderum
492 2069 599 2096 motus
626 2065 825 2103 centraliter,
851 2076 917 2096 non
942 2065 1060 2097 saltem
1085 2066 1118 2097 in
1143 2066 1212 2106 ipso
1238 2065 1400 2106 scrupulo,
1425 2065 1482 2097 sed
1509 2066 1610 2096 etiam
1634 2065 1668 2095 in
1694 2065 1763 2104 ejus
1789 2063 1925 2096 dimidia,
1948 2063 1999 2095 vel

185 2118 303 2155 quarta
326 2117 421 2153 parte
457 2112 616 2153 explorari
652 2117 740 2144 certo
774 2116 924 2154 possent,
960 2112 1048 2144 hanc
1083 2113 1234 2144 subtilem
1267 2113 1563 2145 considerationem
1587 2111 1737 2154 'aggredi
1760 2121 1826 2143 nou
1851 2111 1998 2146 verebar.

184 2161 280 2202 idque
306 2160 508 2201 potissimum
535 2169 621 2191 anno
649 2158 748 2196 1582,
776 2170 849 2192 cum
862 2159 953 2191 Mars
978 2170 1101 2201 pernox
1125 2161 1233 2192 factus
1260 2159 1327 2192 Soli
1354 2164 1572 2202 opponeretur
1594 2160 1628 2191 in
1653 2168 1785 2196 cancro,
1811 2162 1846 2191 et
1868 2159 2001 2200 iusuper

184 2218 243 2249 per
267 2208 400 2239 boream
426 2207 634 2238 latitudinem
661 2207 826 2238 sublimior
851 2207 1040 2249 quotidiano
1067 2209 1205 2239 circuitu
1229 2207 1430 2240 redderetur.
1471 2207 1603 2239 Habitis
1627 2207 1729 2249 igitur
1753 2210 1832 2238 tunc
1855 2205 1999 2247 pluribus

185 2255 350 2287 accuratis
376 2255 653 2286 observationibus
669 2278 677 2288 ,
704 2259 774 2286 tam
801 2255 889 2287 circa
913 2260 1037 2292 ortum,
1063 2265 1161 2297 quam
1186 2265 1358 2292 occasum,
1397 2256 1531 2296 eJusque
1555 2264 1614 2296 per
1637 2253 1854 2286 meridianum
1877 2253 1999 2285 transi-

184 2307 274 2341 tum,
311 2301 528 2342 deprehendi,
561 2301 703 2333 Martem
734 2304 892 2342 majorem
918 2303 1047 2334 causari
1076 2303 1279 2343 parallaxin,
1319 2312 1418 2344 quam
1442 2304 1549 2343 ipsum
1575 2301 1703 2341 Solem,
1735 2301 1874 2342 ideoque
1899 2301 2000 2333 etiam

187 2349 293 2381 Terris
318 2350 587 2391 propinquiorem,
615 2359 689 2380 cum
708 2350 912 2390 acronychus
939 2354 999 2387 est,
1026 2350 1106 2387 fieri,
1134 2350 1334 2391 astipulante
1359 2359 1427 2382 una
1450 2354 1543 2381 motu
1566 2349 1666 2390 ipsius
1691 2348 1817 2385 diurno,
1844 2357 1918 2379 cum
1936 2346 1998 2379 Co-

185 2397 373 2439 pernicanis
392 2398 499 2438 potius
516 2397 659 2428 numeris
678 2398 918 2433 consentiente,
946 2407 984 2428 eo
1010 2398 1096 2439 quod
1121 2398 1218 2439 paulo
1237 2397 1374 2430 celerius
1393 2401 1481 2429 certo
1501 2397 1625 2429 dierum
1647 2394 1818 2428 intervallo
1842 2395 1878 2428 iu
1902 2398 1996 2426 ante·

188 2445 341 2477 cedentia
365 2444 549 2485 repedaret,
575 2453 673 2485 quam
699 2444 972 2485 Alphonsinorum
999 2445 1196 2477 concederet
1222 2454 1243 2477 a
1265 2445 1455 2476 Ptolemaeo
1481 2444 1626 2476 deducta
1647 2442 1878 2475 ratiocinatio:
1902 2442 1999 2484 idque

187 2492 226 2524 ob
251 2493 409 2523 minorem
435 2501 456 2523 a
475 2491 582 2523 Terris
608 2492 810 2529 distantiam,
837 2501 921 2533 quae
946 2497 1070 2524 motum
1095 2493 1193 2533 paulo
1218 2493 1436 2530 intentiorem>
1454 2500 1612 2533 apparere
1637 2489 1812 2522 efficiebat.
1862 2489 1902 2522 ld
1925 2498 2000 2521 cum

186 2540 219 2571 in
238 2539 346 2571 Marte
372 2539 452 2570 satis
479 2539 680 2580 exploratum
705 2539 871 2576 haberem,
891 2544 933 2572 et
956 2540 1042 2573 idem
1069 2541 1170 2572 etiam
1200 2541 1234 2571 in
1253 2539 1383 2571 Venere
1413 2538 1585 2581 aliquoties
1612 2547 1633 2570 a
1655 2547 1709 2569 me
1733 2536 1877 2569 interdiu
1901 2541 2000 2579 atque

186 2588 219 2618 in
245 2588 313 2627 ipso
339 2586 518 2618 meridiano
545 2586 765 2623 observatum,
793 2591 826 2619 et
847 2589 944 2628 juxta
968 2597 1123 2619 occasum
1149 2587 1323 2619 collatione
1347 2587 1448 2623 facta,
1473 2587 1538 2617 imo
1563 2585 1664 2617 etiam
1685 2585 1752 2616 alia
1775 2585 1918 2627 quadam
1941 2593 1999 2626 pe·

189 2634 302 2666 culiari
327 2635 455 2665 ratione
483 2642 568 2665 anno
598 2632 687 2665 1587
717 2635 805 2666 circa
831 2635 916 2666 diem
942 2633 998 2666 24.
1026 2635 1119 2666 Febr.
1146 2635 1277 2677 quando
1307 2635 1395 2666 intra
1425 2642 1526 2665 unam
1556 2632 1608 2664 vel
1642 2632 1781 2664 alteram
1814 2631 1900 2664 diem
1929 2635 2000 2663 tam

188 2683 405 2722 vespertinam
431 2690 528 2722 quam
555 2682 753 2713 matutinam
780 2680 881 2723 (quod
907 2682 990 2714 alias
1015 2683 1216 2714 rarissimum
1243 2679 1309 2722 est)
1334 2681 1416 2718 vidi,
1452 2685 1577 2712 motum
1603 2683 1819 2721 apparentem
1842 2689 1917 2712 cum
1941 2679 1998 2715 eis.

188 2738 271 2770 quae
297 2730 424 2760 ratione
448 2728 655 2769 parallaxeos
680 2729 809 2766 fierent,
836 2730 1031 2762 conferendo
1058 2729 1332 2771 comprobassem,
1357 2729 1406 2759 ita
1427 2727 1512 2769 quod
1535 2727 1745 2759 Ptolemaicis
1767 2726 2000 2768 hypothesibus
2022 2739 2023 2742 ¹

187 2775 269 2807 haec
296 2778 406 2807 omnia
430 2776 563 2807 minime
590 2781 826 2818 congruerent:
851 2777 1051 2818 impellebar,
1079 2781 1116 2808 ut
1139 2776 1345 2818 postmodum
1369 2776 1476 2817 magis
1493 2776 1663 2818 magisque
1678 2773 1925 2816 Coperuicanae
1948 2773 1998 2805 in-

188 2823 330 2854 ventioni
356 2823 454 2854 fidem
481 2824 727 2855 attribuerem.“

285 2935 344 2978 16)
370 2949 400 2979 p.
429 2937 483 2971 56.
526 2940 745 2973 Praefationis
770 2940 866 2982 huJus
890 2946 1019 2983 partem
1045 2941 1248 2974 exhibuimus
1272 2949 1350 2983 pag.
1369 2938 1424 2971 20.
1463 2938 1611 2980 Epistola
1633 2938 1812 2971 Achillis
1830 2938 2000 2971 Gasseri

190 2983 323 3023 (medici
349 2985 586 3023 Lindaviensis,
615 2986 636 3027 †
661 2990 834 3031 Augustae
859 2989 956 3021 Vind.
985 2999 1015 3022 a.
1045 2988 1165 3029 1577),
1190 2989 1270 3020 data
1294 2986 1510 3019 Feldkirchae
1534 2986 1700 3019 Rhaetiae
1726 2995 1813 3018 anno
1839 2983 1933 3019 1540
1957 2986 2000 3019 ad

191 3031 230 3064 G.
258 3031 455 3073 Vogelinum
482 3034 769 3067 Constantiensem
794 3037 958 3068 medicum
985 3036 1196 3069 commendat
1222 3034 1397 3074 „Rhetici“
1425 3034 1597 3076 epistolam
1623 3033 1663 3065 de
1689 3032 1884 3076 copon-nico,
1909 3033 2000 3065 illum

189 3079 352 3116 invitam,
379 3085 415 3111 ut
441 3090 515 3112 eam
539 3082 625 3113 inter
650 3083 772 3114 amicos
799 3087 832 3116 et
857 3084 1058 3117 auctoritate
1082 3093 1145 3116 sua
1167 3086 1366 3126 propagaret
1390 3085 1424 3114 et
1449 3080 1703 3114 commendaret.
