2028 3242
130 111 212 159 196
734 112 772 146 In
797 111 992 154 Mysterium
1019 110 1330 155 Cosmographicum

124 222 252 263 prodiit,
279 220 416 252 Telluris
441 223 534 251 motu
552 227 570 250 e
587 217 694 250 medio
711 217 868 255 tollendo,
894 218 1080 260 ubicunque
1105 217 1146 249 de
1171 227 1246 249 vero
1272 218 1440 254 asseritur,
1465 217 1631 259 verbaque
1653 216 1838 258 hujusmodi
1863 215 1938 248 sub-

122 268 305 307 stituendo,
331 276 417 309 quae
441 267 532 298 illum
557 275 612 306 pro
640 265 735 302 dato,
762 265 820 297 sed
845 275 912 297 non
937 274 1112 303 concesso,
1139 268 1344 306 supponant,
1373 267 1472 306 atque
1497 264 1548 296 ita
1570 264 1759 306 hypothesis
1785 262 1940 304 Coperni·

123 324 210 348 cana
225 317 479 355 superstruatur.
518 312 657 344 Memini
681 312 783 344 tribus
805 313 875 352 jam
901 312 1020 344 abhinc
1039 312 1134 343 annis
1162 312 1347 352 opinionem
1372 312 1473 343 istam
1498 311 1539 343 de
1557 314 1650 343 motu
1666 310 1806 346 Telluris
1829 310 1942 347 nescio

122 372 217 404 quem
241 361 426 403 theologice
452 359 694 392 defendendam
725 360 925 400 suscepisse,
960 359 993 390 h.
1019 369 1048 391 e.
1080 359 1239 390 universis
1266 358 1300 390 S.
1329 357 1518 399 Scripturae
1549 358 1647 395 locis,
1678 367 1764 399 quae
1793 357 1840 400 illi
1865 360 1942 388 sunt

122 409 304 445 contraria,
337 418 394 449 pro
425 416 487 440 sua
517 407 686 439 sententia
709 407 936 448 respondisse3
973 416 1013 437 ex
1044 416 1107 448 quo
1138 406 1263 439 factum
1296 409 1363 443 est,
1398 409 1436 436 ut
1460 404 1494 438 S.
1522 405 1694 437 Gener-alis
1719 404 1942 446 Inquisitionis

121 455 266 488 edictum
290 455 370 487 illud
396 454 576 490 emanarit,
604 453 827 485 defensionem
851 453 937 486 hanc
965 453 1144 490 damnans,
1172 453 1452 493 assertionemque
1477 452 1582 493 ipsam
1608 452 1649 484 de
1673 455 1765 484 motu
1789 451 1940 486 Telluris,

120 506 157 535 ut
182 511 362 544 germanae
389 500 460 533 S.S.
488 501 752 542 interpretationi
778 500 1019 537 adversantem,
1046 509 1138 532 ream
1163 500 1347 532 declarans.
1385 499 1460 531 Hac
1486 499 1528 531 de
1551 509 1588 531 re
1611 503 1686 531 tota
1710 499 1884 531 certiorem
1907 501 1942 529 te

120 550 231 581 facere
256 549 352 589 volui,
376 553 425 587 ut,
452 548 479 579 si
505 548 587 579 forte
613 548 762 583 nescias,
789 547 1073 579 lucubrationibus
1099 547 1165 579 tuis
1190 547 1223 578 in
1248 550 1415 587 posterum
1440 555 1579 583 caveas,
1605 546 1840 588 consiliumque
1863 544 1944 577 illud

121 596 242 628 inferas
259 597 292 627 in
310 595 426 627 harum
444 594 599 633 editione,
627 594 711 635 quod
729 594 882 635 prudenti
905 594 1030 634 judicio
1047 594 1242 625 trutinatum
1269 603 1286 625 e
1311 603 1346 625 re
1363 597 1424 625 tua
1440 593 1548 635 magis
1565 593 1709 625 futurum
1728 591 1939 625 existimabis.

217 642 341 682 Quibus
367 641 531 682 Keplerus
556 645 663 673 motus
689 642 822 672 monitis
848 641 1018 682 praemisit
1042 641 1246 672 Harmoniae
1280 644 1363 672 suae
1393 640 1559 682 quendam
1589 639 1814 682 prodromum,
1851 638 1940 677 „Ad-

119 690 333 721 monitionem
357 689 400 720 ad
416 688 618 730 Bibliopolas
639 692 778 723 exteros,
803 689 997 729 praesertim
1014 687 1153 724 Italos“‚
1178 687 1213 718 in
1238 697 1301 728 quo
1326 697 1393 719 rem
1420 696 1514 719 suam
1539 687 1722 720 defendens
1746 695 1814 728 qua
1835 686 1942 728 potuit

120 736 320 773 subtilitate,
353 736 400 768 sic
426 735 612 767 concludit:
653 734 812 767 Omnibus
838 736 989 776 expensis
1014 738 1197 771 statuetur,
1228 734 1261 765 id
1287 734 1449 766 ecclesiae
1474 733 1648 767 Romanae
1672 733 1787 766 fideles
1810 732 1940 765 mathe-

119 784 233 815 matici
257 787 366 814 ratum
390 782 504 823 procul
531 782 627 814 dubio
653 786 687 813 et
712 786 864 814 sanctum
888 781 1068 814 habebunt.

212 829 392 872 Keplerum
418 829 580 864 obscuris,
609 829 724 871 quibus
750 829 915 861 concludit
939 829 1189 861 annotationem
1215 825 1268 867 (a)
1294 827 1419 864 verbis,
1445 826 1530 860 haec
1557 831 1592 859 et
1615 827 1736 860 similia
1759 831 1940 870 spectasse,

118 876 208 909 haud
233 877 376 909 dubium.

214 967 274 1010 33)
299 980 331 1011 p.
359 967 438 1000 119.
488 969 607 1001 Paucis
632 969 816 1001 notandum
839 969 892 1000 hic
919 978 1110 1005 censemus,
1145 967 1265 1000 falsam
1296 968 1384 1000 hanc
1409 968 1450 1001 de
1480 972 1592 1008 „motu
1616 972 1818 1001 cometarum
1842 968 1940 1000 recti-

118 1017 224 1050 lineo“
265 1017 464 1049 sententiam
497 1025 518 1047 a
547 1016 693 1056 Keplero
728 1026 793 1048 non
830 1019 961 1048 tantum
998 1017 1032 1046 in
1070 1015 1150 1047 libro
1185 1015 1258 1052 „De
1283 1015 1462 1051 cometis“,
1499 1016 1558 1048 sed
1596 1016 1697 1048 etiam
1728 1016 1764 1049 in
1795 1015 1940 1058 pluribus

120 1065 210 1102 aliis,
243 1073 322 1106 quos
349 1063 558 1103 conscripsit,
593 1063 682 1106 libris
707 1063 841 1104 proponi
868 1063 1076 1104 defendique.
1127 1062 1223 1093 Error
1247 1062 1330 1094 forte
1357 1063 1594 1095 condonandus
1625 1063 1711 1103 viro,
1737 1063 1802 1105 *qui
1826 1071 1942 1104 pamm

117 1113 295 1143 instructus
318 1111 427 1142 fuerat
451 1110 730 1142 observationibus
757 1110 894 1142 aliorum
921 1114 1179 1141 astronomorum
1206 1110 1484 1147 accuratioribus,
1516 1119 1622 1152 neque
1646 1110 1717 1152 ipse
1741 1110 1814 1152 plus
1840 1118 1939 1152 quam

118 1159 166 1190 bis
193 1155 314 1198 (1607,
343 1154 451 1195 1618)
479 1161 629 1188 cometae
654 1161 778 1188 motum
804 1158 976 1188 observare
1001 1160 1166 1197 potuerat.

212 1204 253 1236 In
276 1204 379 1236 literis
405 1202 454 1243 (4.
480 1203 546 1235 Jul.
579 1202 684 1244 1603)
712 1204 755 1236 ad
780 1204 864 1236 Dav.
892 1204 1078 1236 Fabricium
1103 1203 1190 1235 datis
1225 1205 1397 1245 quaerenti
1421 1203 1571 1236 Fabricio
1603 1203 1644 1236 de
1675 1207 1798 1237 natura
1829 1213 1938 1236 come-

118 1256 227 1284 tarum
250 1251 336 1283 haec
360 1250 547 1291 respondit:
596 1252 864 1287 Obscurissima
901 1257 960 1287 est
997 1251 1176 1297 quaestio.
1233 1252 1310 1287 Nec
1346 1253 1472 1298 plures
1509 1263 1582 1299 ego
1618 1252 1692 1287 vidi
1721 1263 1815 1295 nno,
1853 1252 1940 1287 anni

120 1307 182 1341 96.
202 1306 316 1345 Nov.;
338 1305 440 1340 illum
460 1305 545 1339 anni
567 1305 616 1339 93
639 1317 823 1351 nunquam
837 1305 942 1350 potui
955 1305 1090 1340 videre.
1122 1302 1180 1339 De
1200 1309 1344 1340 cometa
1363 1305 1448 1340 anni
1469 1305 1518 1340 90
1538 1317 1585 1340 ne
1604 1305 1766 1341 inaudivi
1784 1304 1939 1352 quidem.

118 1359 175 1394 De
196 1362 340 1392 cometa
359 1358 444 1392 anni
467 1357 515 1393 77
535 1358 697 1403 plurima
723 1358 857 1399 audivi,
889 1359 1067 1393 adductus
1096 1358 1207 1392 etiam
1238 1369 1317 1393 sum
1342 1358 1378 1393 in
1405 1359 1523 1393 locum
1557 1359 1674 1393 altum
1699 1369 1724 1394 a
1746 1362 1865 1394 matre
1893 1359 1938 1393 ad

119 1422 201 1445 eum
220 1412 551 1456 contemplandum,
583 1413 646 1446 sed
673 1423 752 1446 cum
781 1423 899 1446 essem
924 1411 1033 1445 valde
1062 1422 1162 1456 puer.
1202 1414 1390 1446 Annorum
1415 1411 1465 1447 80
1485 1412 1547 1446 vel
1572 1411 1623 1448 82
1643 1412 1864 1447 alterutrum
1882 1422 1939 1446 me

118 1464 252 1498 vidisse
271 1469 382 1509 put0;
403 1475 489 1498 narn
507 1464 580 1498 vidi
601 1465 789 1499 stellulam
809 1464 1051 1499 clarissimam
1071 1468 1110 1498 et
1129 1464 1353 1500 brevissimis
1373 1463 1553 1506 crinibus;
1574 1465 1639 1499 sed
1657 1464 1828 1500 decennis
1846 1475 1940 1510 puer

119 1517 247 1562 putavi
272 1517 418 1551 solitam
444 1528 538 1552 esse.
1512 1540 1515 1547 ,

214 1567 368 1600 Ceterum
394 1568 485 1600 dicta
508 1568 645 1610 Kepleri
671 1567 861 1608 hypothesis
887 1568 1100 1609 posteriorum
1128 1572 1387 1600 astronomorum
1413 1568 1695 1601 observationibus
1721 1568 1936 1609 computatio-

118 1615 276 1656 nibusque
301 1616 446 1647 inserviit
472 1613 517 1655 (v.
537 1625 566 1647 c.
591 1616 758 1652 Wrennio,
786 1613 965 1655 Cassium),
992 1625 1098 1656 neque
1123 1616 1211 1656 prius
1236 1625 1347 1647 verum
1374 1615 1414 1647 de
1440 1619 1641 1657 cometarum
1665 1619 1757 1649 motu
1777 1615 1937 1656 judicium

119 1662 202 1694 ferre
226 1663 329 1699 licuit,
356 1671 455 1704 quam
479 1662 510 1694 J.
537 1662 677 1694 Newton
704 1671 755 1699 ea,
782 1672 868 1704 quae
892 1662 1057 1703 Keplerus
1084 1661 1152 1694 Soli
1177 1662 1383 1704 planetisque
1408 1663 1651 1703 vindicaverat,
1676 1663 1776 1697 latius
1799 1665 1939 1704 patente

118 1710 248 1741 nomine
274 1710 422 1741 omnibus
448 1710 633 1750 corporibus
658 1710 782 1740 tribuit.

217 1799 278 1842 34)
304 1813 335 1843 p.
357 1800 435 1833 119.
478 1802 571 1834 Voce
598 1802 667 1839 „vis
684 1801 895 1844 magnetica“
922 1803 1024 1834 utitur
1037 1802 1212 1843 Keplerus,
1239 1812 1304 1834 non
1330 1803 1416 1844 quod
1440 1803 1505 1835 vim
1523 1803 1733 1835 attractivam
1757 1802 1938 1835 confundat

122 1859 195 1882 cnm
220 1851 250 1881 vi
275 1851 486 1891 magnetica,
522 1849 581 1881 sed
614 1849 783 1881 brevitatis
803 1853 911 1881 causa
945 1853 978 1880 et
1015 1850 1092 1890 quia
1125 1849 1188 1881 hac
1220 1850 1291 1881 sola
1315 1859 1394 1882 voce
1418 1859 1488 1882 rem
1514 1850 1738 1883 dilucidiorem
1760 1850 1937 1883 lectoribus

119 1897 188 1928 fore
218 1897 359 1937 putabat
391 1906 489 1937 quam
523 1896 698 1927 multorum
730 1897 899 1928 verborum
925 1900 1110 1937 apparatu3
1147 1905 1346 1938 quamquam
1379 1898 1532 1938 saepius,
1568 1897 1641 1929 aliis
1675 1897 1853 1930 destitutus
1877 1897 1936 1930 ad-

120 1943 282 1975 miniculis
307 1952 369 1974 nec
393 1940 473 1983 reni,
504 1944 590 1974 sicut
615 1943 744 1980 debuit,
779 1943 822 1974 ad
847 1943 1013 1984 quaelibet
1037 1943 1239 1975 transferens
1266 1953 1402 1984 corpora
1425 1945 1520 1976 nimis
1546 1945 1751 1977 confidenter
1772 1944 1834 1976 illa
1855 1954 1938 1977 voce

120 1991 233 2022 utitur.
285 1987 465 2031 (Compara
497 1990 660 2022 eruditam
695 1990 951 2031 disquisitionem
983 1990 1024 2022 de
1058 1990 1196 2031 Kepleri
1227 1991 1297 2021 vita
1329 1995 1364 2022 et
1395 1992 1524 2032 scriptis
1548 1992 1740 2032 professoris
1765 1991 1934 2035 stuttgar-

122 2038 237 2068 tiensis
263 2036 300 2068 C.
321 2037 360 2069 G.
386 2036 590 2069 Reuschlini.
627 2037 751 2079 Stuttg.
778 2046 808 2069 a.
837 2035 923 2068 1841
956 2041 991 2068 et
1016 2041 1131 2069 notam
1156 2037 1293 2079 Kepleri
1319 2037 1363 2070 ad
1388 2047 1462 2079 cap.
1492 2037 1547 2070 16.
1575 2035 1649 2080 [f].)

217 2115 277 2157 35)
302 2128 333 2158 p.
362 2116 440 2149 122.
492 2119 786 2156 Guilielmus,
812 2118 1041 2161 Landgravius
1066 2120 1221 2157 Hassiae‚
1248 2129 1343 2162 quem
1367 2119 1532 2161 Keplerus
1564 2119 1618 2153 hic
1646 2124 1680 2152 et
1705 2119 1788 2152 alias
1811 2120 1935 2162 passim

122 2168 374 2200 commemorat,
406 2166 578 2206 plurimum
610 2167 762 2208 temporis
795 2170 829 2198 et
861 2168 1023 2207 pecuniae
1055 2168 1335 2199 observationibus
1367 2168 1593 2200 astronomicis
1617 2167 1778 2209 impendit
1802 2170 1836 2200 et
1859 2168 1935 2200 viris

123 2213 341 2243 astronomiae
367 2213 567 2252 peritioribus
593 2223 651 2254 per
675 2214 809 2255 longam
835 2222 993 2246 annorum
1019 2215 1137 2246 seriem
1163 2216 1291 2256 copiam
1324 2214 1416 2246 dedit
1449 2215 1561 2247 studia
1591 2224 1653 2247 sua
1677 2212 1817 2248 colendi.
1867 2214 1933 2247 Ob·

122 2260 322 2290 servationes
351 2259 492 2291 Casselis
518 2261 732 2292 continuatae
767 2265 844 2292 sunt
875 2261 916 2292 ab
952 2270 1038 2293 anno
1074 2259 1158 2293 1561
1196 2271 1299 2303 usque
1333 2261 1375 2299 ad
1408 2262 1564 2303 principis
1596 2266 1735 2295 mortem
1769 2271 1801 2294 a.
1829 2259 1933 2299 1592,

121 2306 265 2337 maxima
291 2315 330 2337 ex
354 2311 447 2346 parte
472 2306 741 2339 Rothmanno
768 2312 802 2340 et
826 2307 978 2350 Byrgio
1005 2318 1138 2350 operam
1163 2318 1257 2341 suam
1276 2309 1528 2346 conferentibus,
1554 2309 1724 2342 literarum
1740 2309 1934 2341 commercio

121 2362 288 2394 nunquam
314 2354 381 2384 fere
407 2355 591 2386 intermisso
619 2364 692 2386 cum
719 2354 885 2395 Tychone.
914 2357 969 2396 qui
993 2357 1114 2388 multas
1141 2366 1158 2388 e
1182 2357 1337 2397 principis
1361 2356 1465 2388 literis
1488 2357 1612 2398 publici
1631 2357 1723 2398 iuris
1738 2356 1828 2388 fecit.
1877 2354 1931 2396 (In

121 2400 199 2431 libro
231 2401 406 2440 inscripto:
445 2401 608 2441 Tychonis
633 2402 742 2434 Brahe
768 2402 859 2433 Dani
884 2402 1103 2443 Epistolarum
1130 2404 1424 2435 astronomicarum
1456 2403 1539 2435 liber
1561 2403 1602 2440 1.,
1636 2404 1677 2436 de
1707 2400 1930 2445 qnmsupra.)

122 2445 296 2478 Stellarum
323 2447 457 2479 fixarum
485 2446 553 2479 400
573 2459 706 2480 numero
734 2449 906 2491 catalogus
932 2450 1100 2482 confectus
1127 2455 1177 2482 est
1203 2451 1352 2491 adjectus
1379 2450 1566 2489 „Historiae
1591 2449 1762 2487 coelesti“,
1786 2450 1932 2492 reliquae

122 2494 362 2525 observationes
398 2496 509 2526 insunt
541 2497 628 2536 operi
660 2497 834 2536 inscripto:
884 2496 973 2528 Coeli
1012 2501 1045 2529 et
1082 2498 1223 2529 siderum
1253 2499 1286 2529 in
1318 2507 1356 2529 eo
1391 2498 1568 2530 errantium
1600 2497 1930 2531 Observationes

119 2540 354 2573 Hassiacae
381 2540 440 2572 ἀς.
465 2543 654 2583 publicante
680 2543 958 2575 Willebrordo
985 2543 1156 2576 Snellio.
1194 2545 1300 2587 Lugd.
1327 2544 1405 2577 Bat.
1434 2542 1539 2576 1618.

215 2631 275 2673 36)
302 2645 332 2675 p.
364 2633 439 2666 122.
490 2635 646 2667 Nicolaus
674 2635 877 2668 Cusanus
904 2636 941 2677 (†
968 2635 1098 2676 1464),
1137 2638 1313 2670 cardinalis
1345 2641 1379 2670 et
1409 2638 1540 2680 legatus
1563 2637 1754 2675 Romanus,
1785 2638 1819 2669 in
1848 2636 1929 2671 libro

122 2680 161 2711 de
187 2681 388 2721 quadratura
415 2682 535 2713 circuli.
589 2681 716 2724 (Comp.
744 2683 949 2715 Hanschium
975 2696 1006 2727 p.
1034 2683 1113 2722 355,
1141 2690 1175 2717 et
1199 2686 1314 2717 librum
1338 2685 1547 2726 inscriptum:
1577 2685 1740 2722 Clemens,
1765 2684 1929 2717 Jordauus

119 2727 229 2758 Bruno
254 2729 320 2759 und
345 2728 418 2760 Nic.
447 2730 487 2760 de
514 2729 611 2761 Cusa.
652 2728 770 2770 1847.)
820 2731 858 2763 In
883 2732 990 2763 libello
1017 2732 1142 2764 Cusani
1169 2733 1243 2770 „De
1270 2733 1369 2764 docta
1398 2731 1608 2774 ignorantia“
1645 2731 1928 2773 deprehendimus,

121 2775 205 2827 qued
231 2775 332 2806 obiter
357 2780 526 2813 notamus,
565 2777 649 2808 haec
682 2783 865 2810 memoratu
901 2779 1003 2820 digna
1027 2780 1143 2811 verba:
1176 2781 1247 2820 Jam
1272 2779 1367 2822 nobis
1391 2780 1603 2812 manifestum
1628 2782 1698 2816 est.
1733 2778 1869 2811 Terram
1894 2779 1928 2810 in

120 2825 257 2852 veritate
282 2824 413 2854 moveri.

216 2899 276 2940 37)
302 2913 333 2942 p.
363 2901 438 2933 125.
490 2904 583 2936 Haec
610 2910 686 2936 sunt
711 2906 909 2938 Rhaetici
935 2907 1052 2938 verba:
1091 2907 1229 2939 Divinus
1246 2907 1341 2939 Plato
1364 2908 1579 2949 pronunciat:
1605 2906 1838 2940 astronomiam
1854 2905 1928 2938 Deo

120 2952 299 2999 praeeunte
325 2950 490 2981 inventam
517 2961 599 2983 esse.
642 2952 739 2984 Hunc
764 2954 797 2984 in
822 2954 953 2985 modum
970 2954 1142 2986 Platonem
1167 2955 1416 2997 intelligendum
1440 2965 1511 2987 esse
1534 2958 1633 2996 puto:
1657 2953 1927 2986 mathematicum

121 2993 260 3024 siderum
286 3000 391 3027 motus
417 3002 676 3038 perscrutantem
703 3001 882 3031 rectissime
909 3001 1091 3032 assimulari
1118 3010 1236 3039 caeco,
1264 3003 1328 3039 cui,
1353 3002 1580 3034 tantummodo
1604 3001 1721 3033 baculo
1747 3010 1805 3032 suo
1831 3000 1926 3035 duee.

119 3048 294 3081 magnum,
320 3043 492 3080 infinitum,
519 3045 694 3082 lubricum,
720 3047 920 3089 infinitisque
946 3048 1047 3079 deviis
1073 3049 1251 3080 involutum
1276 3049 1339 3081 iter
1362 3050 1406 3081 sit
1431 3048 1680 3081 conficiendum.
1731 3046 1820 3087 Quid
1843 3047 1927 3079 fiet?

121 3085 330 3128 Aliquamdiu
356 3089 491 3122 sollicite
518 3091 695 3129 incedens,
721 3092 838 3125 baculo
864 3104 922 3126 suo
947 3095 1032 3126 viam
1059 3096 1268 3138 quaeritans,
1294 3100 1327 3129 et
1353 3096 1458 3130 eidem
1484 3095 1678 3139 quandoque
1703 3094 1927 3138 desperandus
1988 3133 2000 3140 ‚
