2028 3242
1100 0 1148 21 ι,
1432 2 1550 15 1..-

903 0 935 26 ,ι
954 0 1091 41 usq„
1111 13 1132 32 ,κ
1149 11 1309 59 ''¹*'”',¹‘''“
1338 24 1346 34 ,
1639 0 1685 30 ’Ἴ

963 30 975 80 l

797 94 956 123 eonem
979 89 1109 122 Unum.
1171 74 1173 76 ¹
1787 86 1873 129 259

67 193 193 241 effluit
219 193 341 236 insito
371 194 566 248 principio
597 195 744 244 activo,
775 195 847 236 sed
878 186 1034 248 rapitur
1062 209 1089 235 a
1117 195 1207 235 fixis
1233 192 1290 235 24
1322 194 1451 242 horis;
1482 194 1543 234 ita
1569 193 1702 246 prima
1735 194 1771 242 24
1800 207 1873 234 ra-

66 251 181 305 pitu·
203 265 232 294 a
257 253 389 306 prima
418 251 466 304 ij,
498 266 622 307 eoque
654 254 836 295 ordinate
866 266 1051 306 semper
1061 253 1258 294 inferioris
1289 254 1419 305 prima
1449 267 1474 293 a
1503 254 1632 305 prima
1659 253 1875 304 superioris

66 322 192 365 usqne
222 312 276 353 ad
297 311 470 353 Lunam.
530 313 656 354 Porro
695 325 798 365 quae
838 312 902 353 hic
933 313 1224 353 Fracastoreus
1261 312 1552 363 interpretandi
1589 325 1713 355 causa
1743 313 1876 359 affert,

67 383 120 411 ea
147 370 183 410 si
210 383 302 412 οιιιιι
331 370 408 412 hae
438 371 771 424 interpretatione
802 371 1070 420 conferantur,
1104 383 1176 424 per
1207 384 1251 411 se
1271 383 1417 410 casura
1435 376 1545 422 puto.
1609 371 1797 410 Verum
1786 384 1877 422 ipsa

67 429 307 471 Aristotelis
335 429 437 471 haee
466 431 571 472 ratio
597 430 872 471 constituendi
903 430 1104 470 coelestes
1134 431 1253 470 orbes
1284 442 1363 469 nou
1383 435 1540 469 tantum
1564 429 1602 468 in
1629 430 1876 470 astronomia
1916 432 1921 438 ”

68 487 244 538 videtur,
276 489 349 530 sed
378 501 507 542 neque
537 489 787 530 naturalibus
819 489 991 542 undique
1020 488 1243 529 rationibus
1280 495 1346 528 est
1376 494 1662 528 consentanea.
1724 489 1874 535 Primo,

69 547 175 600 qnod
208 547 295 589 sine
324 547 553 591 discrimine
571 548 817 601 superiorum
837 554 968 588 motus
988 548 1027 587 in
1046 548 1257 588 inferiores
1277 547 1450 588 derivari
1476 546 1636 594 asserit,
1671 553 1714 586 et
1739 561 1873 587 eorum

68 605 135 659 qni
165 607 460 666 amplectuntur
490 607 714 674 inferiores,
745 613 789 647 et
819 607 981 674 quinon
1002 607 1324 674 amplectamur,-
1341 606 1512 659 epicycli
1545 606 1655 645 dicti.
1719 607 1874 646 Deinde

68 729 175 766 m'am
201 715 361 783 intell-13²
361 725 831 780 αιιιίιιιιιιιι-)ιιιἑτι-ῃίςριιρσιι
860 731 1014 777 septem
1045 730 1180 765 tamen
1212 739 1235 766 e
1266 738 1450 773 numero,
1483 724 1550 776 qui
1580 724 1698 775 primi
1730 725 1874 764 stella-

67 795 154 825 run
235 789 397 834 cuntur,
437 792 549 825 motu
586 790 739 824 carent.
808 782 916 829 Quid
954 783 1077 836 igitur
1112 784 1193 824 illis
1233 797 1333 836 opus
1371 783 1641 835 intelligentia
1683 783 1876 823 motrice?

67 841 144 883 nisi
175 841 279 884 forte
308 843 486 896 passiva,
518 843 631 895 cujus
663 843 704 883 vi
734 842 1004 884 obedientiam
1032 849 1244 895 praestent
1275 842 1468 895 superiori
1500 841 1678 882 trahenti
1708 842 1875 894 ejusque

68 904 205 946 nm
233 901 339 945 ultro
370 908 601 956 sequantur.
648 901 787 942 Tertio
818 914 928 951 cum,
962 907 1006 941 ut
1035 902 1185 942 dictum
1216 908 1299 949 est,
1337 909 1493 954 septem
1524 914 1547 940 e
1572 913 1735 941 numero
1765 908 1875 941 motu

68 965 246 1010 want,
278 974 348 1002 cur
377 974 455 1002 non
485 962 615 1003 vicem
634 961 887 1002 restituentis
907 957 1112 1013 quaelibet
1130 961 1294 1013 supplet
1324 968 1367 1001 et
1397 961 1457 1001 ita
1476 973 1589 1000 suam
1616 960 1707 1012 ipsa
1724 961 1877 1012 sphae-

67 1031 156 1060 ram
182 1018 348 1062 ab'im'a
376 1020 591 1073 superioris
621 1020 796 1061 motione
826 1020 998 1060 liberat?
1057 1020 1147 1060 Nisi
1175 1021 1278 1060 forte
1297 1020 1498 1060 servanda
1516 1019 1743 1071 aequalitas
1773 1020 1879 1060 inter

66 1077 237 1130 primam
267 1077 433 1120 Saturni
470 1085 513 1120 et
541 1078 694 1131 primas
725 1079 965 1132 reliquorum
996 1079 1269 1132 planetarum,
1310 1086 1372 1128 ut,
1412 1078 1507 1132 quia
1543 1078 1616 1118 illa
1651 1078 1726 1118 hoc
1753 1078 1878 1118 otium

69 1141 136 1179 eat
164 1142 300 1185 nacta.
324 1138 403 1180 hae
433 1150 588 1191 quoque
621 1138 762 1179 eodem
790 1138 1002 1191 privilegio
1032 1138 1249 1190 gaudeant.

185 1195 270 1238 Sed
298 1202 556 1250 pertexamus
586 1197 825 1239 Aristotelis
855 1196 1105 1238 orationem:
1137 1210 1269 1245 „cum-
1285 1197 1408 1249 igitur
1440 1196 1651 1236 ferentium
1677 1196 1876 1247 sphaera-

69 1267 156 1296 rum
185 1255 291 1297 aliae
322 1255 374 1304 8,
406 1256 512 1298 aliae
542 1254 600 1297 24
630 1256 741 1296 sint⁴⁶
773 1257 831 1304 (in
864 1256 960 1296 aliis
990 1256 1285 1309 exemplaribus
1319 1256 1467 1307 legitur
1491 1253 1583 1303 25).
1647 1253 1753 1295 Octo
1785 1256 1876 1308 qui·

69 1315 160 1357 dem
197 1319 293 1357 suut
322 1314 487 1356 Saturni
523 1320 567 1355 et
594 1314 730 1363 Jovis,
777 1315 1023 1367 singulorum
1047 1312 1090 1356 4.
1151 1314 1410 1367 Reliquorum
1446 1314 1480 1353 si
1522 1314 1707 1366 quilibet,
1753 1315 1877 1355 etiam

70 1371 125 1424 Θ
156 1378 201 1414 et
233 1375 295 1423 (ζ,
324 1374 540 1416 secundum
571 1380 745 1414 mentem
765 1374 1018 1415 Fracastorei
1050 1373 1202 1414 habent
1233 1372 1281 1421 5,
1314 1386 1469 1413 summa
1498 1373 1657 1425 quidem
1689 1371 1744 1414 25
1776 1386 1876 1414 con—

70 1433 203 1474 aaut.
266 1431 422 1474 Vereor
451 1433 575 1485 igitur
611 1438 656 1473 ut
685 1434 785 1473 haec
818 1432 1012 1474 correctio
1044 1431 1101 1474 25
1132 1445 1204 1485 pro
1235 1430 1293 1473 24
1325 1433 1380 1472 sit
1410 1432 1679 1472 Fracastorei.
1742 1431 1789 1472 Si
1821 1431 1876 1483 Θ

69 1497 113 1532 et
139 1491 177 1538 2
210 1492 428 1545 quaternas
458 1498 616 1532 tantum
648 1492 811 1539 habeut,
842 1495 996 1532 summi
1026 1491 1312 1568 posteriorum“
1321 1492 1399 1531 erit
1429 1489 1499 1539 23,
1533 1503 1611 1530 ιιοιι
1645 1488 1714 1531 25.

157 1547 284 1600 vide,
327 1563 379 1592 an
418 1563 496 1591 non
538 1550 597 1591 sic
633 1550 956 1603 intelligendum:
1001 1551 1135 1599 „aliae
1171 1552 1298 1599 octo,‘
1356 1551 1382 1590 i.
1425 1563 1460 1590 e.
1494 1548 1603 1590 Solis
1641 1555 1683 1589 et
1721 1549 1876 1600 Lunae,

69 1607 213 1708 ,33808
228 1582 332 1659 23,“
360 1609 388 1650 i.
420 1622 456 1650 e.
488 1610 728 1664 reliquorum
759 1609 799 1651 5.
861 1610 919 1651 Ut
949 1610 1008 1649 ita
1039 1611 1093 1650 sit
1118 1609 1341 1650 evidentior
1367 1622 1492 1650 causa
1522 1609 1640 1660 hujus
1668 1608 1877 1649 divisionis

72 1668 112 1708 ἰιι
204 1671 249 1712 &t
276 1665 349 1711 23.

109 1764 120 1770 -
191 1724 279 1776 „Et
318 1726 461 1769 harum
494 1739 574 1767 non
612 1724 777 1767 neeesse
819 1733 884 1767 est
923 1727 1072 1767 habere
1109 1727 1389 1767 restituentem
1434 1726 1561 1765 solam
1598 1725 1728 1774 illam,
1774 1739 1876 1778 quae

69 1790 222 1829 astrum
248 1785 445 1827 ultimum-
464 1785 587 1828 fert.“
643 1786 795 1826 Omnes
829 1783 855 1826 6
887 1786 1131 1838 superiores,
1178 1786 1239 1825 sui
1277 1784 1427 1825 ordinis
1464 1785 1587 1833 imae,
1629 1798 1731 1837 quae
1764 1792 1879 1825 astra

0 1882 1 1885 ,
68 1857 145 1885 sua
172 1844 319 1894 ferunt,
349 1844 503 1886 habent
530 1845 606 1885 sub
638 1858 682 1885 se
713 1846 988 1892 restituentes,
1024 1844 1117 1896 quia
1136 1845 1285 1884 habent
1317 1851 1359 1884 et
1389 1845 1463 1883 sub
1489 1858 1534 1883 se
1566 1844 1676 1884 aliud
1708 1850 1875 1885 astrum.

69 1899 171 1945 Sola
187 1902 339 1953 Luuae,
370 1903 500 1944 ultimi
530 1904 645 1953 astri,
678 1905 811 1944 ferens
842 1910 884 1944 et
915 1905 995 1944 ima
1025 1916 1102 1943 non
1135 1904 1259 1948 habet
1292 1904 1365 1942 sub
1385 1916 1428 1942 se
1456 1903 1748 1952 restituentem,
1783 1904 1879 1956 quia

69 1961 219 2003 nullum
250 1967 403 2006 astrum
434 1962 625 2015 sequitur,
657 1963 771 2014 cujus
801 1962 931 2016 prima
961 1963 1208 2003 restituatur.
1272 1962 1616 2011 „Restituentium
1661 1962 1819 2014 quidem
1850 1960 1877 2003 6

70 2026 188 2063 erunt
215 2020 381 2062 duorum
409 2021 638 2074 primorum.
645 2022 670 2039 ‘⁴
730 2022 837 2062 Nam
868 2021 1061 2074 Calippus
1093 2020 1269 2061 Saturno
1299 2018 1328 2061 4
1360 2021 1540 2069 dederat,
1572 2021 1743 2061 totidem
1766 2022 1874 2069 Jovi,

69 2079 209 2131 primis
238 2079 430 2133 planetis.
492 2081 740 2121 Aristoteles
779 2081 891 2120 addit
922 2082 1105 2132 utrinque
1142 2081 1329 2128 totidem,
1371 2093 1448 2120 uno
1479 2080 1628 2125 minus,
1671 2087 1716 2120 nt
1754 2093 1875 2133 supra

74 2138 398 2180 denunciaverat.
461 2137 566 2179 Sunt
601 2139 737 2191 itaque
775 2139 837 2178 bis
875 2145 978 2187 tres,
1024 2152 1123 2191 quos
1162 2139 1294 2187 addit,
1338 2151 1395 2179 sc.
1429 2137 1469 2179 6.
1532 2138 1747 2186 „Sedecim
1779 2152 1874 2178 vero

67 2181 333 2247 posteriorum
362 2195 433 2239 4.“
493 2197 600 2237 Nam
628 2197 820 2237 Eudoxus
852 2198 976 2238 dabat
1007 2203 1063 2243 d,
1096 2199 1142 2247 Q,
1178 2197 1233 2245 Q,
1268 2170 1347 2247 Θε
1381 2197 1427 2246 5,
1460 2196 1509 2246 5,
1546 2197 1591 2245 5,
1624 2195 1673 2245 4;
1705 2200 1872 2238 Aristo-

68 2255 173 2295 teles
209 2255 325 2296 addit
361 2255 551 2303 totidem,
595 2268 752 2307 semper
790 2269 867 2295 uno
904 2256 1055 2303 minus,
1101 2269 1160 2295 sc.
1193 2254 1244 2304 4,
1281 2254 1330 2303 4,
1362 2254 1410 2303 4,
1443 2255 1489 2304 3,
1534 2256 1639 2308 quod
1676 2270 1870 2296 summam

69 2313 171 2358 facit
203 2312 269 2354 ¹5.
332 2312 405 2363 Sin
436 2320 572 2354 autem
603 2320 645 2353 et
677 2312 729 2363 Θ
762 2315 979 2354 secundum
1010 2315 1041 2354 F
1043 2314 1263 2354 racastore1
1294 2322 1467 2354 mentem
1497 2315 1647 2354 habeat
1677 2314 1703 2355 5
1737 2317 1870 2354 feren·
1896 2363 1901 2370 .

67 2377 153 2422 tes,
188 2372 355 2413 habebit
392 2378 435 2412 et
464 2370 494 2414 4
523 2372 808 2420 restituentes,
849 2373 1001 2424 eritque
1040 2385 1196 2412 summa
1228 2385 1326 2412 sane
1365 2371 1429 2412 16.
1494 2372 1657 2419 „Quare
1697 2374 1870 2413 omnium

68 2443 252 2473 numerus
297 2438 340 2471 et
385 2430 597 2471 ferentium
643 2436 685 2469 et
732 2431 1026 2470 restituentium
1069 2431 1149 2470 erit
1185 2430 1262 2479 55,
1252 2432 1291 2453 ‘⁵
1338 2431 1534 2482 siquidem
1586 2431 1667 2470 illic
1715 2433 1869 2471 Fraca-

69 2495 202 2531 storeo
240 2490 427 2542 largiaris
467 2488 514 2538 8,
553 2487 644 2588 2ξέ
680 2489 743 2528 hie
783 2486 940 2537 6,16.
1002 2491 1063 2528 Αι
1099 2489 1134 2528 si
1170 2487 1216 2545 8ζ
1257 2487 1313 2530 23
1358 2496 1400 2528 et
1437 2487 1483 2543 6ζ
1525 2489 1577 2529 15
1616 2491 1865 2544 colligamus,

67 2549 681 2616 Qut-Q

186 2606 260 2657 „Si
289 2620 383 2647 vero
404 2607 492 2648 Soli
522 2612 565 2646 et
582 2606 721 2646 Lunae
753 2617 829 2644 non
857 2605 1058 2644 addiderit
1082 2604 1184 2656 quis,
1216 2618 1315 2657 quos
1337 2605 1521 2654 diximus,
1554 2612 1685 2646 motus
1717 2619 1866 2657 omnes,

68 2665 263 2717 sphaerae
293 2672 410 2707 erunt
438 2664 508 2707 49.
517 2666 537 2683 “
601 2664 697 2705 Sive
738 2663 842 2703 enim
875 2663 1067 2729 Calippus
1099 2664 1212 2703 binos
1250 2664 1467 2712 addiderit,
1505 2665 1653 2704 cadent
1681 2666 1808 2717 pn'mo
1838 2640 1869 2706 4

68 2723 255 2774 ferentes,
288 2724 379 2764 dein
412 2723 439 2764 2
472 2724 732 2764 restituentes
765 2721 884 2770 Solis,
918 2723 1011 2773 quia
1035 2720 1062 2761 2
1095 2723 1180 2773 ejus
1212 2723 1387 2761 ferentes
1418 2724 1612 2763 cecidere.
1675 2723 1758 2764 Sex
1787 2724 1867 2775 igi-

66 2789 132 2822 tur
162 2783 198 2823 si
228 2783 389 2823 auferas
420 2797 446 2823 a
470 2782 546 2828 55,
583 2787 745 2822 restant
774 2778 845 2821 49.
906 2780 1056 2832 Aliqua
1099 2788 1234 2820 tamen
1263 2781 1507 2832 exemplaria
1542 2782 1693 2821 habent
1722 2783 1866 2824 vitiose

67 2837 152 2890 47;
174 2841 281 2883 ‘sive
313 2841 461 2892 singuli
492 2855 517 2881 a
536 2841 706 2892 Calippo
737 2840 820 2879 sint
845 2838 983 2887 additi,
1016 2839 1163 2877 cadent
1193 2839 1319 2890 primo
1352 2839 1379 2879 2
1399 2841 1585 2887 ferentes,
1619 2853 1697 2880 una
1715 2843 1866 2889 Lunae,

69 2899 200 2940 altera
229 2898 353 2948 Solis,
383 2899 552 2952 indeque
584 2899 672 2951 ejus
702 2911 782 2937 una
812 2897 1029 2937 restituens
1038 2909 1051 2945 ;
1084 2909 1205 2948 quare
1225 2896 1251 2938 3
1278 2898 1326 2936 de
1346 2896 1402 2938 52
1434 2898 1609 2947 ablatae,
1640 2900 1867 2954 relinquunt

68 2956 213 3001 iterum
242 2955 314 2999 49.
373 2957 522 2999 Nescio
563 2957 658 3010 quid
697 2956 866 2996 monstri
903 2955 1002 2994 dant
1037 2955 1213 2995 affectati
1251 2956 1420 3005 numeri,
1464 2957 1499 2996 si
1536 2964 1670 2998 tamen
1706 2961 1865 3011 genuini

71 3021 208 3056 suntz'
233 3019 299 3056 est
328 3015 471 3056 binarii
501 3017 625 3056 cubus
655 3013 702 3062 8,
735 3027 920 3054 numerus
951 3014 1162 3054 ferentium
1191 3011 1219 3065 15
1251 3021 1294 3054 et
1323 3014 1388 3063 ᾊς
1420 3021 1485 3055 est
1515 3017 1656 3056 binarii
1689 3018 1864 3070 quadra—

67 3078 152 3117 tum
182 3071 231 3123 4,
262 3086 450 3115 numerus
480 3075 690 3120 stellarum
718 3080 814 3125 post
842 3073 942 3112 duas
973 3072 1078 3121 inas,
1112 3083 1214 3124 quae
1233 3073 1494 3123 restituentes
1525 3075 1598 3114 sub
1623 3088 1667 3115 se
1692 3076 1863 3126 habent3

1500 3143 1580 3176 17*

1989 2501 2002 2531 ι

1941 2534 2028 2551 ,ωδε
