2028 3242
607 37 648 70 aa
674 37 868 71 cumauro
901 39 936 71 in
960 47 1085 71 mum
1108 37 1293 71 unxcm
1774 33 1864 78 413

2 178 9 184 .
62 141 163 191 AG,
191 147 236 184 et
264 154 356 183 esse
386 142 426 183 in
456 142 509 192 Κ,
539 142 579 182 Ν
610 143 770 195 punctis
799 143 861 184 sui
892 143 1015 184 orbis.
1030 141 1076 191 *)
1135 142 1197 183 At
1215 141 1298 182 dixi
1329 146 1453 182 antea
1482 140 1667 181 vernales
1693 140 1864 193 eclipses

66 202 177 242 eirca
204 198 245 242 G
274 201 446 250 tardius,
467 202 730 242 -autumnales
761 202 869 243 circa
885 202 920 242 F
950 201 1069 242 citius
1099 213 1295 254 apparere
1325 212 1445 253 quam
1473 199 1514 240 in
1536 199 1705 240 calculo.
1762 199 1862 240 Cal-

66 259 181 303 culus
205 258 330 326 igitur
357 258 496 301 Solem
525 260 632 301 infra
661 260 726 300 vel
755 266 850 314 post
878 260 919 300 Κ
947 260 988 301 ἰιι
1014 260 1052 301 L
1065 259 1253 313 reponit,
1284 265 1327 300 et
1356 265 1450 300 ante
1480 258 1520 300 N
1551 258 1592 298 in
1624 257 1675 308 Ο,
1711 264 1757 298 ut
1787 271 1863 311 ap-

60 323 207 374 pareat
246 315 288 359 in
316 316 374 368 Ε,
416 318 469 360 Η.
532 316 623 366 Quo
665 326 785 372 pacto
815 319 903 368 fiet,
947 325 994 359 ut
1014 308 1127 359 LBo
1171 318 1227 358 sit
1269 317 1465 358 diameter
1505 315 1720 358 eccentrici
1750 316 1860 358 Solis

66 382 112 419 et
137 375 174 419 B
204 381 386 418 centnm
415 377 502 430 ejus
530 377 696 430 propius
715 378 866 420 Terrae
896 377 939 418 in
969 377 1137 425 calculo,
1170 389 1288 429 quam
1313 376 1353 416 in
1379 375 1675 416 observatione.
1725 373 1862 422 Quare

62 435 99 477 si
134 447 260 483 eausa
299 436 446 478 erroris
488 436 695 490 eclipsium
723 437 975 477 conferretur
1014 436 1055 476 in
1086 447 1245 477 cursum
1283 434 1412 483 Solis,
1456 434 1715 475 statuendum
1751 441 1864 475 esset

63 494 259 548 majorem
301 507 393 536 esse
422 494 531 536 Solis
571 495 910 536 eccentricitatem
941 495 1061 547 duplo
1093 495 1196 543 fere,
1242 506 1360 547 quam
1390 506 1417 534 a
1445 493 1599 534 calculo
1631 493 1861 534 assumitur.

63 553 125 594 At
152 554 245 594 vide
269 565 371 606 quae
403 553 579 594 absurda
608 561 879 606 sequerentur.
939 554 1047 595 Nam
1077 554 1113 594 si
1145 553 1273 605 major
1301 551 1410 594 Solis
1441 552 1734 601 eccentrieitas,
1767 565 1862 605 ergo

63 618 107 653 et
134 612 290 665 longior
318 613 500 653 aestivus
529 613 816 662 semicirculus,
850 618 893 653 et
921 612 1080 653 brevior
1109 612 1317 661 hibernus,
1360 624 1477 665 quam
1509 616 1680 664 quantos
1711 611 1863 652 faciunt

62 669 293 712 aatmubmi.
351 671 414 712 At
441 671 660 712 astronomi
696 685 773 712 non
804 677 975 725 possunt
1004 683 1136 712 errare
1167 671 1253 720 hic,
1286 671 1380 723 quia
1416 670 1535 711 facile
1566 676 1632 711 est
1667 670 1860 711 terminos

62 729 137 770 hos
176 732 230 770 e'x
265 729 545 771 observatione
589 731 930 784 aequinoctiorum
965 730 1070 771 satis
1111 736 1272 783 promta
1314 729 1574 770 constituere.
1634 728 1746 781 Ergo
1790 735 1861 770 aut

63 787 137 829 Sol
164 800 245 829 non
274 795 340 829 est
369 802 494 830 causa
522 789 639 842 hujus
670 790 816 831 erroris
847 790 955 831 cifca
984 789 1176 842 eclipses,
1215 793 1287 829 aut
1317 787 1612 829 concedendum
1643 788 1723 829 erit
1751 788 1860 829 alte-

65 859 154 888 rum
184 847 420 888 absurdum:
453 860 593 901 nempe
612 848 749 890 Solem
779 849 820 890 in
850 862 923 891 suo
955 848 1050 890 orbe
1082 847 1305 890 eccentrico
1337 847 1445 888 circa
1465 846 1498 888 C
1529 859 1608 887 non
1639 847 1862 900 aequaliter

62 905 259 954 incedere,
290 907 364 947 sed
395 907 543 948 habere
574 914 756 949 centrum
784 907 1044 962 aequalitatis
1062 907 1098 948 B
1129 907 1293 960 propius
1313 906 1480 947 Terram
1499 907 1597 959 (quo
1618 907 1735 947 modo
1765 919 1857 947 ma-

64 970 207 1005 nerent
232 965 294 1006 illi
329 966 481 1006 numeri
511 966 757 1008 aestivorum
792 972 837 1007 et
865 967 1102 1008 brumalium
1133 967 1308 1013 dierum)
1338 971 1481 1006 contra
1510 977 1631 1018 qnam
1666 965 1708 1006 in
1739 977 1863 1018 supe·-

65 1022 247 1072 rioribu&
279 1023 347 1064 ubi
375 1032 558 1065 centrum
587 1026 849 1079 aequalitatis
880 1040 907 1066 a
936 1027 1063 1066 Terra
1093 1021 1249 1078 longius
1280 1025 1412 1065 abest.
1474 1022 1594 1070 Quod
1623 1024 1659 1064 si
1679 1024 1767 1077 quis
1784 1025 1861 1065 hoc
1902 1057 1912 1062 -

63 1081 167 1122 nolit
192 1094 266 1135 pro
296 1083 470 1124 absurdo
500 1084 667 1133 habere,
708 1086 834 1126 fretus
866 1085 1047 1138 exemplo
1078 1083 1280 1129 Mercurii,
1313 1084 1404 1124 huic
1436 1083 1558 1124 aliam
1588 1095 1753 1124 causam
1783 1095 1858 1136 ap-

62 1152 188 1194 pono,
230 1154 312 1196 qua
339 1141 589 1191 demonstro,
635 1143 772 1184 Solem
812 1156 888 1184 non
932 1156 1022 1184 esse
1059 1143 1099 1184 in
1138 1156 1262 1184 causa
1297 1142 1415 1194 hujus
1452 1142 1598 1182 erroris
1638 1142 1859 1194 eclipsium.

65 1199 175 1240 Nam
204 1200 269 1241 die
298 1200 512 1242 Paschatis
543 1210 637 1254 post
667 1203 833 1255 eclipsin
864 1203 1115 1244 noctu⁷hora
1145 1201 1382 1242 duodecima
1411 1201 1527 1241 Luna
1558 1201 1679 1253 plena
1708 1202 1861 1242 coelum

63 1258 258 1300 mediavit
284 1271 375 1306 cum
405 1259 596 1301 Saturno.
657 1261 721 1302 Ex
753 1275 831 1315 qua
862 1261 1142 1302 observatione
1179 1260 1380 1301 mediante
1411 1260 1675 1300 calculatione
1707 1260 1861 1300 evinci-

65 1322 149 1365 tur,
178 1317 319 1359 Iaunae
348 1319 479 1360 locum
509 1320 634 1361 etiam
663 1326 747 1360 tum
778 1321 902 1361 fuisse
934 1322 1076 1368 aliurn,
1115 1332 1231 1372 quam
1262 1319 1301 1359 in
1333 1319 1507 1366 calculo;
1552 1318 1728 1359 debebat
1757 1319 1860 1360 euim

64 1376 120 1416 ad
146 1389 325 1418 normam
353 1378 498 1419 calculi
529 1377 746 1420 Saturnum
771 1380 855 1432 jam
887 1392 1113 1432 superasse.
1175 1378 1255 1420 Ubi
1291 1377 1355 1418 hic
1387 1377 1487 1418 Sol?
1525 1378 1592 1430 qui
1622 1384 1732 1418 certe
1763 1378 1861 1419 nihil

66 1435 168 1476 feeit
192 1436 246 1476 ad
275 1436 545 1489 indagandum
570 1438 705 1478 'locum
736 1438 888 1480 Lunae.
950 1439 1059 1490 Ergo
1085 1439 1203 1491 plane
1224 1437 1296 1478 Sol
1316 1436 1539 1477 absolvitur
1562 1437 1614 1476 ab
1634 1437 1710 1477 hac
1728 1437 1858 1490 culpa.

65 1493 123 1534 Ut
149 1506 230 1535 non
262 1495 394 1536 dicam
424 1496 463 1536 in
495 1509 639 1549 magno
670 1498 846 1549 periculo
887 1498 1040 1539 versari
1072 1497 1294 1537 doctrinam
1326 1495 1682 1548 aequinoctiorum,
1718 1497 1753 1536 si
1784 1496 1859 1536 hoc

64 1552 106 1593 iu
133 1551 244 1594 Solis
273 1555 410 1595 orbem
447 1556 678 1596 audeamus.
739 1558 876 1608 Atque
908 1556 983 1596 hoc
1014 1562 1077 1596 est
1115 1556 1218 1608 quod
1249 1555 1291 1595 in
1321 1554 1577 1607 prognostico
1608 1567 1697 1595 meo
1735 1555 1857 1607 legis:

66 1612 140 1661 „In
169 1617 280 1652 motu
310 1612 419 1654 Solis
449 1615 535 1655 sine
567 1628 715 1667 magna
744 1615 1045 1667 perturbatione
1076 1615 1223 1655 mutari
1255 1613 1352 1653 nihil
1382 1626 1523 1666 posse,
1566 1614 1671 1666 quod
1702 1615 1859 1666 quidem

18 1704 21 1706 ,
65 1670 120 1711 ad
148 1670 253 1712 hanc
281 1672 520 1714 anomaliam
550 1675 786 1714 salvandam
816 1674 981 1715 faciat.“

84 1766 95 1770 -
181 1728 372 1783 Sequitur
407 1732 540 1772 Luna
581 1733 707 1785 ipsa,
746 1746 864 1785 quam
904 1733 1021 1786 hujus
1059 1732 1198 1784 eulpae
1236 1743 1347 1771 ream
1382 1732 1595 1772 manifeste
1627 1736 1741 1772 tenet
1782 1731 1859 1772 ob-

63 1788 240 1829 servatio
269 1789 493 1832 Paschalis.
554 1792 731 1832 Assumo
762 1792 896 1845 itaque
916 1804 1094 1832 mensem
1119 1791 1336 1839 hibernum,
1371 1790 1466 1831 Sole
1493 1791 1600 1831 circa
1623 1790 1859 1843 principium

65 1846 301 1901 Capricorni
329 1856 530 1896 versante,
562 1851 729 1899 (ceteris
757 1851 942 1903 paribus)
974 1850 1133 1891 circiter
1163 1855 1333 1902 quatuor
1366 1850 1488 1890 horas
1518 1850 1737 1902 longiorem
1767 1862 1859 1891 esse

69 1918 189 1959 quam
217 1907 429 1958 aestivum,
461 1909 557 1950 Sole
588 1910 696 1950 circa
726 1910 945 1950 solstitium
974 1914 1175 1957 versante,
1208 1914 1430 1949 ceterorum
1460 1909 1666 1958 mensium,
1698 1914 1744 1949 ut
1768 1910 1859 1962 qui-

0 1969 2 2007 1
37 1965 165 2016 *libet
203 1967 455 2018 aequinoctio
494 1969 551 2009 sic
588 1969 777 2009 mediocri
808 1970 1019 2022 (quantum
1058 1968 1236 2008 calculus
1272 1967 1426 2020 prodit)
1467 1968 1706 2020 propiorem.
1769 1969 1858 2009 Hoc

0 2032 2 2048 ²
61 2029 182 2076 paeto
218 2031 370 2066 certum
406 2033 471 2067 est
511 2028 670 2080 negotio
708 2028 963 2069 satisfactum
1002 2027 1063 2068 iri.
1124 2028 1231 2068 Nam
1268 2039 1356 2066 cum
1394 2041 1419 2066 a
1448 2039 1592 2069 cancro
1630 2028 1683 2067 ad
1714 2027 1858 2067 libram

62 2088 147 2123 tres
177 2083 320 2124 breves
348 2097 505 2126 menses
536 2093 763 2139 sequantur,
797 2093 890 2127 sunt
919 2086 1122 2127 breviores
1153 2086 1308 2126 duabus
1339 2085 1461 2134 horis,
1495 2099 1613 2138 quam
1638 2093 1722 2126 tres
1741 2099 1856 2126 men-

62 2154 130 2181 ses
172 2141 407 2183 mediocres.
470 2144 600 2185 Citius
642 2145 766 2197 igitur
796 2147 911 2186 Luna
950 2144 1134 2198 pervenit
1170 2145 1222 2184 ad
1253 2144 1412 2193 Solem,
1458 2158 1575 2197 quam
1614 2146 1650 2185 si
1682 2147 1858 2193 (remota

65 2199 387 2241 consideratione
418 2203 502 2255 ejus
534 2204 790 2252 anomaliae)·
810 2205 1032 2257 aequaliter
1063 2216 1220 2255 semper
1244 2209 1483 2244 moveretur.
1547 2202 1702 2244 Contra
1726 2218 1751 2243 a
1771 2203 1856 2245 Ca—

12 2266 18 2275 ·
59 2259 244 2310 pricorno
287 2260 340 2300 ad
369 2260 552 2302 Arietem
589 2268 674 2302 tres
705 2264 809 2303 tardi
851 2269 1069 2316 sequuntur
1100 2275 1276 2311 menses,
1320 2262 1476 2302 tardius
1512 2262 1635 2314 igitur
1673 2263 1856 2314 opinione

52 2317 178 2358 Luna
206 2319 272 2359 vel
302 2320 375 2359 sub
406 2319 542 2361 Solem
573 2327 643 2360 aut
673 2321 711 2360 in
744 2322 781 2361 ei
812 2323 1037 2374 oppositam
1067 2322 1247 2361 umbram
1276 2320 1452 2361 incurrit.
1515 2321 1582 2362 Ab
1601 2322 1742 2362 Ariete
1762 2334 1856 2361 vero

166 2479 208 2528 ο)
244 2484 360 2519 IGFD
397 2489 455 2520 est
491 2486 751 2532 consequentia
786 2487 985 2534 signorum.
1040 2488 1107 2523 ΕΙ)
1138 2486 1486 2533 prosthaphaeresis
1524 2487 1763 2531 diminuenda,
1801 2489 1855 2525 IH

58 2536 405 2582 pmtuaphaeresis
425 2541 609 2585 augenda.
664 2540 752 2575 Cum
771 2552 860 2586 ergo
875 2540 955 2586 jam
972 2552 1150 2585 ponamus
1171 2541 1207 2575 in
1225 2542 1242 2575 l
1261 2541 1388 2576 Ariete
1407 2540 1529 2575 Solem
1546 2541 1693 2587 longius
1712 2542 1751 2577 in
1769 2555 1853 2578 con-

38 2631 43 2639 ι
61 2590 254 2635 sequentia
283 2590 422 2626 distare
433 2619 443 2633 ,
480 2603 588 2638 quam
619 2588 656 2623 in
686 2594 828 2629 calculo
859 2594 1058 2635 invenitur,
1104 2594 1216 2628 distet
1245 2605 1337 2639 ergo
1364 2593 1467 2627 ultra
1496 2594 1526 2628 0
1558 2594 1595 2628 in
1625 2595 1671 2629 N.
1725 2596 1777 2631 Et
1806 2597 1855 2632 sit

58 2641 405 2688 prosthaphaeresis
423 2645 475 2680 IG
493 2645 611 2690 major
630 2656 738 2690 quaxn
756 2647 821 2681 ΙΗ.
876 2647 1034 2682 Rursum
1053 2647 1148 2681 enim
1166 2658 1340 2691 ponemus
1360 2646 1397 2680 in
1411 2647 1447 2681 D
1465 2646 1580 2681 Libra
1597 2647 1719 2684 Solem
1737 2649 1854 2685 minus

59 2693 99 2728 in
115 2696 380 2741 consequentia
409 2698 558 2740 distare,
592 2709 700 2744 quam
730 2699 768 2734 in
787 2699 929 2733 calculo
948 2700 1143 2741 invenitur,
1176 2704 1251 2734 stet
1275 2710 1365 2745 ergo
1391 2704 1478 2734 ante
1496 2700 1528 2734 L
1548 2696 1686 2743 (locum
1704 2699 1852 2745 calculi)

57 2746 98 2781 in
112 2746 152 2782 K
169 2752 210 2783 et
227 2749 277 2784 sit
291 2751 639 2796 prosthaphaeresis
658 2752 721 2787 ΓΙ)
740 2752 859 2797 major
883 2763 1025 2787 rursum
1044 2763 1152 2798 quam
1169 2753 1249 2787 ΕΒ.
1306 2753 1395 2786 Cum
1413 2763 1504 2798 ergo
1522 2753 1629 2788 Luna
1658 2756 1853 2790 secundum

61 2798 242 2836 &lullum
260 2802 395 2837 debeat
412 2814 528 2850 usque
546 2805 584 2839 in
601 2805 633 2839 L
650 2805 799 2846 moveri,
820 2810 862 2839 ut
879 2805 1030 2840 Solem
1019 2817 1056 2840 ιιι
1074 2806 1106 2840 Ε
1126 2810 1357 2851 assequatur,
1390 2806 1631 2851 deprehendit
1647 2807 1806 2843 illumin
1823 2811 1853 2845 F

60 2855 101 2886 et
123 2863 198 2888 non
227 2865 319 2899 opus
337 2855 497 2891 haberet
525 2857 680 2892 ulterius
711 2858 781 2892 nisi
800 2858 838 2892 in
857 2858 888 2898 Q
906 2858 1092 2904 progredi.
1148 2858 1207 2893 Sic
1225 2870 1305 2893 oum
1335 2858 1523 2893 existimet
1550 2860 1711 2896 calculus
1730 2861 1853 2903 Solem

61 2902 100 2938 in
115 2904 155 2939 Η
170 2908 383 2951 repertum'
373 2909 417 2943 iri
434 2909 588 2955 ideoque
606 2911 776 2946 Lunam
767 2923 805 2945 ιιι
822 2911 852 2945 Τ
871 2912 1093 2946 solummodo
1119 2911 1329 2953 constituat,
1362 2916 1491 2947 contra
1507 2912 1572 2947 Sol
1590 2914 1691 2949 ultra
1706 2914 1772 2949 Η
1761 2926 1800 2949 ιιι
1818 2920 1850 2955 G

59 2959 120 2992 eut
133 2962 175 2994 et
189 2958 318 2996 Lunae
331 2960 468 2998 diutius
486 2964 643 2999 eundum
660 2965 774 3000 donec
791 2964 959 3000 ultraT
949 2977 986 2999 ιιι
997 2965 1032 3000 R
1049 2964 1186 3000 veniat.
1211 2965 1315 3000 Haec
1332 2969 1423 3010 puto
1446 2966 1560 3011 paulo
1578 2967 1749 3003 clariora.
1802 2972 1849 3006 K.
