1982 3268
163 121 219 165 26
956 125 1170 160 Prooemium.

161 241 203 263 ne
228 231 420 272 peritissimo
445 231 574 273 quidem
601 231 717 264 artifici
742 232 914 270 hactenus,
940 233 989 266 vel
1014 243 1072 275 per
1095 233 1301 269 insomnium,
1327 233 1361 264 in
1385 236 1529 265 mentem
1553 233 1652 268 venit.
1689 231 1761 267 Iam
1778 241 1854 264 vero
1869 232 1962 276 Kep-

162 279 246 310 lerus
270 282 381 309 noster
406 279 614 311 solertissimo
641 289 680 311 ex
705 281 887 321 geometria
911 282 1042 312 invento
1069 281 1191 313 orbium
1216 290 1274 312 seu
1299 280 1509 322 sphaerarum
1534 280 1722 313 coelestium
1741 283 1866 313 certum
1890 279 1963 312 fini-

162 332 293 367 tumque
319 336 490 358 numerum
517 331 550 358 et
574 327 731 363 ordinem,
759 331 856 369 atque
881 329 967 370 quod
990 329 1166 360 maximum
1193 333 1252 368 est,
1280 332 1403 360 certam
1426 326 1700 372 magnitudinum,
1726 329 1812 360 sicut
1835 331 1870 360 et
1893 337 1962 359 mo-

160 378 251 405 tuum
264 397 272 410 ‚
300 373 343 405 ad
367 383 402 405 se
426 380 538 407 mutuo
563 376 802 416 proportionem
827 376 947 414 tradit;
980 381 1014 408 et
1037 375 1134 417 paulo
1161 375 1258 409 altius
1282 380 1388 407 sumto
1412 376 1504 407 initio
1530 376 1689 412 ostendit,
1719 375 1805 418 quod
1830 374 1965 407 Creator

160 420 250 452 Deus
270 420 344 462 Opt-
363 420 452 453 Max.
479 423 512 454 in
537 422 649 454 mundi
675 423 851 462 creatione,
875 425 972 464 juxta
988 424 1135 466 vquinque
1159 423 1356 466 regularium
1383 427 1559 464 corporum
1573 423 1856 465 geometricorum,
1882 422 1964 455 alias

161 469 306 499 omnibus
333 470 506 511 geometris
531 470 781 506 notissimorum,
806 472 1056 512 proportionem,
1083 471 1238 513 sphaeras
1261 471 1419 503 coelestes
1443 470 1578 502 mobiles
1600 470 1824 507 fabricaverit,
1851 473 1963 502 exten-

160 516 263 552 derit,
291 516 502 556 disposuerit,
547 518 752 548 adornaverit
783 522 817 550 et
841 519 1047 551 ordinaverit.
1098 520 1204 560 Atque
1229 518 1315 551 hanc
1341 519 1540 550 sententiam
1564 519 1633 559 ipse
1657 527 1723 550 non
1746 517 1878 560 logicis,
1903 527 1965 550 nec

159 563 283 595 levibus
302 568 360 596 aut
377 564 495 601 dubiis,
521 565 571 597 vel
590 565 740 600 anilibus,
764 565 865 597 multo
883 567 988 598 minus
1017 567 1130 599 alienis
1155 571 1253 608 atque
1279 565 1322 598 ad
1338 567 1537 607 propositum
1553 575 1647 598 suum
1663 565 1819 598 violenter
1836 565 1965 598 adactis

159 612 364 651 conjecturis,
391 613 449 643 sed
474 613 642 654 genuiniS,
668 613 908 654 propriissimis,
935 619 1003 646 tam
1029 624 1068 646 ex
1093 625 1200 646 rerum
1224 618 1358 653 natura,
1386 623 1483 655 quam
1510 623 1550 645 ex
1572 614 1754 655 geometria
1778 612 1964 655 depromtis,

158 659 273 700 quibus
299 659 477 692 contradici
503 670 567 691 non
593 664 711 701 potest,
739 661 917 692 ratiociniis
944 661 1125 694 coufirmat.
1177 661 1321 701 Quorum
1344 661 1546 703 potissimum
1571 665 1631 697 est,
1664 661 1909 703 elegantissima
1933 663 1966 692 et

157 706 350 738 suavissima
374 706 555 744 harmonia,
584 712 617 738 et
642 717 825 739 consonans
852 713 1031 741 concentus
1058 709 1176 742 calculi
1202 709 1409 741 astronomici
1435 719 1474 740 ex
1491 708 1769 740 observationibus
1790 710 1861 749 jam
1887 711 1965 740 ante

157 754 285 794 proditi,
313 764 385 786 cum
411 755 551 796 quinque
576 755 772 796 regularium
799 765 968 797 corporum
993 757 1208 789 diastematis.
1249 755 1388 795 Quantis
1407 757 1494 788 enim
1514 755 1693 788 intervallis
1718 755 1878 797 sphaerae
1904 755 1964 788 cir-

157 802 374 843 cumscriptae
401 803 482 834 cubo
508 812 566 834 seu
590 803 771 837 hexaedro‚
802 805 964 844 pyramidi
989 814 1048 836 seu
1072 805 1255 841 tetraedm,
1281 803 1505 840 dodecaedm,
1530 803 1720 841 icosaedro,
1747 803 1919 840 octaedro,
1945 812 1967 835 a

156 848 302 889 sphaeris
326 849 378 880 his
403 850 519 882 iisdem
545 851 730 891 corporibus
754 852 917 892 inscriptis
943 852 1110 894 sigillatim
1127 852 1271 889 distant3
1296 855 1394 883 tanta
1418 852 1518 884 etiam
1541 851 1720 884 interstitia
1742 851 1828 883 inter
1849 850 1964 894 plane-

156 897 258 928 tarias
283 897 439 938 sphaeras
467 908 506 929 ex
531 898 642 929 ordine
668 899 862 940 interposita
886 909 958 931 esse
985 900 1222 932 astronomicae
1240 899 1481 931 numerationes
1508 899 1682 941 (quantum
1700 898 1830 941 quidem
1846 899 1889 931 ab
1906 898 1964 933 eis,

156 944 271 984 quibus
297 955 361 976 non
387 954 495 986 pauca
521 945 627 977 adhuc
660 945 798 978 deficere
830 957 925 977 nemo
959 947 1236 980 observationibus
1260 948 1406 979 intentus
1431 947 1556 984 nescit,
1590 946 1654 978 huc
1678 956 1781 988 usque
1804 945 1966 988 praestari

154 992 260 1032 potuit
292 996 349 1023 aut
381 993 573 1033 praestitum
606 991 670 1030 est)
698 993 874 1025 clarissime
899 995 1057 1027 indicant.
1111 996 1162 1027 Ab
1186 995 1249 1027 hoc
1273 995 1373 1037 igitur
1397 997 1558 1036 tempore,
1593 994 1648 1036 qui
1673 994 1835 1027 coelorum
1858 996 1967 1026 motus

153 1038 280 1078 plenius
305 1040 486 1081 inquirere,
522 1044 555 1072 et
580 1050 664 1082 quae
693 1042 726 1072 in
753 1042 953 1073 astronomia
978 1042 1084 1075 adhuc
1101 1043 1230 1075 'manca
1264 1046 1359 1080 sunt,
1394 1041 1528 1074 reficere
1563 1045 1596 1074 et
1619 1041 1843 1084 redintegrare
1867 1041 1965 1078 volet,

152 1086 253 1118 habet
273 1088 343 1127 jam
370 1088 391 1118 a
415 1089 511 1129 priori
540 1092 711 1129 patentem
733 1091 884 1129 januam,
911 1099 977 1130 qua
1000 1091 1213 1133 ingrediatur,
1237 1090 1339 1122 habet
1362 1090 1578 1122 rectissimam
1602 1098 1760 1128 normam,
1788 1089 1832 1121 ad
1855 1098 1964 1131 quam,

155 1144 215 1166 ceu
240 1134 283 1166 ad
307 1134 447 1175 Lydium
473 1135 633 1177 lapidem,
673 1146 784 1168 omnes
811 1146 888 1168 suas
921 1137 1184 1177 obse1vationeS,
1221 1142 1388 1178 totumque
1424 1136 1586 1169 calculum
1621 1137 1795 1169 examinet.
1846 1136 1966 1168 Merito

153 1182 252 1224 igitur
269 1186 380 1214 nostro
399 1183 509 1215 seculo
537 1183 576 1214 de
593 1184 656 1216 hoc
676 1184 938 1216 excellentissimi
957 1162 1186 1218 Mathematici
1204 1185 1339 1227 Kepleri
1365 1185 1623 1230 ingeniosissimo
1649 1185 1781 1216 invento
1807 1184 1963 1227 gratulor,

153 1227 232 1260 nihil
259 1229 430 1267 dubitans,
458 1231 536 1272 quin
560 1241 618 1273 per
643 1232 677 1264 id
701 1235 807 1263 totam
832 1234 1064 1267 astronomiam
1088 1234 1275 1274 propediem
1299 1235 1521 1268 restauratam
1543 1232 1644 1272 visuri
1666 1232 1776 1273 simus,

247 1276 343 1316 Quod
367 1279 395 1309 si
420 1289 529 1320 quem,
557 1279 640 1311 sicut
663 1279 824 1312 hactenus
849 1290 913 1311 non
940 1290 1073 1321 paucos,
1101 1281 1271 1322 Copernici
1287 1279 1516 1321 hypothesium
1534 1289 1555 1312 a
1571 1270 1682 1312 multis
1699 1279 1867 1323 illegitime
1887 1289 1964 1312 con·
1968 1319 1970 1321 ‚

153 1323 312 1356 demnata
338 1329 371 1356 et
395 1331 525 1367 praeter
549 1328 711 1360 rationem
735 1327 909 1359 diffamata
925 1328 1109 1361 absurditas
1128 1327 1281 1366 offendit3
1310 1332 1343 1360 et
1367 1327 1452 1369 quod
1468 1327 1633 1368 Keplerus
1656 1327 1718 1359 hoc
1742 1337 1800 1360 suo
1819 1327 1965 1365 invento,

152 1382 219 1403 una
245 1382 319 1404 cum
347 1372 546 1414 Copernieo,
580 1375 748 1407 stellarum
778 1375 916 1407 fixarmn
941 1376 973 1407 in
1001 1381 1159 1416 extremo,
1196 1381 1230 1409 et
1255 1375 1338 1408 Solis
1362 1375 1396 1407 in
1421 1375 1532 1407 mundi
1557 1378 1670 1407 centro
1694 1374 1964 1412 immobilitatem,

151 1423 248 1461 atque
284 1420 405 1453 Terrae
440 1426 532 1453 extra
563 1422 705 1454 medium
738 1422 928 1455 circularem
952 1424 1169 1456 mobilitatem
1196 1424 1332 1457 astruit:
1369 1423 1395 1454 is
1420 1432 1540 1465 quaeso
1567 1423 1653 1464 prius
1680 1431 1749 1454 rem
1774 1426 1971 1465 cognoscam

152 1471 186 1498 et
211 1468 393 1505 examinet,
430 1479 528 1510 quam
553 1471 703 1511 praecoci
728 1470 927 1511 praejudicio
952 1473 1151 1503 sententiam
1175 1472 1281 1508 ferat,
1317 1471 1344 1502 is
1375 1470 1486 1512 legat,
1523 1479 1608 1511 quae
1635 1469 1834 1512 Coperuicus
1857 1469 1910 1502 lib.
1936 1465 1982 1516 152¹

150 1524 222 1556 cap.
250 1515 291 1547 V.
324 1520 358 1547 et
391 1517 532 1558 quinque
566 1519 795 1559 sequentibus,
829 1519 908 1550 item
939 1528 1024 1559 quae
1061 1519 1224 1560 Keplerus
1256 1523 1367 1551 noster
1398 1527 1471 1559 cap.
1497 1518 1523 1550 1.
1556 1519 1607 1549 sui
1631 1517 1800 1550 Prodromi
1830 1516 1971 1567 scribitg¹

149 1572 209 1594 nec
235 1572 300 1594 non
325 1573 410 1604 quae
436 1563 595 1597 Rheticus
621 1570 777 1607 sequente
802 1566 991 1598 narratione
1016 1566 1135 1604 habet,
1175 1568 1231 1599 nbi
1255 1565 1452 1608 principales
1477 1566 1620 1598 rationes
1647 1570 1836 1602 enumerat,
1863 1575 1930 1607 qua
1954 1562 1972 1601 χ’

151 1619 171 1641 a
195 1613 341 1642 veterum
367 1615 623 1643 astronomorum
647 1613 879 1654 hypothesibus
903 1613 1122 1646 recedendum
1148 1615 1254 1647 fuerit.
1305 1613 1348 1645 Et
1381 1613 1522 1645 videbit:
1558 1613 1784 1655 quaestionem
1815 1613 1857 1645 de
1894 1612 1957 1645 loc

153 1661 186 1688 et
209 1662 370 1698 perpetua
395 1659 503 1700 quiete
528 1659 649 1692 Terrae
674 1670 882 1702 nequaquam
906 1660 1062 1702 liquidam
1088 1671 1171 1694 esse.
1226 1661 1350 1701 Quibus
1375 1659 1464 1692 istud
1489 1660 1644 1702 adiungo.
1960 1673 1962 1676 ·

247 1705 387 1737 Usitatis
413 1716 494 1738 sane
518 1707 768 1748 hypothesibus,
801 1718 886 1750 quae
918 1709 1177 1763 praescriptione
1211 1710 1318 1751 potius
1350 1717 1448 1748 quam
1471 1708 1600 1739 ratione
1626 1707 1738 1740 valent
1769 1707 1905 1746 (idcirco
1944 1744 1949 1745 ⁷

150 1752 247 1794 vulgo
276 1762 332 1784 eas
357 1755 502 1794 proponi,
530 1759 564 1786 et
588 1760 720 1795 tyrones
745 1756 892 1796 primitus
917 1756 950 1788 in
976 1757 1033 1794 eis,
1059 1756 1148 1789 velut
1166 1757 1378 1789 communiter
1395 1756 1492 1792 notis,
1519 1759 1554 1788 et
1578 1755 1618 1787 ob
1641 1755 1676 1787 id
1698 1755 1805 1796 ipsum
1831 1755 1943 1797 cogni

152 1800 372 1839 facilioribus,
405 1802 570 1834 informari
595 1803 698 1834 satius
724 1807 757 1835 et
782 1803 960 1835 consultius
986 1807 1054 1835 est.
1079 1805 1128 1836 ita
1153 1805 1285 1837 easdem
1310 1805 1343 1835 in
1371 1804 1487 1836 ceteris
1513 1802 1808 1844 disputationibus,
1833 1802 1895 1834 nisi
1928 1816 1930 1821 ,

153 1849 308 1879 interiora
334 1851 551 1882 astronomiae
576 1851 760 1905 penetralia
783 1851 1031 1892 ingrediendum
1056 1852 1108 1885 sit
1137 1853 1350 1884 communiter
1376 1851 1520 1888 retineri,
1547 1850 1687 1882 eandem
1712 1850 1752 1882 ob
1777 1859 1911 1882 causam

152 1894 325 1936 plurimum
352 1894 498 1937 expedit)
524 1897 626 1930 Terra
649 1899 681 1929 in
707 1897 813 1930 medio
839 1899 950 1939 quieta
975 1899 1147 1934 statuitur,
1173 1899 1339 1941 potissimo
1367 1901 1559 1940 argumento
1586 1907 1607 1930 a
1630 1898 1802 1940 gravitatis
1827 1900 1862 1930 et
1884 1897 1915 1930 le
1947 1894 1953 1942 ιΪ

151 1943 229 1974 tatis
254 1945 427 1975 momentis
453 1944 621 1982 desumto,
658 1946 735 1986 quia
766 1946 880 1987 gravia
905 1946 947 1978 ad
972 1946 1084 1978 mundi
1115 1947 1258 1979 medium
1289 1946 1458 1982 deorsum,
1493 1946 1580 1978 levia
1609 1946 1651 1977 ab
1683 1945 1830 1986 ejusdem
1854 1955 1921 1976 ιιι-,ι

151 1999 278 2022 sursum
303 1991 378 2022 ferri
405 1991 567 2024 dicuntur.
617 1994 663 2024 At
688 2002 809 2035 quaeso
833 1993 920 2025 unde
946 1994 1038 2025 nobis
1062 1994 1146 2027 haec
1171 1995 1289 2027 levium
1314 1994 1524 2036 graviumque
1561 1991 1787 2034 experientia?
1825 1996 1860 2025 et
1882 1991 1959 2039 (μζιῗ,

149 2047 252 2078 usque
287 2047 396 2070 eorum
432 2040 552 2072 notitia
583 2041 670 2081 apud
701 2051 760 2072 nos
791 2050 826 2072 se
859 2041 1024 2080 extendit,
1061 2046 1099 2074 ut
1131 2052 1170 2074 ex
1211 2042 1257 2074 eis
1282 2043 1382 2073 totius
1407 2041 1520 2073 mundi
1543 2040 1686 2072 medium
1712 2043 1800 2072 certo
1826 2041 1948 2082 argue

149 2084 334 2126 possimus?
372 2087 424 2118 An
450 2097 515 2119 non
542 2088 645 2119 omnis
671 2088 767 2120 sedes
793 2092 827 2120 et
850 2092 955 2120 totum
980 2089 1177 2121 domicilium
1205 2090 1346 2121 omnium
1373 2098 1495 2129 eorum,
1520 2097 1604 2130 qnae
1629 2087 1722 2119 nobis
1746 2088 1862 2130 gravia
1885 2097 1937 2119 s1=

151 2136 209 2163 aut
233 2132 329 2170 levia,
356 2134 469 2172 Terra,
497 2139 531 2167 et
555 2136 644 2167 circa
669 2135 804 2168 Terram
831 2145 887 2167 aer
913 2135 987 2168 est?
1027 2135 1093 2168 Sed
1110 2137 1187 2179 quid
1203 2136 1316 2173 Terra,
1342 2135 1420 2178 quid
1444 2145 1518 2181 eam
1542 2135 1690 2175 ambiens
1715 2144 1782 2175 aer,
1808 2145 1935 2176 respe

148 2180 330 2212 immensae
355 2182 454 2214 totius
479 2174 592 2214 mundi
617 2182 809 2214 vastitatis?
846 2182 1009 2215 Punctum
1028 2188 1115 2221 sunt,
1142 2185 1207 2216 sive
1225 2183 1383 2225 punctuli,
1410 2182 1445 2215 et
1467 2183 1494 2214 si
1519 2174 1597 2224 quid
1619 2183 1725 2215 minus
1750 2182 1815 2225 dici
1837 2192 1925 2225 pos
1954 2191 1957 2203 <

148 2227 312 2262 rationem
327 2227 461 2262 habent.
502 2229 598 2269 Quod
623 2241 697 2263 cum
722 2231 774 2267 sit,
803 2240 846 2262 an
871 2241 935 2262 nou
959 2231 1182 2273 philosophum
1210 2232 1372 2264 dicturum
1396 2235 1506 2272 putas,
1533 2230 1618 2272 quod
1641 2220 1779 2262 infirma
1786 2239 1934 2272 argume

147 2275 230 2307 tatio
257 2284 278 2307 a
301 2277 475 2316 particula,
502 2278 568 2310 sive
592 2277 654 2310 hoc
679 2278 835 2319 punctulo
862 2278 904 2310 ad
928 2282 1032 2310 totum
1048 2280 1204 2311 mundum
1222 2277 1414 2311 extruatur?
1451 2277 1527 2310 Nou
1554 2287 1630 2320 ergo
1664 2287 1704 2309 ex
1732 2277 1782 2314 iis,
1809 2287 1893 2320 quae

147 2322 209 2354 hoc
234 2324 424 2363 punctulum
451 2329 622 2366 appetunt,
648 2326 700 2357 vel
727 2326 767 2357 ab
795 2336 831 2358 eo
858 2326 1040 2368 refugiunt,
1066 2327 1106 2359 de
1133 2327 1363 2368 spaciosissimi
1387 2326 1483 2367 hujus
1508 2324 1620 2357 mundi
1645 2328 1757 2357 centro
1783 2325 1864 2358 certi

146 2380 327 2411 possumus.
370 2372 493 2404 Locum
519 2373 649 2414 quidem
674 2383 768 2405 suum
793 2374 967 2415 proprium,
994 2374 1046 2415 qui
1072 2374 1260 2415 philosopho
1285 2378 1372 2405 teste
1399 2377 1450 2405 est
1474 2373 1631 2414 perfectio
1655 2372 1714 2410 rei,
1738 2371 1823 2415 haec
1847 2382 1936 2404 nos

147 2418 262 2459 gravia
296 2422 329 2450 et
366 2420 450 2451 levia
482 2430 503 2452 a
532 2424 654 2452 natura
680 2421 739 2452 sibi
766 2421 921 2452 tributum
948 2426 1127 2462 appetunt,
1163 2431 1259 2463 quam
1292 2421 1520 2458 affectionem,
1557 2425 1595 2453 ut
1621 2419 1818 2461 Copernicus
1842 2419 1897 2451 lib.

148 2474 219 2506 cap.
248 2463 279 2495 9.
308 2467 431 2498 erudite
458 2468 606 2504 disserit,
634 2468 786 2500 credibile
813 2472 863 2500 est
888 2469 987 2500 etiam
1014 2468 1099 2506 Soli,
1125 2469 1257 2507 Lunae,
1293 2469 1472 2510 ceterisque
1507 2468 1683 2500 errantium
1707 2466 1883 2522 fulgoribus
1909 2467 1917 2474 “

149 2522 229 2548 esse,
256 2516 293 2544 ut
318 2516 386 2554 ejus
413 2515 563 2547 efficacia
586 2516 619 2547 in
646 2525 698 2551 ea,
725 2525 790 2557 qua
817 2526 851 2547 se
877 2521 1139 2571 repraesentant,
1166 2517 1367 2548 rotunditate
1391 2519 1628 2557 permaneant:
1659 2514 1744 2556 quod
1765 2515 1793 2546 si
1816 2515 1844 2546 is
1868 2514 1920 2546 lo

148 2560 267 2592 alicubi
292 2562 386 2593 simul
412 2563 454 2594 sit
481 2563 593 2594 mundi
619 2568 778 2600 centrum,
805 2563 838 2595 id
862 2573 929 2595 non
949 2564 1011 2595 nisi
1028 2573 1085 2605 per
1103 2564 1256 2596 accidens
1274 2564 1446 2606 contingit.
1484 2563 1608 2598 Verum
1626 2561 1796 2605 Gopernici
1813 2562 1911 2594 ratio

147 2610 386 2642 astronomicae
412 2621 477 2642 non
503 2620 524 2642 a
547 2610 730 2652 particula,
765 2620 869 2653 eaque
904 2610 1142 2648 minutissima,
1175 2611 1219 2643 ad
1242 2615 1367 2643 totum:
1398 2611 1457 2642 sed
1481 2613 1614 2647 contra,
1640 2619 1662 2642 a
1685 2612 1755 2641 toto
1780 2609 1823 2642 ad
1846 2619 1881 2651 p
1899 2608 1904 2611 ”

148 2656 340 2696 procedunt.
1580 2674 1586 2679 ¹
1914 2667 1919 2672 ’

240 2702 306 2735 Sed
331 2708 366 2736 et
391 2714 430 2736 ex
454 2705 522 2746 ipso
549 2704 779 2745 hypothesium
804 2706 1000 2737 usitatarum
1019 2710 1053 2737 et
1071 2705 1241 2747 Copernici
1257 2715 1410 2747 processu
1426 2705 1523 2737 facile
1541 2667 1742 2748 agnoscitur,
1767 2707 1862 2736 utrae
1894 2718 1898 2730 ι

149 2749 226 2781 fidei
256 2757 453 2784 mereantur.
504 2753 635 2784 Etenim
662 2752 832 2794 Copernici
869 2753 1064 2794 hypotheses
1103 2754 1245 2786 omnium
1281 2753 1404 2785 orbium
1435 2755 1468 2784 et
1501 2752 1714 2793 sphaerarum
1747 2752 1893 2784 ordinem
1917 2786 1919 2791 ,

145 2798 405 2838 magnitudinem
430 2800 476 2832 sic
502 2804 692 2839 numerant,
727 2800 923 2841 disponunt,
958 2805 1159 2832 connectunt
1192 2806 1226 2833 et
1255 2800 1452 2836 metiuntur,
1487 2804 1524 2830 ut
1547 2799 1628 2831 nihil
1652 2799 1825 2841 quicqum
1849 2799 1882 2830 in
1915 2839 1918 2844 Ι
1957 2840 1959 2842 ¹

145 2846 265 2875 mutari
293 2851 351 2877 aut
375 2848 562 2888 transponi,
589 2848 659 2879 sine
685 2848 783 2879 totius
809 2848 950 2880 universi
978 2848 1188 2884 confusione,
1220 2848 1340 2888 possit;
1372 2847 1449 2888 quin
1475 2847 1704 2879 etiam.omnis
1729 2845 1901 2893 dubitatio

146 2891 209 2921 situ
235 2896 268 2923 et
294 2894 376 2925 serie
402 2895 514 2935 procul
540 2895 674 2926 exclusa
697 2899 821 2927 manet.
871 2895 1017 2927 Econtra
1053 2897 1087 2927 in
1121 2895 1354 2936 hypothesibus
1385 2894 1515 2925 usitatis
1556 2903 1710 2926 numerus
1742 2893 1884 2935 sphaera

146 2938 288 2970 incertus
315 2945 374 2971 est.
424 2942 487 2972 Alii
512 2943 597 2973 enim
622 2953 755 2980 novem,
783 2943 836 2974 alii
864 2941 925 2979 10,
952 2943 1008 2974 alii
1035 2941 1075 2973 11
1105 2942 1261 2983 sphaeras
1285 2944 1470 2976 numerant,
1496 2951 1557 2972 nec
1583 2941 1691 2973 adhuc
1715 2941 1869 2973 convenit
1903 2957 1905 2964 ι

145 2994 261 3016 merus.
314 2986 399 3019 Ordo
426 2989 546 3020 ibidem
572 2994 622 3020 est
647 2990 782 3022 dubius:
810 2990 947 3022 definita
972 2990 1140 3024 distantia
1168 2993 1297 3030 praeter
1324 2986 1366 3027 Θ
1395 2992 1429 3020 et
1453 2984 1501 3029 D,
1528 2988 1619 3020 nulla
1643 2988 1725 3024 dari,
1751 2987 1872 3020 nedum

145 3034 319 3064 monstrari
344 3039 461 3074 potest.
513 3035 564 3067 De
590 3036 740 3074 Venere,
769 3037 930 3069 Mercurio
957 3041 990 3069 et
1016 3037 1090 3069 Sole
1117 3037 1156 3068 lis
1179 3035 1322 3067 nondum
1349 3035 1530 3076 composita
1554 3039 1624 3074 est,
1656 3045 1717 3068 nec
1743 3045 1890 3081 compen

144 3088 298 3121 unquam.
338 3080 619 3122 Regiomontanus
645 3084 698 3115 lib.
718 3081 749 3114 9.
770 3093 842 3125 cap.
865 3083 894 3114 1.
923 3085 1090 3125 Epitomes
1111 3084 1152 3115 ιιι
1163 3082 1295 3124 Almag.
1311 3082 1397 3114 Ptol.
1424 3082 1608 3118 confitetur,
1634 3082 1720 3125 quod
1743 3086 1820 3124 uter
1829 3092 1905 3122 μοι

145 3125 258 3158 Venus
283 3127 333 3160 vel
358 3127 539 3188 Mercurius
571 3139 668 3172 supra
703 3131 842 3163 alterum
876 3132 1033 3170 situetur,
1070 3130 1159 3163 nulla
1195 3130 1387 3164 certitudine
1419 3129 1618 3174 deprehendi
1647 3130 1758 3175 possit.
1809 3129 1852 3164 Et
1874 3129 1899 3161 Γ
