2028 3242
888 51 1102 84 Prooemium.
1804 47 1892 90 219

89 158 184 200 tiae.
256 157 363 202 Nam
407 171 457 199 ex
500 159 746 200 correctione
790 149 1073 200 distantiarum
1121 164 1195 211 pei·
1243 170 1411 225 corpora
1451 156 1630 210 sequitur
1672 155 1899 196 differentia

88 216 510 269 prosthaphaeresium
547 230 814 286 apogaeorum
851 230 928 257 nou
966 218 1112 274 major,
1158 230 1277 269 quam
1312 217 1352 256 in
1391 214 1418 266 ὃ
1460 216 1546 264 12’,
1584 215 1624 255 in
1655 214 1696 263 U,
1726 212 1819 262 25¹,
1856 215 1897 255 in

89 281 124 322 d
157 272 304 324 1”45’,
330 275 374 316 in
408 276 441 324 Q
477 274 537 325 1⁰,
571 278 610 317 in
643 279 671 327 Q
701 274 787 317 41⁴.
851 277 973 317 Plura
1003 289 1081 316 non
1113 276 1257 324 scribo,
1285 275 1478 327 judicium
1508 281 1618 315 tuum
1642 279 1896 326 exspectans,

89 334 194 388 quod
224 347 303 375 non
334 335 571 386 gravaberis
602 336 641 376 in
667 335 839 388 gratiam
872 336 963 376 nob.
986 335 1147 388 juvenis
1178 335 1230 375 D.
1264 333 1308 375 S.
1333 335 1531 386 Wagani,
1562 333 1675 385 cujus
1705 333 1896 373 instinctu

88 393 240 443 scribo,
283 394 362 434 hac
391 394 456 435 vel
493 395 678 447 proxima
707 393 918 434 occasione
950 395 1002 434 ad
1033 407 1106 434 nos
1138 393 1427 435 transmittere.
1490 393 1596 433 Vale
1628 392 1825 433 sideribus
1857 397 1899 432 et

89 458 255 494 nocuae
284 452 493 501 scientiae,
526 454 648 494 decus
681 451 938 494 Germaniae.

207 510 342 553 Gratii
371 510 515 554 «1:15.
547 513 651 553 Nov.
688 509 815 553 1595.
1299 510 1399 550 Exc.
1432 515 1526 550 tuae
1560 510 1779 562 discipulus

1396 569 1440 611 J.
1473 568 1694 623 Keplmas.

181 685 308 729 Quu-
331 686 499 731 respondit
522 685 652 719 Unus
682 697 756 720 sero
781 686 980 719 admodum:
1016 687 1066 725 Ex
1097 687 1259 730 catalogis
1289 681 1524 720 nundinalibus
1556 690 1715 729 apparet,
1749 686 1795 718 mi
1819 686 1898 719 clar.

88 740 124 769 et
146 734 237 768 chat.
262 734 307 767 D.
331 735 496 778 Kepha,
533 739 664 767 tuarum
695 735 933 777 cogitationum
962 735 1256 768 manicarum
1286 737 1453 777 specimen
1478 735 1643 777 quoddam
1667 743 1740 766 esse
1764 734 1898 766 editum.

88 783 237 824 Qun-n
260 782 393 826 quidem
415 791 523 814 rerum
553 780 631 813 mihi
662 781 973 825 jucundissimarum
1005 786 1040 815 et
1067 783 1329 825 gratissimam
1362 787 1593 825 argumentum
1623 781 1789 824 quoddam
1821 786 1900 813 aute

88 830 257 865 biennum
276 831 349 871 jam
373 830 442 863 fere
467 828 615 870 elapsum
638 828 717 861 mihi
743 829 968 866 transmisisfi,
1003 829 1155 862 videlieet
1178 831 1215 862 in
1238 830 1341 863 literis
1365 829 1428 862 illis
1452 830 1536 870 tuis,
1559 830 1775 872 instigatione
1800 833 1899 871 atque

86 877 248 911 instinctu
270 877 315 912 D.
340 877 494 920 Wagenii
518 876 562 908 ad
585 886 638 908 me
663 876 761 910 datis.
812 876 864 908 Ad
900 886 983 918 quas
1019 881 1132 910 tamen
1166 877 1253 919 quod
1282 877 1446 910 hactenus
1469 877 1551 910 nihil
1575 877 1707 909 omniuo
1733 885 1756 908 a
1778 886 1832 908 me
1857 876 1901 907 sit

85 932 295 968 τυροοιιοι,
330 925 367 958 iu
390 932 495 958 causa
517 923 650 956 fuerunt
674 924 851 956 continuae
877 933 919 956 ac
942 929 1122 966 perpetuae
1153 933 1248 957 meae
1279 925 1513 966 occupationes
1546 925 1582 957 in
1605 924 1703 957 rebus
1726 923 1898 956 chronolo-

85 972 180 1015 gicia,
203 981 264 1014 par
278 981 385 1005 amos
405 973 477 1013 jam
494 970 618 1013 ιίἰοοοκ
634 971 762 1013 elapsos
780 971 984 1009 exantlatae,
1009 981 1147 1014 quarum
1171 972 1338 1014 exemplar
1360 971 1419 1004 tibi
1435 973 1530 1004 mitto
1541 970 1584 1011 ¹).
1611 976 1767 1013 tuumque
1792 971 1835 1003 de
1860 979 1900 1002 eo

83 1019 315 1062 pcht‘minmm
335 1019 496 1061 judicium
521 1023 677 1060 expecto.
714 1018 821 1051 altera
850 1029 927 1051 vero
957 1029 1061 1052 causa
1093 1021 1159 1052 mei
1189 1020 1311 1052 silentii
1342 1023 1378 1051 et
1399 1019 1486 1061 quod
1509 1018 1591 1052 nihil
1614 1019 1778 1052 hactenus
1801 1027 1824 1050 a
1846 1027 1900 1050 me

86 1076 278 1109 responsum
301 1067 366 1107 sit,
390 1066 521 1103 extitit,
545 1066 632 1108 quod
654 1065 822 1108 hucusque
847 1075 889 1099 ea
913 1066 954 1098 de
977 1076 1032 1106 re,
1059 1067 1101 1099 de
1125 1077 1190 1109 qua
1213 1077 1269 1099 me
1292 1067 1447 1099 monuisti
1471 1071 1507 1099 et
1530 1067 1572 1100 de
1596 1076 1663 1108 qua
1687 1076 1796 1099 meum
1820 1075 1899 1098 con-

86 1113 194 1146 silim
218 1113 369 1156 expiem
391 1122 509 1155 meque
534 1113 720 1146 consultum
745 1123 818 1146 esse
850 1114 960 1155 cupis,
995 1113 1108 1147 debita
1137 1114 1302 1147 decisione
1331 1113 1478 1146 nondum
1501 1114 1595 1147 facta
1619 1113 1728 1146 adhuc
1754 1113 1896 1155 ambigo.

86 1160 235 1203 neuqua
254 1161 387 1204 quidem
410 1159 490 1192 mihi
513 1169 607 1192 meus
640 1162 674 1192 in
706 1161 805 1194 rebus
835 1162 1063 1193 astronomicis
1096 1166 1290 1203 praeceptor
1318 1161 1434 1194 Justus
1458 1161 1577 1204 Byrgi,
1609 1162 1657 1192 vir
1690 1161 1789 1201 plane
1827 1170 1901 1192 cum

7 1205 12 1211 '
48 1234 53 1236 >
87 1208 286 1242 Euclidaeus
309 1212 381 1241 κοιο
405 1207 681 1245 Archimcdaeus,
715 1212 793 1240 ante
819 1209 897 1240 anni
925 1209 1112 1246 dimidium,
1136 1210 1192 1248 ubi
1215 1209 1269 1242 hic
1294 1209 1425 1251 Pragae
1450 1209 1539 1250 apud
1564 1208 1660 1241 Caes.
1687 1207 1771 1248 Maj.
1796 1211 1899 1244 esset,

87 1265 172 1288 cm
192 1256 302 1299 potius
325 1265 426 1298 quam
448 1254 611 1287 industria
635 1255 760 1287 factam
785 1255 1050 1298 delineatamque
1067 1256 1234 1298 quandam
1253 1256 1596 1298 consignatiunculam
1620 1254 1675 1296 (ut
1698 1257 1749 1287 ita.
1773 1252 1898 1294 dicam)

89 1302 338 1345 copatione„
360 1301 581 1344 hypotheseos
604 1307 752 1335 motuum
778 1302 988 1335 coelestium·
1023 1312 1161 1345 eamque
1190 1308 1306 1346 postea
1330 1304 1509 1344 inspiciens
1534 1313 1608 1336 cum
1632 1304 1698 1334 tuis
1723 1302 1899 1345 cogitatio·

86 1350 183 1382 nibus
208 1349 249 1382 de
274 1349 441 1382 diminuis
464 1349 552 1381 inter
574 1359 611 1381 se
636 1350 679 1381 ab
703 1350 843 1382 invicem
867 1350 1075 1391 planetarum
1108 1351 1238 1383 orbibus
1269 1350 1408 1387 contuli,
1445 1355 1479 1382 et
1509 1360 1577 1382 non
1606 1350 1745 1382 multum
1776 1349 1898 1382 discre-

86 1398 227 1438 pausiae
252 1397 340 1430 iuter
362 1397 465 1438 ipsius
490 1396 803 1429 delineatiunculam
827 1401 861 1429 et
885 1402 960 1429 tuas
985 1399 1222 1430 assertationes
1248 1407 1270 1430 a
1292 1407 1346 1430 me
1370 1407 1452 1430 sane
1478 1396 1579 1440 (quod
1604 1398 1816 1430 vehementer
1839 1396 1899 1429 ad-

86 1445 226 1477 ιηίικοι
249 1442 339 1485 nm)
364 1447 566 1485 compertum
591 1449 653 1476 est.
704 1443 815 1483 Quare
841 1453 915 1476 cum
939 1444 1000 1476 has
1025 1449 1101 1477 tuas
1125 1445 1165 1478 de
1189 1445 1305 1477 iisdem
1322 1446 1419 1477 rebus
1440 1445 1687 1478 dissertationes
1714 1443 1767 1483 (ut
1789 1443 1900 1476 vocari

88 1488 153 1531 vin)
173 1492 245 1546 jam
267 1491 304 1523 iu
319 1491 429 1524 lucem
445 1490 552 1523 editas
569 1501 642 1524 esse
658 1491 896 1530 intellexeram,
922 1491 994 1523 nou
1009 1493 1100 1534 potui
1124 1493 1351 1532 intermittere,
1378 1493 1455 1534 quin
1479 1502 1503 1525 a
1524 1497 1560 1525 te
1585 1491 1765 1524 earundem
1789 1501 1898 1524 exem-

87 1537 160 1580 plar
181 1538 315 1572 unicum
337 1542 471 1580 petam:
497 1538 589 1570 nulla
613 1539 699 1571 enim
725 1539 769 1570 ad
793 1549 854 1570 nos
869 1538 1013 1582 Pragam
1039 1537 1135 1578 (casu
1159 1544 1219 1571 ant
1241 1540 1448 1582 negligentia
1469 1549 1535 1582 qua
1550 1538 1678 1572 nescio)
1702 1549 1761 1580 per
1784 1538 1898 1571 biblio-

88 1585 183 1627 polu
203 1588 332 1618 οοιϋοι
356 1585 460 1627 (quod
482 1583 587 1625 dolui)
614 1585 727 1618 delata
751 1590 836 1618 sunt
886 1586 955 1618 Fac
979 1587 1091 1628 itaque
1115 1596 1237 1628 quaeso
1272 1596 1315 1619 ea
1338 1588 1372 1620 in
1398 1587 1511 1619 recula
1532 1596 1586 1619 me
1611 1587 1676 1618 voti
1701 1589 1898 1640 compotem,

87 1637 128 1665 ut
147 1636 243 1666 κοιοι
266 1641 310 1666 ea
333 1633 375 1666 de
397 1642 434 1665 re
457 1634 658 1665 sententiam
682 1632 787 1665 latam
812 1631 976 1675 (quaeque
997 1636 1068 1674 jam
1085 1634 1205 1675 publici
1226 1635 1309 1675 Juris
1328 1635 1422 1666 facta
1439 1632 1504 1674 est)
1529 1634 1657 1676 plenius
1682 1637 1784 1676 atque
1806 1634 1898 1675 peni-

89 1680 175 1718 κίοι,
211 1683 266 1713 et·
278 1689 324 1713 au
352 1679 462 1713 adhuc
491 1679 543 1713 vel
576 1680 710 1716 eadem,
746 1681 798 1712 vel
830 1680 1070 1722 aliquantulum
1099 1681 1182 1714 forte
1213 1683 1390 1714 immutata
1420 1682 1573 1724 opinione
1603 1685 1751 1722 perstare
1785 1681 1899 1722 cupias

83 1736 288 1770 cygneam
310 1731 411 1769 atque
433 1727 627 1770 intelligam.
677 1727 775 1759 Vale.
826 1727 956 1770 Pragae
981 1726 1002 1759 4
1029 1728 1099 1760 Cal.
1126 1729 1205 1760 Juu.
1236 1726 1335 1761 1597.

182 1773 276 1818 Quas
299 1773 376 1807 Ursi
397 1774 511 1807 literas
534 1776 564 1806 si
587 1775 826 1816 comparaveris
852 1785 926 1807 cum
950 1777 1138 1816 praemissis
1156 1775 1292 1818 Kepleri
1315 1776 1420 1808 literis
1451 1776 1583 1808 biennio
1607 1775 1676 1807 fere
1702 1778 1781 1807 ante
1798 1774 1897 1813 datis,

88 1820 181 1860 lind
205 1821 342 1855 oenus
369 1822 516 1863 patebit,
542 1821 661 1854 Ursum
690 1821 791 1863 plane
819 1822 1005 1865 neglexisse
1036 1832 1100 1860 ea,
1134 1833 1222 1865 qnae
1248 1824 1311 1864 ipsi
1335 1823 1500 1865 Keplerus
1524 1822 1711 1864 scripserat,
1737 1822 1832 1863 quasi
1855 1821 1899 1854 ab

89 1868 222 1901 homme
242 1869 358 1912 ignoto
382 1868 480 1906 data,
506 1873 541 1901 et
563 1873 633 1901 tum
658 1869 806 1906 demum,
832 1879 931 1911 quum
956 1870 1233 1902 animadverteret
1266 1871 1317 1902 vel
1342 1871 1384 1902 ab
1409 1870 1481 1902 aliis
1506 1870 1735 1911 comperisset,
1758 1868 1899 1910 Kepleri

90 1915 283 1957 opusculum
304 1926 372 1948 ιιοιι
396 1916 495 1957 plane
519 1925 592 1948 esse
617 1917 847 1957 reficiendum,
874 1918 994 1956 virum,
1029 1919 1081 1949 cui
1105 1918 1333 1959 responderet,
1361 1918 1495 1960 dignum
1518 1917 1683 1950 habuisse.
1735 1915 1833 1955 Quae
1856 1916 1898 1948 de

91 1964 336 2005 comparatione
360 1963 445 1995 illius
472 1964 843 2006 „consignatiunculae“
871 1974 946 1996 cum
969 1964 1106 2006 Kepleri
1133 1965 1431 2007 „cogitationibus“
1456 1965 1641 2000 fabulatur.
1672 1973 1784 1996 merae
1809 1968 1898 1996 certe

91 2019 203 2052 nugae
225 2014 311 2043 sunt.
350 2010 416 2044 Sed
439 2011 574 2043 ulterius
598 2021 786 2053 progressus
809 2011 906 2043 homo
930 2012 1053 2054 gloriae
1079 2012 1214 2053 cupidus
1238 2012 1389 2052 praefixit
1413 2012 1585 2053 epistolam
1608 2011 1755 2053 Kepleri,
1780 2011 1909 2042 nimias,

93 2061 183 2089 certe
205 2058 240 2090 in
262 2059 369 2101 ipsum
392 2058 508 2090 laudes
533 2062 776 2100 congerentem,
802 2059 959 2091 tractatui
986 2059 1048 2096 „de
1075 2060 1301 2091 astronomicis
1325 2059 1580 2100 hypothesibus·
1609 2057 1757 2101 (Pragae
1783 2056 1902 2097 1597),

93 2113 158 2146 quo
187 2103 276 2137 lecto
299 2105 455 2145 Tycho,
490 2106 544 2147 qui
571 2107 642 2146 iam
676 2105 797 2138 dudum
823 2106 943 2138 Ursum
973 2106 1050 2137 furti
1084 2107 1263 2160 arguebat
1298 2107 1445 2139 infensus
1474 2107 1560 2140 haec
1584 2106 1730 2148 Keplero
1754 2106 1904 2146 scripsit:

186 2151 309 2184 Nescio
324 2161 388 2193 quo
405 2161 486 2184 casu
511 2153 684 2189 acciderit,
710 2157 749 2184 ut
764 2153 852 2184 idem
869 2153 1078 2193 tabellarius,
1104 2155 1158 2195 qui
1176 2154 1255 2185 mihi
1271 2158 1347 2186 tuas
1364 2154 1572 2186 Helmstadio
1590 2154 1718 2189 attulit,
1744 2153 1905 2185 famosum

94 2206 221 2240 quoque
245 2202 280 2231 et
299 2199 460 2230 nefarium
475 2200 629 2239 scriptum
647 2200 817 2239 cujusdam
834 2201 893 2232 feri
918 2201 984 2232 ursi
1002 2202 1121 2241 potius,
1147 2210 1245 2242 quam
1264 2202 1331 2233 veri
1355 2201 1495 2233 hominis
1514 2201 1591 2233 inde
1615 2201 1692 2232 mihi
1719 2200 1815 2232 simul
1840 2200 1905 2231 tuis

95 2244 267 2287 alligatum
285 2245 477 2286 adportant.
521 2245 628 2286 Hujus
653 2255 727 2277 cum
750 2247 956 2287 impudentes
981 2247 1164 2279 calumnias
1189 2252 1224 2279 et
1246 2247 1385 2280 infanda
1407 2248 1587 2281 mendacia
1612 2253 1710 2289 atque
1742 2247 1902 2284 convicia,

94 2293 210 2334 quibus
233 2301 332 2334 supra
355 2291 487 2323 modum
512 2295 546 2323 et
570 2293 654 2324 citra
677 2302 807 2324 ornnem
831 2294 1061 2326 verecundiam
1078 2298 1198 2330 scatet,
1224 2295 1329 2326 obiter
1343 2305 1578 2336 percurrerem,
1604 2295 1710 2336 reperi
1735 2294 1836 2326 etiam
1860 2294 1905 2325 ibi

94 2343 188 2372 haum
211 2339 376 2382 quoddam
400 2339 604 2380 epistolium,
629 2349 692 2381 quo
716 2349 752 2371 se
777 2350 894 2372 ornare
919 2344 953 2372 et
977 2350 1039 2372 sua
1062 2341 1190 2383 flagitia
1214 2345 1327 2383 tegere
1351 2343 1477 2374 nititur.
1528 2341 1623 2381 Quod
1649 2351 1724 2373 cum
1746 2339 1904 2382 perlegis-

24 2404 29 2408 »
95 2396 178 2424 sem,
201 2387 340 2419 miratus
363 2396 435 2417 sum
460 2391 493 2418 te
519 2396 594 2418 eum
618 2387 703 2418 tanti
729 2386 850 2419 facere.
890 2387 958 2419 Sed
974 2397 1115 2419 errorem
1133 2389 1295 2423 excusavi,
1322 2389 1407 2429 quod
1432 2390 1562 2420 nonnisi
1587 2388 1703 2420 auditu
1727 2392 1762 2419 et
1785 2388 1906 2428 scripto

96 2434 177 2470 isto,
209 2433 296 2476 quod
319 2433 584 2465 Fundamentum
608 2438 706 2466 vocat
729 2434 1011 2472 Astronomicum,
1043 2435 1105 2467 hoc
1129 2435 1275 2466 faceres:
1310 2436 1344 2466 in
1370 2445 1433 2476 quo
1457 2436 1525 2467 fere
1556 2435 1637 2467 nihil
1665 2435 1786 2471 habet,
1820 2433 1907 2476 quod

98 2491 192 2513 suum
211 2485 273 2513 est.
313 2480 434 2512 Omnia
452 2482 560 2522 potius
586 2481 658 2512 aliis
682 2485 831 2522 surrepta
848 2486 882 2513 et
905 2486 1088 2523 praerepta,
1115 2486 1210 2522 prout
1225 2483 1336 2514 facere
1355 2483 1533 2514 consuevit.
1570 2482 1614 2514 Et
1638 2482 1795 2523 plagium,
1820 2480 1907 2523 qnod

99 2538 160 2571 ego
184 2529 246 2570 ipsi
269 2529 395 2569 imputo
420 2528 453 2559 in
478 2529 559 2559 meis
583 2526 827 2568 hypothesibus,
853 2538 920 2560 non
945 2529 1062 2560 saltem
1087 2539 1174 2560 error
1198 2538 1344 2566 crassus,
1371 2539 1467 2570 quem
1491 2531 1525 2561 in
1550 2530 1771 2562 delineatione
1794 2527 1907 2560 Martii

98 2575 184 2607 orbtis
209 2575 380 2612 commisit,
406 2575 465 2607 sed
489 2579 524 2607 et
546 2575 652 2607 multa
678 2575 754 2613 alia,
781 2585 867 2616 quae
890 2585 949 2607 suo
973 2580 1120 2617 tempore
1144 2576 1301 2617 pandam,
1328 2578 1535 2609 convincunt.
1576 2577 1699 2618 Estque
1725 2576 1906 2608 etiamnum

100 2620 189 2664 apud
211 2632 266 2655 me
290 2622 465 2654 fasciculus
490 2623 623 2664 quidam
649 2632 779 2658 eorum,
816 2632 901 2664 quae
926 2623 1056 2664 quando
1080 2623 1180 2654 nobili
1211 2623 1465 2656 cuidam·Dano
1499 2624 1592 2656 affini
1615 2633 1689 2655 meo
1713 2623 1904 2659 inserviens,

100 2678 187 2702 anno
212 2667 259 2700 84
284 2679 359 2702 cum
384 2669 499 2702 eodem
515 2669 714 2711 Uraniburgi
739 2664 882 2706 adesset,
910 2669 996 2706 clam
1021 2669 1208 2710 descripsit:
1234 2671 1268 2702 in
1292 2671 1408 2712 quibus
1432 2680 1498 2702 non
1523 2671 1693 2702 dissimilia
1718 2670 1796 2712 egit.
1834 2669 1906 2712 Ego

100 2725 183 2749 sane
203 2716 292 2749 hanc
315 2716 545 2758 hypothesim
570 2718 731 2749 rationem
752 2718 823 2756 jam
852 2716 950 2759 longe
982 2720 1083 2748 antea
1115 2718 1355 2759 excogitaram‚
1389 2727 1452 2750 nec
1487 2727 1562 2750 eam
1591 2717 1672 2749 libro
1704 2717 1746 2748 de
1777 2721 1907 2749 cometa

100 2772 133 2795 a.
161 2761 251 2795 15⁷7
277 2764 497 2801 inseruissem,
522 2764 587 2796 nisi
612 2764 697 2796 tales
721 2764 911 2806 plagiarios,
937 2764 1052 2805 quibus
1075 2764 1160 2796 haec
1185 2765 1272 2805 apud
1288 2774 1341 2795 me
1363 2765 1589 2803 innotuerant,
1616 2765 1739 2796 veritus
1761 2764 1905 2796 fuissem.

101 2809 213 2849 Quam
237 2814 273 2843 et
293 2809 356 2843 hoc
381 2811 498 2847 miror,
532 2811 618 2853 quod
649 2813 718 2851 eJ‘us
750 2820 847 2842 voces
878 2810 1091 2852 hypothesin,
1126 2820 1200 2843 cum
1231 2816 1266 2843 et
1288 2812 1321 2842 in
1346 2811 1426 2843 libro
1450 2816 1507 2843 tuo
1533 2816 1567 2844 et
1589 2812 1693 2844 literis
1714 2811 1807 2843 hisce
1831 2820 1906 2843 eam

36 2897 38 2899 Ι
100 2857 180 2889 mihi
204 2856 283 2898 (nec
306 2856 483 2898 immerito)
511 2859 682 2890 attribuas.
721 2858 856 2889 Interim
874 2858 975 2889 etiam
991 2866 1116 2899 magna
1133 2859 1203 2897 ejus
1219 2858 1392 2899 praedicas
1410 2858 1528 2901 elogia,
1552 2860 1682 2891 utinam
1697 2868 1764 2890 non
1786 2859 1904 2899 hyper-

36 2947 41 2950 *
100 2904 218 2937 bolica.
265 2904 307 2936 In
331 2905 427 2936 titulo
451 2914 551 2937 vocas
576 2915 651 2938 eum
674 2905 948 2937 mathematicum
971 2905 1225 2942 nobilissimum3
1252 2905 1355 2946 qualis
1375 2906 1418 2937 sit
1433 2906 1698 2942 mathematicus,
1723 2915 1790 2937 non
1815 2906 1904 2938 dixe·

102 2951 173 2986 rim,
195 2951 349 2984 nobilitas
368 2961 449 2991 eJus,
475 2953 504 2984 si
529 2962 635 2994 genus
651 2955 792 2994 spectes,
820 2956 870 2984 est
887 2961 927 2983 ex
942 2952 1071 2984 rusticis
1087 2951 1296 2989 Dithmarsis,
1322 2953 1377 2994 qui
1402 2962 1477 2984 eum
1502 2954 1603 2985 etiam
1627 2952 1808 2984 fastidiunt.
1846 2953 1905 2984 Ais

36 3015 38 3019 v
104 2997 239 3034 deinde,
270 2998 520 3031 almissimam
550 3001 621 3039 ejus
646 2999 784 3042 gloriam
806 3000 913 3040 ipsum
937 2999 996 3031 tibi
1020 3003 1134 3031 notum
1164 2999 1298 3034 fecisse,
1335 3008 1402 3041 qua
1430 3000 1682 3032 mathematicos
1712 2999 1809 3040 hujus
1834 3000 1906 3032 aeri

37 3036 47 3089 {2¹
103 3048 235 3077 tautum
258 3045 438 3089 praecedat
459 3054 556 3083 unus
582 3051 740 3089 quantum
756 3046 941 3081 Phoebeius
965 3045 1051 3077 orbis
1074 3047 1203 3081 minuta
1226 3046 1343 3081 sidera
1383 3046 1484 3081 Plura
1508 3047 1702 3085 addidisses,
1725 3047 1754 3079 si
1777 3051 1906 3090 tempus
