2028 3242
851 83 1067 117 Prooemium.
1780 78 1866 122 235

59 194 195 231 autem
224 189 436 243 aliquoties
468 188 719 244 scripserim,
752 189 910 230 omnino
940 189 1035 230 mihi
1065 189 1291 242 persuadeo
1323 192 1365 228 et
1394 200 1518 242 prope
1551 191 1704 228 certum
1735 192 1868 235 teneo,

59 261 123 291 me
151 244 283 301 prima
313 248 455 288 statim
484 248 573 288 vice
594 248 795 301 Tychonis
826 249 971 290 fecisse
1002 247 1258 290 mentionem.
1322 247 1463 287 Prodit
1489 260 1533 287 se
1563 247 1694 288 instar
1725 246 1868 287 soricis

59 311 103 347 et
131 319 221 348 meo
245 307 399 360 judicio
431 321 505 347 sua
538 307 791 347 confessione
822 306 880 348 ἐπ’
913 306 1139 359 αὐτοφωρῳ
1177 305 1500 359 deprehenditur.
1563 305 1647 354 Ait,
1689 319 1732 346 se
1772 318 1878 346 suas·

58 365 305 421 hypotheses
345 378 396 406 ex
425 365 660 406 Ptolemaeo
698 365 962 415 desumsisse,
997 370 1186 407 mutasse
1228 363 1333 404 enim
1364 364 1556 405 nonnulla
1594 365 1634 404 in
1666 325 1901 472 sententia)

61 423 267 478 Apollonii
298 425 479 477 Pergaei
502 424 551 464 de
582 423 825 464 stationibus
859 423 1177 478 speculationem
1207 423 1491 476 proponentis:
1523 423 1754 476 Tychonem
1773 435 1893 484 vero(

60 482 235 524 indidem
272 497 367 524 suas
407 482 675 535 depromsisse
715 487 758 522 et
794 482 869 522 hoc
902 495 1063 535 negare.
1126 483 1237 535 Lege
1278 495 1380 534 quae
1419 482 1468 522 de
1504 482 1580 522 hoc
1611 482 1870 522 Ptolemaeus

60 542 243 594 scripsit,
276 547 319 583 et
349 541 523 583 insanire
555 541 664 580 dices
696 540 858 582 Ursum.
921 542 1075 582 Verum
1107 542 1265 595 quidem
1297 546 1384 588 est,
1417 553 1506 581 cum
1537 541 1639 580 duae
1670 545 1871 592 ponantur

60 601 348 642 aPtolemaeo
377 599 585 652 Apollonii
618 599 864 648 sententiae,
909 601 1172 653 posteriorem
1210 613 1259 640 ex
1291 599 1371 640 illis
1409 599 1664 652 aliquatenus
1702 599 1869 652 digitum

59 659 265 700 intendere
308 659 361 700 ad
401 657 604 712 Tychonis
648 658 909 712 hypotheses.
984 659 1120 712 Fingit
1163 659 1269 700 enim
1301 659 1420 699 trium
1464 659 1710 710 superiorum
1757 659 1870 706 (nam

59 718 313 760 Ptolemaeus
357 716 508 758 diserte
550 717 669 766 dicit,
710 718 885 759 alteram
926 719 1169 760 sententiam
1205 717 1419 770 complecti
1455 732 1576 767 μωες
1613 731 1708 764 τους
1738 731 1871 757 naum

59 776 253 826 ἆιοςαση
288 778 516 824 amoenae)
556 775 775 828 quemlibet
817 777 965 817 habere
998 778 1263 818 eccentricum
1300 789 1435 826 suum,
1481 776 1547 830 qui
1591 788 1721 816 annuo
1760 780 1871 816 motu

60 836 281 877 circumeat
309 835 526 876 secundum
560 834 737 875 ordinem
771 835 988 887 signorum.
1049 836 1206 877 Deinde
1239 835 1277 875 in
1311 834 1488 888 quolibet
1507 835 1731 875 eccentrico
1762 834 1871 874 volvi

60 894 282 948 epicyclum
318 894 484 935 Terram
526 894 804 942 ambeuntem,
862 894 976 947 cujus
1012 901 1145 936 motus
1183 895 1239 935 sit
1274 893 1315 939 in
1343 893 1652 947 praecedentia,
1691 892 1872 946 aequalis

61 953 188 995 motui
217 952 543 995 commutationis
579 952 782 1004 planetae.
844 952 926 993 Sed
964 966 1042 994 non
1080 952 1310 1007 praetendit
1346 952 1449 993 hanc
1479 953 1743 1005 posteriorem
1775 965 1871 991 sen-

61 1012 232 1052 tentiam
270 1012 389 1053 homo
426 1010 727 1058 stolidissimus,
772 1023 910 1052 verum
948 1012 1057 1052 illam
1096 1012 1291 1065 priorem,
1333 1025 1433 1065 quae
1471 1013 1589 1064 plane
1621 1011 1718 1052 nihil
1749 1011 1873 1051 habet

60 1083 269 1114 commune
290 1083 397 1126 mcum
435 1069 636 1122 Tychone.
699 1069 833 1123 thue
876 1071 1124 1124 propositum
1168 1070 1369 1119 obtineat,
1409 1070 1563 1124 allegat
1607 1069 1872 1123 Copernicum

60 1130 131 1172 lib.
163 1129 219 1171 V.
251 1142 341 1183 cap.
374 1127 445 1170 35.
479 1133 521 1168 et
550 1129 670 1180 plane
703 1129 920 1179 contendit,
956 1129 1223 1182 Copernicum
1254 1130 1321 1170 illo
1348 1130 1479 1182 capite
1511 1130 1619 1170 viam
1650 1129 1873 1182 praeivisse

63 1188 241 1243 Tychoni
281 1189 333 1235 ad
373 1200 468 1228 suas
499 1187 757 1241 hypotheses.
825 1188 938 1229 Dicit
971 1189 1079 1231 enim
1114 1201 1322 1242 expresse,
1364 1189 1641 1242 Tychonias
1673 1193 1871 1228 exstare

63 1248 109 1288 in
142 1246 427 1300 Copernico.
491 1244 736 1298 Copernicus
767 1259 861 1287 vero
893 1247 1086 1289 lemmatii
1117 1247 1309 1295 meminit,
1344 1248 1448 1300 quod
1475 1248 1528 1288 ad
1546 1247 1719 1300 priorem
1738 1247 1872 1298 Apol-

63 1306 159 1348 lonii
191 1306 434 1351 sententiam
463 1304 652 1357 pertinet.
715 1303 797 1345 Sed
830 1306 925 1346 nihil
957 1307 1087 1359 magis
1106 1306 1327 1351 ridiculum,
1360 1319 1479 1358 quam
1511 1307 1617 1359 quod
1637 1319 1688 1347 ex
1706 1306 1774 1348 lib.
1797 1305 1871 1346 III.

63 1377 152 1418 cap.
185 1363 256 1410 25.
290 1363 504 1417 Copernici
541 1363 615 1404 has
647 1363 848 1417 Tychonis
885 1365 1129 1419 hypotheses
1160 1365 1247 1406 vult
1283 1370 1537 1417 extorquere.
1599 1364 1700 1406 Cum
1736 1364 1793 1405 ihi
1823 1364 1874 1404 de

63 1428 202 1470 centro
238 1423 373 1471 mundi
404 1420 628 1521 Cugernico
666 1435 797 1462 sermo
836 1424 909 1470 sit,
955 1437 1005 1464 an
1038 1424 1165 1465 Terra
1202 1428 1312 1467 motu
1343 1424 1567 1469 ecceutrico
1598 1424 1706 1464 circa
1736 1422 1875 1469 Solem

63 1484 230 1532 feratur,
259 1495 312 1524 an
342 1493 437 1522 vero
489 1481 539 1521 'ol
572 1481 679 1521 circa
710 1486 889 1522 centrum
921 1483 1030 1523 orbis
1061 1482 1196 1536 magni
1221 1488 1331 1523 motu
1350 1482 1598 1532 tardissimo,
1633 1483 1760 1524 Terra
1777 1494 1874 1522 vero

62 1546 172 1582 motu
202 1540 453 1583 conceutrico
476 1539 594 1587 ,circa
623 1539 729 1580 idem
760 1546 938 1582 centrum
971 1541 1079 1582 orbis
1111 1541 1247 1594 magni
1281 1546 1393 1582 motu
1414 1554 1559 1591 annuo,
1589 1546 1708 1594 putat
1738 1540 1875 1584 asinus

62 1600 150 1648 ille,
186 1612 267 1643 non
290 1599 379 1655 jani
410 1611 544 1647 ursus,
585 1596 850 1650 Copernicum
887 1601 994 1653 loqui
1025 1601 1075 1640 de
1113 1600 1426 1653 transpositione
1457 1599 1566 1642 Solis
1603 1600 1642 1640 in
1681 1599 1875 1642 ambitum

63 1658 171 1715 orbis
201 1658 356 1712 magni,
375 1700 378 1702 ,
400 1658 549 1699 Terrae
581 1670 675 1698 vero
708 1658 748 1698 in
780 1663 960 1700 centrum
992 1659 1079 1711 ejus
1111 1659 1235 1699 orbis.
1298 1658 1415 1706 Quae
1447 1664 1663 1712 postquam
1693 1658 1795 1711 legi,
1837 1658 1876 1698 in

63 1718 165 1767 hanc
200 1717 257 1758 ivi
293 1715 553 1764 sententiam,
593 1729 720 1769 neque
751 1717 898 1758 lectum
930 1731 1018 1758 esse
1050 1718 1155 1759 Urso
1186 1718 1483 1763 Ptolemaeum,
1524 1731 1652 1770 neque
1683 1717 1872 1758 intellec-

62 1782 148 1817 tum
178 1775 455 1830 Copernicum.

155 1880 381 1923 Keplerus,
410 1883 448 1912 ut
476 1890 517 1912 ex
541 1879 684 1922 epistolis
709 1881 896 1922 praemissis
926 1880 1121 1914 concludere
1147 1881 1236 1918 licet,
1266 1890 1366 1923 aegre
1384 1881 1483 1914 subiit
1498 1881 1667 1924 negotium
1682 1890 1704 1913 a
1720 1880 1877 1922 Tychone

63 1928 106 1960 ab
120 1928 192 1970 ipso
206 1928 418 1969 postulatum,
446 1931 485 1960 ut
499 1927 629 1968 publice
650 1931 764 1959 contra
780 1927 903 1960 Ursum
918 1929 953 1960 in
971 1929 1075 1961 aciem
1092 1928 1246 1970 prodiret.
1294 1928 1341 1961 Ut
1359 1932 1470 1960 autern
1487 1928 1688 1970 Tychonem,
1719 1928 1764 1960 ad
1780 1937 1877 1970 quem

63 1984 150 2007 auno
168 1972 255 2008 1601
287 1985 307 2008 e
334 1974 446 2016 Styria
472 1979 696 2016 transgressus
726 1979 787 2011 est,
817 1976 878 2007 sibi
895 1975 1107 2012 conciliaret,
1147 1977 1283 2007 ineunte
1313 1985 1400 2008 anno
1429 1974 1515 2007 1601
1555 1976 1698 2008 Graetiis
1722 1985 1793 2008 rem
1817 1985 1876 2018 ag-

0 2041 2 2057 ÷
61 2031 204 2065 gressus,
232 2022 361 2055 initium
380 2021 603 2064 „Apologiae“
622 2031 735 2054 secum
752 2021 896 2064 Pragam
925 2022 1046 2058 attulit,
1078 2022 1268 2063 Tychonem
1296 2023 1380 2055 forte
1404 2026 1600 2064 exspectans
1617 2022 1877 2060 adhortaturum,

62 2073 100 2101 ut
127 2068 208 2101 illud
239 2069 283 2101 ad
297 2068 398 2101 finem
424 2068 635 2111 perduceret,
671 2069 731 2100 au't
754 2068 837 2100 Urso
867 2073 1046 2110 opportune
1070 2074 1195 2101 mortuo
1218 2079 1287 2101 rem
1316 2070 1414 2111 plane
1441 2070 1608 2110 ainceret.
1659 2068 1743 2102 Cum
1765 2069 1878 2110 Tycho

64 2115 180 2148 eodem
194 2125 283 2148 anno
299 2113 372 2155 (24.
389 2113 491 2155 Nor.)
509 2115 618 2146 subita
634 2119 738 2147 morte
756 2116 937 2147 exstinctus
956 2120 1053 2155 esset,
1083 2116 1156 2148 aliis
1176 2117 1409 2159 multiplicibus
1432 2117 1574 2160 negotiis
1602 2117 1735 2149 obrutus
1751 2116 1877 2157 Keple-

62 2172 118 2195 rus
148 2171 267 2195 munna
298 2162 379 2194 illud
393 2163 560 2204 ingratum
587 2162 714 2201 rejecit,
750 2171 949 2204 quamquam
981 2173 1047 2194 nou
1081 2164 1181 2204 plane
1211 2164 1342 2204 abjecit.
1394 2164 1575 2203 Quaerenti
1606 2165 1693 2196 enim
1720 2163 1879 2196 Davidi

62 2209 285 2243 Fabricio:
313 2209 433 2247 „audie
461 2212 496 2240 te
513 2208 734 2240 absurditates
759 2206 1051 2250 hypothesiumB.
1069 2210 1144 2242 Ursi
1173 2210 1346 2243 refutasse.
1397 2211 1530 2250 Quaeso
1555 2216 1593 2243 ut
1618 2212 1722 2253 primo
1751 2220 1878 2252 quoque

63 2260 208 2298 tempore
222 2259 319 2298 prout
334 2255 483 2296 Tyehoni
500 2255 558 2286 aba
575 2259 610 2286 te
626 2256 816 2296 promissum
832 2256 904 2292 fuit,
922 2256 1035 2293 edas.“
1055 2257 1223 2298 respondit
1238 2257 1433 2298 Kepleru
1444 2268 1462 2290 s
1479 2256 1529 2298 (2.
1549 2257 1632 2290 Dee.
1658 2255 1780 2297 1602);

182 2313 367 2366 „Scripsi
400 2314 439 2353 in
469 2313 638 2360 Ursum,
683 2313 754 2352 sed
786 2313 880 2353 mihi
911 2314 988 2366 ipsi
1026 2327 1105 2354 non
1136 2314 1364 2363 satisfacio;
1409 2321 1571 2367 oportet
1606 2316 1719 2366 prius
1748 2315 1878 2366 inspi-

66 2386 157 2413 cere
187 2373 374 2414 Proclum
404 2378 445 2412 et
475 2371 700 2411 Averroem
731 2372 780 2411 de
813 2371 983 2413 historia
1012 2373 1307 2425 hypothesium.
1367 2373 1498 2415 Edam
1530 2374 1764 2426 aliquando,
1811 2373 1879 2413 ubi

64 2432 106 2473 id
135 2431 277 2472 minori
313 2431 466 2473 invidia
496 2429 581 2469 fieri
610 2430 761 2481 poterit
801 2442 918 2482 quam
957 2444 1074 2472 nunc.
1139 2431 1232 2471 Fuit
1270 2432 1375 2472 enim
1407 2428 1578 2483 (Ursus)
1611 2445 1723 2472 meus
1755 2436 1878 2472 ante-

63 2503 211 2532 cessor.
218 2490 229 2507 ‘
236 2490 247 2508 ‘

158 2594 223 2627 Hic
251 2602 276 2627 a
304 2593 448 2636 Keplero
479 2591 654 2624 inchoatus
685 2601 791 2634 neque
820 2601 896 2624 vero
931 2591 1097 2624 absolutus
1128 2593 1256 2625 libellus
1289 2593 1377 2626 inest
1406 2592 1481 2626 Vol.
1509 2593 1552 2625 V.
1584 2594 1879 2636 manuscriptorum

64 2641 381 2684 Pompolitanomn
406 2650 545 2683 eumque
570 2643 746 2680 sequentes
771 2639 927 2672 exhibent
948 2639 1103 2681 paginae.
