2028 3242
146 62 232 106 268
436 107 441 113 ,
874 64 1038 107 Apologia
1061 50 1241 106 Tychonis*

146 167 435 210 demonstratio
466 168 585 220 plane
618 168 716 209 nihil
749 169 831 209 tale
865 169 1035 211 redolet.
1098 170 1204 212 Nam
1236 175 1277 210 et
1308 170 1474 212 liberum
1501 171 1740 213 astronomis
1770 169 1960 224 relinquit

145 229 229 269 sive
263 227 517 268 concentrico
552 239 641 268 cum
675 227 853 282 epicyclo
885 229 1012 269 velint
1044 229 1101 269 uti
1133 229 1174 269 in
1206 230 1386 270 omnibus
1419 230 1608 283 quinque,
1654 230 1721 284 qni
1761 229 1959 271 stationes

148 287 310 336 faciunt,
345 287 430 326 sive
452 286 676 327 eccentrico
698 287 737 327 in
769 288 896 328 tribus
929 288 1220 341 superioribus3
1267 294 1308 329 et
1339 289 1438 329 nihil
1469 289 1527 329 illi
1561 303 1678 332 curae
1711 295 1775 331 est
1806 288 1957 330 orbium

145 347 391 387 diversorum
423 358 547 399 causa
579 346 680 386 situs
713 347 776 386 vel
808 348 1095 400 magnitudinis
1135 354 1274 389 mutua
1313 349 1574 401 comparatio.
1637 349 1824 402 Respicit
1855 347 1957 388 enim

144 406 231 458 ejus
263 405 556 446 demonstratio
596 419 715 446 unum
748 407 875 447 solum
914 407 1141 459 planetam,
1188 420 1354 460 eumque
1395 421 1472 457 non
1505 408 1642 456 aliter,
1687 408 1764 449 nisi
1794 411 1959 460 propter

144 465 300 505 unicum
334 465 554 505 stationum
585 469 627 504 et
656 478 912 517 regressuum
945 481 1193 518 φαινομενον.
1257 468 1347 508 Non
1381 473 1444 507 est
1475 468 1596 520 igitur
1615 467 1822 520 Apollonii
1857 478 1956 518 pro-

144 525 275 565 blema
318 537 390 576 pro
434 524 723 578 hypothesibus
763 526 1044 566 astronomicis
1089 527 1329 567 habendum.
1394 527 1535 575 Adde,
1582 527 1686 580 quod
1718 539 1767 567 ne
1799 525 1958 578 quidem

144 585 194 623 ad
233 584 348 624 unius
392 584 581 635 planetae
620 589 752 624 motus
794 585 1129 625 demonstrandos
1174 586 1419 627 sufficientes
1465 587 1658 627 assumsit
1699 585 1956 640 hypotheses,

144 656 232 683 cum
264 656 352 683 eam
384 648 516 683 motus
549 643 898 695 inaequalitatem,
947 657 1047 697 quae
1081 645 1132 685 ad
1165 646 1334 686 eundem
1365 645 1521 686 zodiaci
1553 646 1683 686 locum
1721 644 1958 690 restituitur,

143 703 192 742 de
225 702 424 742 industria
455 702 709 754 praeteriret.
774 702 863 750 Quo
885 704 1140 744 manifestum
1173 705 1282 751 fecit,
1315 705 1412 745 nihil
1433 705 1538 745 aliud
1566 718 1609 746 se
1631 717 1821 758 quaerere
1842 710 1958 756 quam

143 761 431 814 geometricam
465 761 731 802 conclusionis
764 775 814 802 ex
846 764 1038 803 assumtis
1071 764 1266 804 deductae
1288 764 1582 814 certitudinem,
1617 777 1718 818 quae
1738 763 1957 804 vehemen-

144 826 205 861 ter
237 820 466 872 ingeniosos
499 822 840 874 contemplatores
874 823 1077 862 delectare
1111 823 1230 864 solet.

124 903 147 959 s
261 880 288 919 J
291 893 354 919 am
386 885 430 920 ut
449 881 728 929 concedamus,
761 893 833 933 pro
866 882 1156 935 hypothesibus
1177 882 1301 934 justis
1321 881 1508 923 habenda
1528 881 1807 922 demonstrata
1825 879 1958 933 Apol-

121 938 251 989 v(lonii,
287 939 391 991 quod
417 940 505 991 jam
538 939 755 980 refutatum
789 946 864 990 est,
900 941 1106 981 desumtas
1140 947 1273 982 tamen
1308 946 1377 981 aut
1396 940 1668 993 transpositas
1700 953 1751 980 ex
1770 939 1959 981 Aristar-

120 998 309 1050 chianis,
333 998 419 1050 quis
436 999 540 1039 Urso
561 999 727 1039 credet?
760 999 923 1040 Etenim
945 1014 1090 1053 magna
1110 1001 1399 1052 probabilitate
1421 1000 1642 1049 contendit,
1665 1000 1729 1040 vel
1749 999 1957 1052 ignoratas

143 1057 206 1097 vel
228 1070 302 1097 non
324 1057 554 1098 intellectas
579 1071 667 1099 esse
688 1058 918 1100 Aristarchi
943 1061 1226 1113 conceptiones
1246 1060 1475 1113 Apollonio.
1537 1059 1699 1100 Etenim
1731 1066 1819 1099 cum
1840 1058 1962 1099 sciret

142 1116 396 1168 Apollonius,
432 1117 669 1170 quibusdam
701 1131 752 1158 ex
784 1120 1029 1160 astronomis
1061 1121 1222 1172 placere
1255 1119 1521 1168 eccentricos,
1563 1118 1654 1159 aliis
1687 1117 1960 1159 concentricos

143 1189 231 1216 cum
265 1176 456 1229 epicyclo,
492 1177 700 1228 problema
731 1191 845 1218 suum
877 1179 1055 1231 utrisque
1089 1179 1419 1219 accommodavit.
1484 1177 1602 1225 Quod
1634 1178 1668 1218 si
1701 1178 1750 1218 de
1770 1177 1956 1217 Aristar-

144 1236 289 1275 chiana
322 1235 469 1275 Terrae
503 1237 705 1277 volutione
739 1237 939 1287 scivisset,
973 1239 1092 1278 credo
1114 1239 1311 1291 equidem,
1345 1233 1471 1290 aequ'e
1493 1238 1610 1278 facile
1644 1237 1695 1277 ad
1716 1237 1826 1277 illam
1846 1248 1960 1277 suum

143 1295 349 1347 problema
387 1296 681 1336 conformasset
722 1310 768 1337 ac
801 1302 895 1350 post
934 1311 1022 1338 eum
1063 1297 1323 1350 Copernicus.
1386 1298 1565 1353 Deinde,
1612 1296 1646 1337 si
1677 1294 1959 1337 Aristarchum

144 1353 365 1406 exprimere
400 1355 616 1396 voluisset:
666 1356 759 1408 quid
799 1369 948 1409 quaeso
982 1370 1080 1410 opus
1122 1357 1180 1397 illi
1220 1357 1364 1398 fuisset
1396 1347 1768 1413 ’ἑέἐέἶζξῖζξὲῗᾷῄρ-,Ε
1782 1359 1960 1405 centrum

144 1412 355 1464 eccentrici
402 1411 626 1467 aequaliter
669 1429 757 1463 cum
790 1414 885 1456 Sole
929 1416 1161 1457 moveatur?
1223 1408 1558 1468 Qudnt3'“ffi{j'1is
1604 1415 1770 1456 fecisset
1813 1426 1958 1466 operae

144 1472 434 1526 compendium,
458 1472 505 1523 si,
529 1475 632 1527 quod
653 1474 773 1515 hodie
795 1474 944 1529 Tych0‚
967 1464 1409 1531 absserusisset‘omnium
1434 1463 1982 1535 planetffffiffl‘ffl

143 1532 183 1572 in
217 1531 326 1587 Sole.
390 1532 518 1583 Nune,
553 1547 641 1574 cum
673 1540 836 1587 separet
866 1541 1006 1575 centra
1036 1531 1345 1588 planetarum'a
1377 1529 1471 1576 Sole
1504 1528 1627 1575 etab'
1653 1532 1835 1582 invicem,
1870 1544 1960 1581 cer-

144 1597 210 1632 tas
242 1596 284 1631 et
317 1606 340 1631 a
362 1592 562 1645 Tychonis
595 1593 712 1646 longe
747 1594 929 1634 diversas
961 1601 1092 1635 metas
1113 1595 1381 1636 exstruendae
1414 1595 1566 1635 formae
1593 1593 1818 1634 mundanae
1837 1603 1959 1644 prae-

143 1650 229 1691 fixit
265 1650 314 1691 iis
349 1652 415 1704 qui
453 1651 528 1691 hoc
561 1653 758 1694 voluerint
794 1659 1015 1705 praestare.
1080 1655 1185 1695 Nam
1225 1658 1319 1706 post
1349 1654 1467 1694 orbes
1488 1654 1637 1704 ¹Lunae
1679 1655 1860 1706 systema
1891 1663 1960 1691 se-

145 1715 287 1762 quetur
319 1713 346 1761 ζὲ
379 1724 467 1750 cum
499 1711 693 1765 epicyclo,
729 1725 851 1765 supra
882 1714 985 1754 hunc
1021 1713 1053 1761 Q
1086 1727 1173 1754 cum
1206 1714 1384 1768 epicyclo
1411 1714 1528 1766 longe
1561 1711 1832 1764 amplissimo:
1875 1715 1961 1750 tum

144 1768 226 1809 Sol.
289 1769 345 1809 Et
383 1770 470 1821 jam
515 1783 636 1822 supra
682 1770 820 1812 Solem
850 1773 885 1812 L
919 1773 974 1819 (si
1017 1773 1068 1812 ad
1113 1774 1276 1813 schema
1309 1771 1347 1814 5.
1392 1771 1640 1826 respexeris)
1671 1771 1730 1819 E,
1778 1774 1958 1811 centrum

145 1828 358 1869 eccentrici
391 1834 424 1874 <3
456 1834 539 1869 tam
572 1830 654 1870 alte
689 1831 891 1871 sublatum
923 1831 1160 1880 circumibit,
1184 1837 1230 1872 ut
1260 1831 1331 1872 EC
1366 1833 1488 1885 (quae
1521 1835 1674 1871 certam
1706 1830 1830 1870 habet
1859 1841 1956 1881 pro-

143 1887 370 1939 portionem
404 1889 453 1928 ad
485 1888 575 1936 EF)
614 1890 772 1941 longior
811 1891 883 1940 sit,
925 1903 1042 1942 quarn
1074 1891 1162 1939 EF,
1208 1904 1256 1931 ne
1297 1891 1402 1931 orbis
1442 1890 1550 1931 Solis
1589 1889 1802 1942 aliquando
1835 1887 1958 1928 Marti

144 1951 315 1998 cogatur
352 1947 568 1999 hospitium
599 1950 813 2000 praebere,
861 1950 964 2002 quod
1004 1950 1184 1990 omnibus
1223 1950 1303 1990 illis
1344 1949 1590 2002 impossibile
1629 1949 1755 1989 videri
1793 1959 1958 1988 necesse

144 2010 219 2053 est,
255 2006 320 2058 qui
351 2006 578 2058 palpabiles
613 2013 654 2047 et
686 2009 968 2048 adamantinos
1002 2009 1119 2049 orbes
1151 2022 1239 2049 cum
1258 2009 1481 2050 Aristotele
1509 2009 1686 2048 credunt.
1749 2008 1835 2047 Hoc
1856 2006 1959 2046 enim

82 2104 88 2113 ,
112 2062 127 2066 ⁰
143 2070 218 2113 est,
256 2066 362 2117 quod
393 2079 651 2118 permagnam
685 2068 782 2108 facit
815 2069 1081 2108 differentia-m
1126 2068 1230 2109 inter
1262 2081 1378 2108 veras
1404 2066 1611 2120 Apollonii
1643 2066 1887 2120 hypotheses
1919 2070 1961 2105 et

71 2118 79 2178 J
143 2137 227 2172 eas,
263 2137 362 2176 quas
393 2125 522 2166 Ursus
555 2125 616 2165 illi
650 2127 806 2179 affingit
838 2128 946 2175 (cum
972 2127 1171 2180 Tychonis
1205 2128 1318 2176 sint),
1355 2128 1457 2180 quod
1490 2127 1673 2180 utrinque
1707 2125 1882 2178 quidem,
1916 2129 1961 2164 ut

142 2196 265 2235 supra
305 2184 642 2235 demonstratum,
691 2187 812 2226 stella
844 2192 877 2233 ὅ
915 2187 954 2226 in
988 2187 1212 2227 eccentrico
1254 2185 1281 2226 2
1320 2187 1418 2227 locis
1459 2186 1626 2227 incurrit
1663 2189 1794 2225 metas
1833 2182 1960 2224 centri

120 2243 373 2283 .eecentrici:
408 2243 585 2298 Tychoni
623 2258 717 2285 vero
751 2247 915 2286 eaedem
948 2250 1101 2295 metae,
1149 2245 1255 2286 idem
1298 2246 1468 2287 circulus
1502 2251 1566 2286 est
1608 2249 1650 2285 et
1681 2243 1789 2285 Solis
1819 2243 1986 2295 ipsius,-

140 2303 275 2355 itaque
307 2308 341 2348 (ς
372 2303 429 2343 illi
462 2304 578 2356 longe
611 2304 731 2359 intra
751 2304 1264 2365 SRUEAEFPRIEQBQQQ„
1276 2305 1327 2345 ad
1360 2306 1394 2355 ᾖξ’
1461 2318 1506 2344 as
1547 2305 1690 2344 descen
1721 2303 1734 2343 i
1770 2317 1779 2343 :
1825 2300 1959 2353 Apol-

144 2362 248 2401 lonio
281 2362 441 2404 minime
474 2363 538 2402 vel
572 2369 681 2404 certe
715 2377 792 2404 non
814 2359 1065 2413 necessario;
1099 2365 1277 2419 Tychoni
1327 2377 1372 2405 oc
1400 2378 1449 2404 ex
1469 2362 1737 2404 observationi
1767 2375 1814 2402 us
1845 2373 1958 2400 com-

141 2426 312 2473 pertum,
346 2422 582 2463 diversitate
616 2428 807 2475 aspectus
840 2437 924 2464 rem
957 2424 1145 2465 subtilem
1175 2423 1473 2477 patefaciente:
1508 2421 1723 2475 Apollonio
1744 2421 1854 2461 nulla
1885 2419 1958 2460 ob-
2024 2454 2028 2459 .

142 2486 330 2530 servata,
383 2482 524 2534 quibus
570 2483 814 2524 contrarium
856 2484 1031 2524 evincat.
1096 2482 1164 2524 Sic
1210 2496 1303 2536 ergo
1349 2488 1382 2528 d
1426 2483 1464 2523 in
1503 2480 1717 2534 Apollonio
1762 2492 1958 2532 nunquam

140 2539 325 2581 humilior
358 2540 451 2581 Sole
485 2542 707 2594 fingendus,

258 2601 316 2641 Ut
343 2598 493 2640 ‘autem
539 2614 588 2641 ex
620 2601 824 2654 Apollonii
864 2595 1152 2642 demonstratis
1186 2606 1365 2641 centrum
1403 2598 1615 2639 eccentrici
1646 2597 1794 2638 Martis
1839 2609 1961 2650 supra

144 2657 281 2700 Solem
308 2660 678 2701 circumducendum
711 2666 832 2710 esset,
868 2661 927 2701 ita
947 2660 1111 2701 Saturni
1143 2664 1322 2700 centrum
1354 2659 1458 2699 infra
1483 2657 1632 2706 Solem,
1667 2657 1838 2698 omnium
1864 2669 1959 2696 vero

142 2718 258 2758 trium
298 2720 361 2759 vel
399 2719 643 2771 longissimis
685 2720 911 2760 intervallis
950 2733 1072 2772 supra
1106 2717 1157 2769 Θ
1192 2717 1397 2759 circumire
1443 2717 1540 2756 nihil
1582 2717 1805 2769 prohibeat.
1869 2713 1958 2761 Quo

142 2778 256 2817 modo
299 2779 407 2818 nulla
445 2785 557 2818 certa
594 2779 697 2819 ratio
742 2779 819 2819 erit
861 2779 1140 2831 proportiones
1173 2777 1327 2819 orbium
1371 2782 1415 2816 ut
1452 2776 1559 2829 apud
1590 2774 1873 2816 Aristarchum
1918 2778 1961 2814 et

145 2836 369 2888 Tychonem
402 2836 673 2890 investigandi
704 2838 779 2878 nisi
811 2839 911 2879 haec
943 2839 1071 2886 unica,
1106 2850 1205 2890 quae
1239 2850 1264 2875 a
1295 2839 1481 2875 contactu
1513 2835 1663 2875 orbium
1697 2839 1738 2874 et
1769 2846 1958 2874 occursa-

145 2894 251 2934 tione
284 2901 422 2936 mutua
453 2896 618 2937 duorum
649 2898 904 2949 planetarum
936 2897 1116 2937 cavenda
1147 2894 1390 2936 desumitur:
1426 2907 1504 2945 qua
1535 2893 1690 2934 ratione
1723 2891 1820 2933 nihil
1852 2891 1960 2932 aliud
2006 2906 2010 2911 ¹

144 2952 310 2994 docetur
342 2967 460 3006 quam
492 2961 626 2995 certae
658 2960 810 3005 metae,
858 2957 965 2997 infra
999 2969 1098 3009 quas
1129 2955 1319 3007 planetae
1351 2965 1430 2993 non
1462 2953 1727 2993 descendunt:
1767 2956 1811 2991 at
1841 2963 1960 3004 quam

145 3011 226 3051 alte
260 3025 381 3064 supra
412 3013 485 3053 has
516 3019 647 3054 metas
679 3015 929 3064 attollantur,
962 3012 1227 3067 pervestigari
1261 3012 1352 3052 hinc
1383 3011 1532 3064 nequit.

264 3071 402 3124 Usque
435 3072 535 3112 adeo
566 3085 713 3125 magna
744 3078 806 3114 est
826 3074 932 3115 inter
950 3078 1156 3126 utramque
1178 3070 1415 3126 hypothesin
1442 3070 1680 3119 differentia,
1714 3070 1805 3110 dum
1829 3068 1960 3109 altera

1898 3122 1966 3136 ‚qua-
