2028 3242
147 38 234 86 310
708 42 842 74 Literae
866 41 1004 83 Kepleri
1029 41 1230 83 aliorumque
1256 46 1392 74 mutuae

147 150 404 204 geometrica.
466 148 573 189 Nam
610 147 788 201 quintilis
827 151 868 188 et
909 148 1130 202 biquintilis
1174 149 1232 189 sic
1271 148 1431 202 quidem
1473 153 1567 189 sunt
1609 148 1696 189 loco
1733 146 1956 200 posteriore

146 211 250 251 inter
293 207 633 248 demonstrativas
677 207 849 259 figuras,
907 213 952 247 ut
993 208 1109 248 simul
1151 220 1224 260 per
1265 208 1368 248 hunc
1413 219 1614 248 recessum
1661 212 1703 247 et
1745 218 1816 258 per
1854 206 1957 246 hanc

147 270 281 320 fugam
315 266 568 318 aequationis
599 266 859 318 perveniatur
890 266 930 306 in
950 267 1371 319 proportionalitatem
1393 266 1568 307 divinam
1587 265 1760 307 omnium
1793 277 1957 317 geome-

146 328 336 368 tricarum
367 338 510 366 rerum.
572 323 666 365 Etsi
701 325 844 378 itaque
888 325 950 365 his
994 326 1111 366 deest
1148 325 1469 373 numerabilitas,
1514 337 1586 366 seu
1617 329 1761 365 natura
1792 323 1955 372 numeri,

146 385 323 426 vicissim
353 390 489 425 tamen
527 384 626 436 ipsis
668 384 786 424 adest
822 385 1025 438 proportio
1059 384 1218 434 divina,
1270 397 1349 438 qua
1398 389 1539 424 carent
1573 387 1767 446 aspectus
1798 382 1953 423 usitati.

145 446 386 497 Propterea,
438 448 481 483 et
525 443 618 496 quia
669 444 1005 496 quinquangulum
1055 444 1268 484 adhibetur
1313 444 1363 483 ad
1419 435 1669 483 efficiendum
1719 453 1860 494 corpus
1917 446 1959 480 et

147 503 304 556 quidem
347 502 601 555 primarium,
652 508 694 542 et
744 502 975 555 biquintiles
1025 504 1173 555 figurae
1230 502 1283 543 12
1327 503 1378 543 ad
1421 501 1728 554 pulcherrimum
1775 501 1959 553 regulare

148 567 309 603 auctum
341 562 543 610 (stellam)
577 561 813 610 faciendum,
850 562 1081 614 aspectibus
1114 567 1208 602 sunt
1241 562 1505 602 accensenda.
1567 561 1780 601 Postrema
1809 560 1959 612 figura.-

146 635 233 662 rum
264 626 431 674 utroque
469 621 626 660 nomine
660 626 724 660 est
760 621 1129 673 sesquiquadratuS.
1195 620 1385 662 Ceterum
1424 621 1463 660 in
1502 620 1646 660 effectu
1683 630 1824 672 parum
1860 631 1958 671 pos-

147 685 265 726 sunt,
310 680 399 732 plus
432 685 584 728 tamen,
632 692 751 732 quam
790 680 955 732 quaevis
995 680 1076 720 alia
1120 693 1199 720 non
1242 680 1496 728 harmonica,
1544 678 1888 733 quemadmodum¹
1918 677 1959 717 in

146 739 297 780 musice
342 743 461 779 sexta
503 739 634 778 mollis
679 739 944 779 consonantia
980 744 1115 779 tamen
1160 745 1242 786 est,
1287 745 1350 787 ut,
1397 751 1484 779 cum
1524 737 1584 781 >sit
1613 737 1844 786 imbecillis,
1886 749 1960 776 nec

146 799 286 839 laedat
312 811 449 847 aures,
490 802 536 836 ut
567 811 668 850 quae
700 798 922 838 dissonant.
986 799 1093 840 Nam
1138 797 1341 838 sensibilis
1379 798 1478 838 haec
1521 796 1694 837 musices
1735 809 1824 836 cum
1861 795 1960 836 meis

148 857 370 898 rationibus
420 857 660 896 harmonicis
699 857 979 897 convenientia
1031 857 1296 896 certissimum
1336 857 1451 905 facit,
1503 855 1615 896 meas
1660 855 1838 896 rationes
1882 864 1962 895 non

148 929 238 956 esse
271 916 542 967 denegandas,
578 928 699 968 quare
732 928 804 955 nec
836 916 874 955 in
909 916 1130 968 astrologia
1162 916 1487 956 contemnendas.
1508 912 1539 962 ¹)

264 975 376 1014 Haec
408 974 616 1023 hactenus,
650 980 695 1014 ut
725 987 787 1014 me
821 980 862 1014 et
891 980 932 1015 te
959 987 1198 1015 exercerem.

240 1067 488 1100 Fabricius:
516 1068 577 1099 Pro
604 1068 779 1110 genesibus
803 1069 909 1100 missis
933 1069 1058 1112 gratias
1075 1069 1235 1100 maximas
1252 1068 1369 1100 habeo.
1421 1066 1559 1100 Utinam
1576 1066 1764 1100 accuratius
1782 1065 1962 1099 denotatae

148 1118 270 1148 essent.
321 1115 399 1147 Sola
424 1115 645 1148 accidentium
673 1119 832 1148 accurata
857 1117 1039 1148 observatio
1066 1116 1297 1158 astrologiam,
1333 1116 1542 1156 nuncsqnasi
1565 1114 1741 1151 infamem,
1775 1123 1834 1146 suo
1865 1114 1962 1145 nitori

148 1164 320 1196 restituere
345 1166 466 1204 potest.
515 1162 642 1195 Vellem
669 1173 812 1205 quoque,
839 1167 873 1195 te
898 1165 932 1195 in
957 1167 1034 1196 tua
1058 1165 1227 1206 genesi,
1260 1173 1325 1195 non
1350 1162 1475 1195 infelici
1499 1166 1537 1194 ut
1557 1162 1622 1204 'ego
1647 1165 1749 1204 puto,
1776 1160 1964 1193 accidentia
1995 1185 1998 1187 Α

148 1211 259 1243 omnia
283 1211 316 1242 in
341 1211 438 1242 certis
464 1211 578 1242 diebus
602 1210 681 1242 mihi
709 1212 979 1243 communicasse.
1029 1210 1180 1243 Maxima
1203 1220 1279 1252 pars
1305 1211 1372 1242 lato
1398 1210 1495 1242 modo
1521 1210 1682 1242 denotata
1707 1213 1768 1244 est,
1793 1217 1865 1252 nec,
1881 1218 1963 1251 cog·

146 1267 281 1290 noscere
315 1267 503 1298 possumuS‚
543 1267 587 1290 an
621 1268 704 1289 novo
738 1258 789 1289 vel
823 1260 926 1291 veteri
958 1258 1042 1299 stylo
1074 1259 1190 1290 utaris.
1242 1258 1353 1298 Quare
1378 1258 1412 1289 in
1437 1262 1575 1299 utroque
1613 1261 1648 1289 te
1681 1256 1788 1299 magis
1814 1256 1962 1297 explica3

146 1306 362 1346 praesertim,
401 1315 462 1346 quo
489 1305 542 1336 die
568 1306 646 1336 anni
673 1303 727 1336 91.
756 1305 872 1337 Martis
897 1307 1057 1338 transitus
1082 1315 1139 1348 per
1164 1306 1401 1338 ascendentem
1439 1309 1472 1338 te
1497 1304 1592 1336 valde
1621 1304 1791 1341 afflixerit,
1826 1306 1860 1335 et
1884 1313 1962 1346 quo-

146 1353 255 1384 modo.
308 1351 381 1391 Quo
420 1352 472 1384 die
511 1352 615 1384 Gratii
640 1352 810 1395 Ungarica
846 1353 944 1386 febris
982 1357 1016 1386 te
1052 1354 1219 1385 invaserit.
1271 1352 1343 1392 Quo
1378 1352 1429 1384 die
1465 1352 1543 1384 anni
1581 1348 1635 1383 90.
1662 1350 1834 1394 Ungarica
1868 1350 1965 1383 febris

148 1400 284 1436 lentior,
324 1409 363 1431 ex
389 1398 530 1431 Saturno
556 1409 653 1441 super
678 1400 931 1437 ascendentem,
970 1404 1004 1433 te
1031 1401 1193 1433 afflixerit.
1243 1400 1369 1432 Ultima
1393 1403 1559 1442 quartana
1585 1397 1620 1430 8.
1646 1397 1722 1439 Oct.
1753 1407 1797 1430 an
1821 1401 1885 1430 vet.
1913 1397 1964 1430 vel

147 1457 229 1478 novo
256 1446 362 1487 stylo?
411 1446 531 1479 Laesio
556 1447 630 1479 nasi
655 1457 717 1489 quo
736 1447 800 1479 die.
850 1448 1019 1481 Maestlini
1044 1449 1181 1491 genesin
1199 1448 1226 1480 si
1242 1447 1357 1485 habes,
1383 1447 1480 1479 velim
1496 1447 1575 1479 mihi
1593 1446 1824 1479 communices.
1867 1444 1964 1478 Unde

148 1494 335 1526 Paradiseri
361 1495 497 1536 genesin
522 1493 651 1526 habes?

266 1564 538 1615 Keplerus:
591 1563 790 1616 Exempla
821 1577 1023 1616 geneseon
1056 1564 1196 1604 mutila
1227 1563 1331 1604 misi.
1383 1565 1565 1616 Ignosce.
1624 1561 1738 1607 Cum,
1773 1566 1816 1601 ut
1836 1561 1963 1611 vides,

151 1623 381 1664 certitudini
415 1623 515 1663 artis
546 1623 586 1663 in
614 1623 883 1675 singularibus
914 1636 1055 1674 parum
1086 1624 1271 1672 tribuam,
1307 1622 1575 1675 negligentior
1607 1634 1698 1661 esse
1730 1621 1859 1670 soleo,
1894 1633 1966 1661 nec

152 1688 192 1722 te
224 1682 289 1722 hic
321 1683 489 1722 multum
515 1682 656 1734 juvare
689 1695 866 1734 possum.
931 1682 1011 1723 Sed
1045 1688 1089 1723 tu
1122 1682 1301 1734 deperire
1334 1682 1483 1722 videris
1516 1685 1668 1728 artem3
1707 1679 1812 1728 vide,
1845 1693 1893 1719 ne
1925 1685 1966 1720 te

153 1741 400 1790 ludificetur,
453 1742 608 1793 maj0ra
660 1741 763 1780 enim
823 1741 1004 1781 humanis
1059 1741 1210 1783 viribus
1261 1741 1343 1781 ista
1389 1741 1486 1781 mihi
1534 1740 1743 1789 videntur,
1796 1738 1965 1779 certitu-

154 1801 284 1840 dinem
317 1800 408 1839 inde
441 1805 598 1851 petere,
632 1800 698 1840 ubi
730 1799 841 1840 nulla
874 1813 963 1840 esse
995 1806 1149 1854 potest,
1193 1806 1234 1840 te
1267 1801 1354 1852 ipso
1388 1805 1516 1848 teste,
1550 1798 1616 1851 qui
1648 1798 1835 1838 concedis
1867 1810 1964 1838 cau-

154 1871 287 1899 sarum
320 1859 489 1898 omnium
524 1872 738 1899 concursus
765 1860 884 1911 juxta
915 1859 1082 1899 coelum.
1148 1858 1255 1905 Quid
1288 1872 1337 1899 ex
1378 1860 1452 1899 hoc
1485 1862 1695 1911 sequatur,
1736 1857 1860 1909 probe
1893 1869 1966 1896 ex-

152 1918 326 1970 pendere
358 1923 399 1957 te
431 1918 576 1965 veli1n;
609 1931 702 1957 nam
732 1918 1040 1958 inconsideratis
1073 1919 1202 1970 prima
1234 1919 1365 1958 fronte
1401 1931 1479 1958 non
1513 1921 1697 1969 apparet.

271 1977 316 2015 In
349 1989 435 2016 mea
468 1977 606 2027 genesi
640 1977 768 2030 stylus
801 1982 916 2017 vetus
949 1977 1077 2024 valet,
1119 1990 1243 2028 usque
1284 1977 1335 2016 ad
1368 1989 1513 2016 annum
1546 1972 1615 2024 94,
1650 1987 1725 2027 quo
1759 1986 1862 2014 anno
1899 1972 1967 2014 11.

154 2035 253 2086 Apr.
288 2040 339 2074 st.
373 2048 409 2074 n.
447 2034 633 2075 Gratiam
666 2036 753 2074 veni
786 2049 872 2076 cum
904 2041 1132 2075 versaretur
1162 2036 1201 2084 Ἃ
1234 2035 1271 2075 in
1305 2036 1434 2075 medio
1462 2035 1589 2082 coeli3
1629 2030 1680 2074 14
1699 2038 1793 2086 post
1825 2033 1965 2073 diebus

157 2093 194 2134 in
233 2093 323 2145 ipsa
368 2095 495 2143 ςζςς)
541 2095 581 2134 in
623 2092 772 2141 23⁰1]
812 2094 933 2134 incidi
975 2095 1014 2134 in
1048 2095 1188 2135 febrim
1220 2095 1483 2146 Ungaricam,
1541 2105 1642 2146 quae
1676 2093 1836 2133 duravit
1867 2092 1967 2132 alios

160 2150 214 2192 14
247 2153 345 2192 dies.

273 2210 391 2251 Anno
413 2209 482 2259 90,
517 2224 603 2251 cum
636 2216 747 2252 esset
776 2209 803 2262 Β
835 2211 876 2251 in
896 2209 978 2253 24⁰
996 2210 1069 2252 40¹
1088 2215 1132 2260 Π
1164 2213 1328 2264 (quaere
1362 2211 1466 2251 diem
1497 2211 1618 2264 ipse),
1652 2209 1829 2263 graviter
1855 2209 1966 2262 coepi

157 2275 370 2322 aegrotare
404 2270 538 2309 dolore
582 2270 727 2323 capitis
769 2275 811 2310 et
841 2271 1165 2311 consternatione
1204 2271 1482 2311 membrorum.
1547 2269 1648 2311 Cum
1679 2266 1706 2319 B
1739 2268 1884 2309 iterum
1914 2268 1968 2308 ibi

157 2334 279 2378 esset,
313 2329 471 2369 scabies
504 2342 567 2368 me
599 2330 741 2370 tenuit.
1753 2355 1760 2359 -

275 2387 393 2428 Anno
427 2385 495 2436 91,
532 2388 594 2428 die
622 2389 795 2428 Veneris
828 2393 922 2441 post
953 2388 1108 2429 cineres
1142 2389 1286 2441 capitis
1320 2389 1433 2429 dolor
1465 2387 1680 2428 febriculae
1713 2386 1967 2426 acutissimae

157 2447 311 2487 initium
345 2447 458 2496 fecit,
501 2460 600 2499 quae
645 2447 672 2489 8
713 2449 799 2488 dies
833 2446 1066 2488 duravit'et
1097 2461 1157 2487 me
1201 2461 1302 2500 pene
1336 2447 1531 2488 enecavit.
1596 2445 1642 2486 Si
1675 2445 1776 2484 bene
1808 2445 1968 2485 memini

158 2506 233 2545 fuit
263 2502 310 2548 U
326 2504 377 2556 Θ
395 2511 440 2552 ὀ.

276 2565 377 2604 Post
410 2564 530 2605 ferias
563 2565 772 2605 natalitias
804 2565 1093 2616 praecedentes
1137 2578 1158 2604 e
1198 2565 1347 2617 templo
1385 2577 1406 2604 e
1439 2562 1608 2603 lectione
1641 2547 1804 2602 veniens
1834 2563 1969 2602 inten-

160 2623 319 2664 sissimo
354 2624 501 2690 frigore
534 2624 676 2663 sudavi
708 2623 1072 2664 vehementissime.
1137 2625 1314 2664 Fuerunt
1345 2618 1439 2675 ergo
1471 2621 1663 2674 reliquiae
1694 2621 1832 2670 morbi,
1868 2634 1968 2674 quae

161 2688 375 2733 eruperunt
406 2683 442 2722 in
476 2683 820 2731 Bacchanalibus,
867 2695 954 2722 cum
986 2684 1102 2734 paulo
1137 2688 1257 2722 antea
1289 2683 1500 2722 sisteretur
1531 2680 1710 2728 scabies,
1752 2685 1794 2720 et
1825 2693 1966 2721 acces—

161 2741 284 2780 sisset
316 2742 526 2781 commotio
561 2742 738 2793 corporis
772 2748 812 2781 et
845 2741 965 2780 animi
1004 2754 1075 2793 per
1107 2741 1369 2793 agitationem
1396 2739 1663 2792 comoediae,
1704 2739 1741 2778 in
1776 2752 1869 2792 qua
1872 2740 1971 2790 M-a-

160 2799 310 2838 rianem
344 2800 525 2851 agebam.
591 2801 632 2840 In
673 2806 870 2852 quartana
907 2801 1055 2853 stylum
1097 2813 1243 2840 novum
1283 2799 1476 2850 intellige.
1539 2792 1675 2838 Simul
1704 2791 1801 2838 illud
1838 2797 1963 2839 medi-

162 2870 319 2897 corum:
372 2859 548 2898 tertiana
589 2870 668 2899 ‘non
707 2864 930 2911 expurgata
976 2860 1019 2898 fit
1067 2864 1276 2911 quartana.
1339 2857 1472 2898 Semel
1514 2862 1632 2909 atque
1671 2856 1836 2908 iterum,
1881 2869 1967 2897 cum
2015 2879 2023 2882 s

164 2916 290 2955 adhuc
324 2929 452 2956 essem
488 2917 642 2963 Grani,
682 2919 789 2957 sensi
829 2931 1109 2970 paroxysmum
1143 2922 1235 2957 ante
1267 2916 1494 2957 Michaelis,
1557 2916 1758 2968 Agitabat
1789 2917 1894 2957 curis
1927 2920 1969 2955 et

164 2973 384 3021 laboribus,
427 2976 476 3014 ad
515 2975 589 3015 iter
626 2990 686 3016 me
725 2989 899 3028 parans;
952 2977 987 3016 in
1027 2977 1169 3016 itinere
1211 2975 1416 3015 iracundia
1448 2975 1573 3015 effusa
1605 2987 1655 3014 ex
1685 2975 1964 3023 incidentibus,

166 3044 256 3071 esus
289 3034 539 3084 gerberorum
568 3036 789 3083 crudorum,
823 3035 953 3075 victus
986 3035 1062 3076 imo
1095 3034 1342 3075 inordinatus
1376 3038 1416 3073 et
1447 3034 1710 3073 antecedente
1743 3040 1858 3074 nocte
1891 3034 1968 3074 iter
