2028 3242
862 64 1078 98 Prooemium
1788 58 1875 102 233

59 170 426 209 ina-Madidis
454 175 705 210 suanonsunt,
732 181 796 205 nec
824 172 927 204 etiam
955 180 999 204 ea
1025 169 1280 214 ipsaiutelligit,
1309 170 1360 203 ita
1389 172 1538 211 atquae
1562 167 1746 201 bouamt
1772 168 1875 205 ineo.

34 217 583 261 ,ip-offlmuspmponat.
615 216 1519 260 rMultaa'l'ycbonoliabotetprosuisvemlitat,
1549 215 1876 258 quasin'ryetmis

60 265 143 298 fibo
169 265 230 298 tibi
255 267 446 298 mutavi.
510 266 762 309 Triangulomm
796 267 897 307 ipsius
926 266 1078 298 doctrina
1102 265 1184 296 nihil
1212 263 1424 296 memorabile
1450 263 1554 296 habet
1589 263 1676 304 quod
1702 273 1770 295 non
1798 263 1878 295 alibi

58 311 482 355 fflmmtet.
531 313 628 353 Quae
655 323 732 346 vero
756 313 1041 345 iueaoboervatu
1066 311 1274 354 digmsunt,
1302 312 1373 353 ipse
1402 320 1470 343 non
1492 310 1657 352 intelligit,
1686 310 1762 343 ideo
1790 309 1876 342 false

155 546 283 586 Quibu-
308 545 523 589 Koplerus
547 546 633 580 lnce
658 546 827 591 respoudit
854 546 912 587 (ex
937 555 989 588 ep.
1018 546 1052 578 d.
1080 543 1114 578 2.
1133 545 1217 578 Deo.
1246 543 1292 577 ⁹8
1321 545 1413 578 data.
1457 544 1573 587 Comp.
1597 555 1630 587 p.
1657 542 1701 576 38
1727 548 1762 577 et
1786 541 1876 580 913:

178 640 381 695 Tyolionis
409 640 549 682 literas
579 641 754 681 nondum
783 640 887 686 vidi,
913 652 1091 680 mearum
1122 640 1176 680 ad
1207 638 1319 680 illum
1350 639 1559 691 exemplar
1590 638 1696 690 apud
1728 643 1769 678 te
1799 650 1875 678 ex-

61 704 172 741 stare
201 699 388 754 gaudeo„
431 699 537 740 Nam
567 699 758 754 prodigus
790 711 876 739 sum
907 698 1132 740 verborum.
1194 697 1350 750 Scripsi
1367 698 1571 751 profecto,
1605 709 1681 750 quo
1706 709 1770 737 me
1802 710 1874 736 ca-

59 758 189 798 lamus
232 757 424 806 ducebat,
469 764 611 799 contra
653 771 771 810 quam
802 757 854 798 ad
897 763 1055 798 tantum
1083 757 1212 798 virum
1250 756 1398 798 decuit.
1458 755 1608 797 Earum
1651 757 1753 797 adeo
1797 767 1876 796 non

60 816 222 858 memini
250 816 436 869 amplius.
498 818 666 858 Utinam
695 817 934 857 observator
965 816 1300 868 diligentissimus
1332 815 1428 856 olim
1458 829 1483 855 a
1508 828 1572 855 me
1590 820 1725 855 motae
1757 813 1877 854 dubi-

61 874 228 916 tationis
257 875 309 916 de
347 875 438 916 fixis
482 876 724 916 mentionem
756 876 922 916 faceret.
986 874 1212 916 Observavi
1251 887 1326 926 ego
1364 874 1567 926 triangulo
1598 874 1688 914 rudi
1721 873 1878 926 (qualia

61 935 173 975 fuere
190 933 518 975 Patriarcbarum
548 948 574 974 a
593 934 742 974 diluvio
761 935 941 986 tuguria)
980 932 1101 976 1597.
1130 932 1311 981 Octobri,
1346 932 1575 980 Decembri,
1612 930 1737 974 1598.
1760 932 1877 972 Mar-

61 992 133 1042 tio,
165 991 408 1046 Septembri.
469 993 647 1034 Primam
671 993 818 1034 falsam
838 993 962 1033 fuisse
994 1006 1212 1033 consensus
1238 991 1488 1044 sequentium
1528 996 1718 1032 testatur.
1768 991 1876 1031 Nam

63 1051 99 1092 si
128 1064 210 1104 qua
237 1057 305 1092 est
333 1051 560 1092 differentia
590 1051 815 1092 altitudinis
845 1052 1011 1092 fixarum
1044 1052 1215 1093 diversis
1247 1051 1342 1091 anni
1366 1050 1626 1103 temporibus,
1658 1050 1732 1099 illa
1748 1049 1877 1090 minor

63 1116 128 1151 est
156 1115 360 1152 >sextante
396 1111 567 1163 gradus;
610 1123 704 1151 nam
748 1111 971 1168 quadrante
1012 1123 1101 1151 meo
1146 1110 1334 1162 scrupula
1366 1110 1591 1150 consectari
1631 1122 1708 1149 non
1749 1109 1875 1161 potui.

63 1169 153 1222 Ego
182 1181 278 1210 vero
319 1182 369 1210 ex
398 1169 527 1222 prima
566 1170 671 1209 falsa
710 1169 993 1210 observatione
1028 1169 1189 1221 putavi,
1233 1168 1497 1209 differentiam
1536 1169 1620 1208 fore
1666 1168 1876 1208 semissem

63 1228 230 1282 gradus.
291 1227 339 1269 Si
366 1228 406 1268 in
436 1228 576 1280 primis
608 1234 651 1268 et
680 1229 862 1280 partibus
893 1228 1009 1281 primi
1040 1228 1258 1280 majoribus
1284 1227 1395 1267 nulla
1420 1233 1486 1268 est
1506 1227 1746 1274 differentia,
1780 1239 1877 1267 sane

65 1292 115 1327 et‘
137 1299 213 1339 ego
245 1286 456 1340 plurimum
488 1287 690 1328 movebor.
753 1285 855 1333 Quis
887 1287 992 1327 enim
1023 1288 1182 1334 credat,
1224 1292 1381 1327 tantam
1413 1299 1503 1326 esse
1535 1287 1702 1326 fixarum
1733 1286 1879 1326 altitu-

66 1346 212 1387 dinem.
247 1349 402 1393 (Spectat
416 1350 468 1383 his
483 1351 647 1393 Keplerus
665 1352 908 1384 observationes
925 1352 1042 1385 stellae
1059 1352 1191 1394 polaris,
1208 1361 1295 1394 quae
1311 1351 1466 1393 leguntur
1481 1359 1580 1392 supra
1599 1361 1631 1392 p.
1652 1348 1727 1390 ⁴2.)

183 1404 251 1445 Ad
280 1404 464 1446 Ursum
500 1404 643 1462 scripsi
690 1417 795 1444 anno
827 1403 897 1446 95.
938 1411 1119 1462 aestate,
1164 1405 1274 1462 prius
1304 1417 1395 1444 uam
1428 1404 1555 1444 Tubiu
1587 1417 1652 1444 am
1683 1404 1875 1445 venirem.
1919 1402 2028 1508 ’,ἲ-ὲ

65 1462 230 1516 Impulit
258 1475 322 1504 me
354 1462 513 1516 quidam
544 1475 595 1502 ex
625 1463 856 1515 proceribus
889 1464 1112 1518 Waganus,
1139 1463 1203 1516 qui
1236 1476 1325 1503 cum
1356 1463 1535 1504 crebrius
1602 1475 1743 1516 ragam
1774 1476 1876 1503 ven·
2007 1475 2016 1508 ι

66 1521 175 1569 ῑίωῑ,
214 1521 255 1562 in
286 1521 457 1564 bominis
499 1522 687 1562 notitiam
717 1522 830 1562 venit
869 1535 1036 1575 eumque
1076 1523 1236 1575 plurimi
1280 1522 1391 1562 facit.
1454 1522 1751 1574 Argumentum
1793 1522 1876 1563 tale

65 1581 164 1628 fere,
194 1580 313 1633 quale
345 1580 384 1620 in
415 1580 617 1634 Tycbonis
649 1581 840 1632 epistola:
879 1594 970 1621 cum
1000 1582 1056 1622 sit
1085 1582 1148 1622 vir
1176 1581 1334 1634 publice
1367 1586 1509 1629 notus,
1544 1593 1594 1620 ex
1625 1580 1739 1633 cujus
1771 1581 1875 1620 scri-

64 1639 148 1692 ptis
190 1638 344 1680 discam
387 1640 597 1692 (quantum
628 1639 759 1679 obiter
799 1640 997 1680 volvendo
1041 1640 1265 1692 intelligere
1308 1639 1552 1692 potuerim),
1597 1639 1687 1679 ideo
1725 1652 1789 1680 me
1833 1644 1878 1679 ut

66 1697 303 1751 discipulum
333 1702 375 1739 et
398 1697 590 1750 juvenem
622 1698 673 1738 ab
704 1698 792 1750 ipso
825 1699 977 1751 majore
1016 1704 1154 1739 aetate
1185 1704 1323 1751 petere
1356 1711 1564 1738 censuram
1596 1710 1716 1749 super
1746 1710 1875 1750 nego—

0 1798 4 1804 ,
65 1756 123 1802 tio
153 1754 183 1798 5
212 1768 431 1809 corporum,
466 1757 571 1809 quod
601 1757 854 1808 paucissimis
886 1758 1019 1798 verbis
1050 1764 1094 1798 et
1123 1757 1298 1798 numeris
1331 1757 1544 1797 delineavi.
1608 1757 1654 1796 Si
1686 1757 1780 1809 quid
1811 1756 1876 1796 hic

0 1834 6 1854 ;
67 1820 133 1856 est
161 1815 419 1861 adulationis,
450 1816 534 1867 ejus
565 1817 722 1867 culpam
753 1816 859 1868 gerit
890 1817 1079 1869 splendor
1109 1818 1224 1856 aulae
1258 1815 1507 1864 Caesareae,
1540 1822 1582 1855 et
1613 1816 1702 1867 ejus
1737 1820 1875 1855 secta-

0 1880 3 1925 ’ξ
66 1879 143 1924 tor,
187 1885 299 1914 meus
335 1874 468 1913 fautor
497 1874 720 1926 Waganus.
780 1875 882 1914 Post
924 1876 1207 1928 sesquiannum
1248 1875 1477 1926 respondit,
1522 1875 1769 1926 exemplaria
1798 1874 1876 1914 mei

67 1931 191 1973 libelli
222 1938 380 1984 petens,
410 1932 596 1984 misitque
617 1933 916 1984 chronologiam
947 1947 1061 1974 suam
1083 1934 1121 1973 in
1149 1935 1277 1974 forma
1298 1933 1469 1987 patenti.
1529 1932 1751 1985 Rescripsi,
1785 1933 1876 1972 misi

68 1990 328 2043 exemplaria.
390 1991 543 2031 Laudis
582 1991 617 2030 si
648 1991 742 2043 quid
769 1992 907 2032 addidi
939 1993 1065 2044 (quod
1096 1993 1252 2041 nescio,
1293 2005 1388 2032 nam
1419 2006 1446 2031 a
1475 1998 1516 2031 te
1554 1992 1671 2031 modo
1703 1992 1876 2032 descen-

68 2046 268 2102 deram)„
285 2049 327 2089 id
358 2050 510 2089 factum
540 2062 686 2089 censeo
722 2056 886 2103 propter
922 2052 1077 2103 priores
1118 2052 1272 2091 literas.
1334 2042 1444 2090 Movi
1475 2051 1670 2103 quaedam
1702 2051 1875 2090 chrono-

67 2108 221 2160 logica,
251 2108 413 2159 placere
443 2108 539 2148 mihi
571 2108 671 2156 dixi,
717 2110 821 2160 quod
853 2122 929 2149 non
962 2116 1154 2163 sequatur
1183 2109 1349 2150 fictitios
1379 2110 1470 2149 illos
1502 2114 1675 2149 autores.
1737 2109 1876 2149 Mirari

68 2179 130 2206 me
161 2165 244 2206 dixi
272 2165 532 2217 multiplicem
562 2167 648 2218 ejus
680 2168 907 2215 lectionem,
940 2169 1006 2220 qui
1038 2169 1338 2220 chronologiam
1369 2168 1492 2208 talem
1523 2168 1699 2208 scribere
1729 2173 1875 2220 potue-

68 2225 133 2266 rit.
194 2223 303 2264 Petii
332 2224 515 2264 omnibus
545 2225 688 2271 modis,
719 2232 765 2265 ut
795 2238 1003 2266 censuram
1033 2227 1071 2266 in
1106 2227 1284 2266 libellum
1313 2239 1444 2267 meum
1462 2227 1558 2267 mihi
1577 2227 1727 2267 mittat.
1780 2227 1875 2266 Ideo

69 2283 173 2323 enim
211 2282 440 2322 institutam
481 2282 811 2333 publicationem,
854 2291 899 2324 ut
931 2298 1020 2325 cnm
1063 2297 1193 2324 rerum
1230 2285 1368 2325 harum
1401 2285 1621 2325 scientibus
1660 2285 1873 2336 disputem.

69 2340 217 2390 Gravi,
262 2346 307 2381 ut
338 2340 518 2393 Tychoni
555 2340 692 2380 mittat
722 2343 942 2394 exemplar,
988 2344 1149 2395 ejusque
1190 2356 1330 2395 opera,
1378 2343 1412 2382 si
1444 2356 1523 2395 qua
1568 2344 1736 2391 habeat,
1780 2342 1876 2382 mihi

68 2401 221 2457 mittat.
249 2399 348 2440 meis
392 2398 575 2439 nummis.
638 2400 804 2448 Postea,
851 2406 945 2440 ante
979 2414 1124 2440 annum
1156 2402 1313 2453 opinor,
1353 2414 1442 2452 cum
1474 2401 1572 2441 nihil
1598 2401 1871 2452 responderet,

68 2464 114 2499 at
142 2471 277 2500 coram
307 2463 445 2498 nostro
476 2458 718 2505 monetario,
750 2459 815 2509 qui
846 2459 1003 2511 Pragae
1037 2465 1143 2508 erat,
1177 2473 1238 2499 me
1271 2460 1499 2508 laudasset,
1532 2472 1686 2499 rursum
1718 2459 1875 2511 scripsi,

67 2530 215 2569 urgens
244 2516 416 2568 petitam
447 2529 668 2556 censuram.
729 2516 982 2569 Exprobravi
1021 2518 1098 2569 ipsi
1129 2523 1431 2569 praeposteram
1471 2517 1777 2565 abstinentiam,
1810 2517 1877 2570 qui

69 2588 249 2616 nummos
290 2590 315 2615 a
358 2574 535 2616 Caesare
580 2580 768 2627 acceptos
812 2576 943 2616 soleat
986 2578 1051 2623 (ut
1091 2576 1156 2616 hic
1187 2577 1374 2628 ajebant)
1418 2577 1619 2616 remittere
1666 2576 1742 2621 illi,
1787 2589 1876 2615 cum

32 2629 35 2634 ’
67 2638 209 2685 posset
237 2633 288 2674 iis
318 2633 555 2674 benefacere
587 2634 807 2674 studiorum
839 2635 1051 2674 eorundem
1071 2635 1290 2675 cultoribus
1316 2641 1358 2674 et
1381 2635 1491 2675 mihi.
1553 2635 1664 2674 Haec
1684 2634 1744 2674 ita
1755 2635 1875 2686 jocu-

68 2692 223 2732 lariter.
284 2691 368 2732 Sed
406 2692 502 2732 nibil
539 2692 759 2743 respondit.
822 2691 867 2732 Si
900 2693 994 2744 quid
1025 2693 1083 2732 illi
1126 2693 1166 2733 in
1200 2706 1245 2732 os
1277 2706 1363 2732 sum
1404 2694 1581 2733 locutus:
1627 2693 1731 2732 male
1763 2692 1875 2740 facit,

69 2751 136 2802 qui
166 2750 207 2790 id
237 2750 290 2790 ad
320 2763 415 2790 suos
445 2763 577 2790 mores
609 2757 651 2790 et
681 2751 853 2790 animum
883 2751 1021 2798 trahit,
1056 2752 1159 2803 quod
1186 2763 1261 2802 ego
1294 2751 1452 2802 ingenio
1485 2751 1618 2791 tribui.
1679 2750 1792 2790 Nihil
1824 2751 1876 2790 ad

37 2832 40 2834 >
70 2821 134 2848 me
162 2808 367 2860 pertinuit,
402 2809 493 2860 quid
525 2809 592 2849 ille
625 2810 780 2850 furatus
812 2822 863 2848 ex
892 2810 1059 2849 aliorum
1090 2810 1293 2849 laboribus
1325 2816 1446 2857 esset,
1480 2810 1743 2861 exprobrare:
1775 2822 1875 2849 cau-

48 2879 54 2910 J
73 2878 162 2906 sam
200 2879 332 2906 meam
376 2867 453 2919 egi.
483 2910 485 2912 μ
516 2867 598 2907 Sed
631 2868 730 2907 bene
763 2867 908 2907 habet:
955 2867 1020 2919 qui
1057 2867 1291 2919 discipulum
1322 2881 1365 2907 se
1397 2868 1485 2919 ejus
1525 2868 1731 2919 professus
1773 2873 1875 2911 erat,

54 2936 162 2964 'eum
184 2924 361 2977 judicem
392 2938 436 2964 se
468 2925 574 2965 inter
606 2932 647 2966 et
666 2926 895 2978 Tychonem
926 2925 1084 2977 publice
1115 2931 1309 2965 ostentat.
1373 2925 1567 2966 Gratulor
1595 2925 1691 2966 mihi
1722 2926 1771 2965 de
1796 2926 1874 2965 ho-

37 2984 167 3030 '„nore
197 2995 403 3031 concesso,
433 2995 510 3035 quo
541 2983 581 3023 in
606 2989 809 3035 posterum
839 2989 932 3023 utar
962 2983 1143 3023 candide.
1205 2983 1454 3035 Discipulum
1474 2984 1613 3028 audiit,
1645 2983 1738 3036 quid
1757 2984 1873 3024 exul-

56 3037 171 3080 tat?
230 3039 276 3081 Si
314 3040 491 3094 judicem
529 3054 591 3081 me
636 3043 901 3098 appellasset,
948 3042 1084 3081 forsan
1122 3034 1875 3096 aliuflffiffi“5ffis“fft†”ffiffi

79 3085 244 3105 5&*-·»<ff*
262 3097 353 3105 *nv—f.
370 3102 372 3104 ,

44 3119 55 3139 ’ᾗ

38 3146 61 3214 ἓ

45 3233 57 3242 .
