2028 3242
818 57 927 91 Notae
952 57 1106 92 Εᾱιιοιι..
1778 55 1865 100 209

59 167 191 206 praeter
213 167 328 206 typum
351 173 492 197 aeneum
518 162 588 206 (qui
612 163 719 195 lusum
743 163 879 206 Kepleri
903 162 1035 206 saepius
1059 163 1184 198 dietum
1208 163 1374 204 exhibet),
1408 164 1590 205 delineavi,
1622 165 1679 198 ubi
1711 170 1745 198 te
1768 175 1865 207 prae-

61 214 189 243 sentem
212 220 313 253 saepe
337 211 456 253 optari.
505 209 594 242 Nam
618 210 815 247 delineatio.
839 211 925 244 siout
947 211 982 243 in
1006 212 1072 243 tuis
1096 211 1334 253 exemplaribus
1357 213 1488 248 inveni.
1516 222 1583 244 non
1606 213 1700 245 facta
1721 213 1806 250 fuit,
1830 217 1869 245 ut

60 267 136 293 eam
159 257 355 301 typographi
378 259 499 290 imitari
523 259 698 299 pomer-int.
747 257 875 291 Tabula
897 258 916 290 1
940 255 1020 298 (10)
1040 258 1215 291 delineata
1237 258 1299 290 fuit
1322 259 1416 301 nigro
1440 264 1475 291 et
1498 259 1595 292 rutilo
1619 260 1748 299 colore,
1783 259 1870 303 quod

59 306 94 338 in
118 305 343 348 typographus
365 305 436 338 fieri
459 306 584 346 nequit.
632 304 795 337 Tabulam
818 304 852 337 11
877 302 957 345 (11)
982 305 1152 342 conti-axi.
1186 308 1223 336 ut
1251 314 1321 337 una
1349 307 1475 349 pagina
1498 305 1713 340 exhiberetur.
1763 308 1869 340 Arcus

59 351 399 394 proethaphaeresium
414 352 540 389 itidem,
564 355 659 394 prout
675 351 880 385 comodum
897 351 973 390 fuit,
995 352 1126 394 reposui
1152 349 1212 391 (ad
1228 361 1302 393 cap.
1322 350 1395 392 15).
1437 353 1477 385 Ιιι
1500 354 1570 386 tab.
1589 353 1606 386 1
1629 355 1869 396 proportionem

61 399 330 437 convenientem,
361 404 520 442 quantum
549 398 701 448 possibile
724 399 807 436 fuit.
839 399 982 436 retinui.
994 408 1077 431 -nec
1101 403 1216 431 tamen
1240 399 1418 441 quidquam
1442 401 1573 432 veritati
1596 405 1719 442 tuoque
1742 402 1870 434 intento

61 446 262 484 deu-him,
297 448 360 479 etsi
391 447 511 479 alieubi
534 446 580 478 ad
602 440 784 478 cras'miem
809 445 961 478 aniculae
986 445 1174 479 aberratum
1197 446 1252 478 tit.
1301 445 1339 478 ln
1364 447 1432 479 tab.
1458 446 1494 479 11
1516 456 1596 479 vera
1617 449 1779 489 proportio
1803 458 1870 480 non

60 493 297 536 magnitudinis
324 494 448 529 orbium
473 491 575 536 (quae
597 491 807 536 ignotam),
838 493 901 525 sed
932 502 1068 525 arcuum
1099 492 1451 535 prosthaphaereseos,
1484 498 1644 536 quantum
1675 496 1776 527 etiam
1802 495 1871 527 fieri

60 541 178 582 potuit,
203 541 376 574 observata
399 545 460 573 est.
497 539 577 572 Ideo
601 539 635 571 in
659 539 755 572 titulo
778 540 931 572 scribitur
956 539 1164 582 „utcunque“
1169 563 1178 572 .
1215 540 1255 572 In
1271 540 1339 573 tab.
1357 540 1407 572 lV
1425 539 1504 581 (22)
1530 541 1573 574 ad
1591 542 1754 574 intentum
1779 547 1870 574 tuum

61 588 181 630 potius,
206 597 305 630 quam
328 587 373 621 ad
396 586 650 620 delineationem
673 588 811 629 respexi.
849 586 903 619 De
928 596 970 619 ea
994 587 1092 629 paulo
1107 591 1192 629 post.
1234 587 1478 629 Explicationes
1494 587 1680 620 tabularum
1696 589 1871 631 pleniores,

61 643 161 677 quam
190 634 279 677 apud
306 638 384 668 tuas
417 634 655 667 delineationes
684 635 814 670 inveni.
851 634 968 676 adJ'eei.
1021 634 1111 667 Pace
1134 635 1221 666 enim
1245 638 1306 667 tua
1338 636 1494 676 scriptum
1527 636 1641 677 cupio,
1675 636 1777 668 verba
1806 637 1872 668 tuis

62 681 183 714 tabulis
205 682 358 724 apposita
381 682 476 715 nimis
501 682 634 714 concisa
657 681 806 718 fuerunt.
832 682 916 714 adeo
941 686 978 713 ut
1001 686 1147 714 mentem
1171 686 1206 713 et
1229 691 1363 714 sensum
1387 687 1480 715 tumn
1504 683 1556 714 vix
1580 683 1751 725 quisquam
1774 683 1871 715 intel-

62 729 204 762 lexisset.
253 728 391 767 Vereor,
414 738 458 761 ne
482 728 591 761 adhuc
615 730 649 760 in
675 728 807 761 defectu
830 730 863 760 in
889 729 1084 770 explicando
1106 729 1323 770 peccaverim.
1365 728 1558 762 Scribuntur
1581 734 1693 762 autem
1718 731 1784 762 ista
1807 740 1874 762 non

62 775 245 809 honiinibns
269 777 402 810 ou'osis.
436 776 551 818 quibus
582 775 664 807 nihil
690 775 780 808 aliud
803 775 923 808 laboris
953 776 1132 812 incumbit,
1166 785 1265 818 quam
1289 780 1327 808 ιιι
1350 776 1505 818 plurimos
1530 776 1599 808 dies
1623 777 1658 809 in
1681 777 1774 810 hisce
1797 778 1875 809 solis

62 823 218 856 rimandis
242 833 431 857 cor-unere
457 823 621 861 debeant;
648 823 707 855 sed
730 824 966 865 perspicuitate
990 823 1095 855 lector
1119 823 1319 862 invitandus,
1345 833 1411 856 non
1436 824 1636 856 obscuritate
1660 823 1874 857 deterrendus

63 874 124 903 ent.
173 870 214 903 ln
238 871 356 903 ceteris
379 870 601 956 ιζξιῗιιαιίδιιε
626 871 660 902 in
684 871 755 912 ipso
788 870 868 903 libro
898 876 979 912 puto
1002 879 1056 902 me
1089 875 1182 902 tuum
1206 870 1374 912 exemplar
1395 875 1546 904 secutum
1570 880 1655 903 esse.
1705 870 1749 912 (Ε
1773 871 1874 903 literis

161 964 370 1007 Computavit
393 968 506 997 autem
529 974 682 997 numeros
698 974 775 996 mos
790 963 986 996 Maestlinus
1010 962 1191 995 secuudum
1207 962 1423 1005 Copernicum
1450 968 1485 996 et
1499 963 1720 998 Reinholdum
1746 965 1875 997 ratione

64 1020 128 1049 ea,
163 1021 262 1055 quam
297 1011 441 1055 pluribus
473 1011 617 1054 explicat
649 1011 793 1054 Keplero
825 1012 860 1044 in
892 1011 996 1043 literis
1026 1010 1058 1043 d.
1083 1010 1118 1042 d.
1143 1008 1201 1043 27.
1226 1011 1322 1044 Febr.
1352 1008 1452 1044 1596.
1514 1010 1646 1054 (Comp.
1671 1011 1877 1045 Hanschium

159 1155 222 1199 54)
245 1169 279 1200 p.
304 1156 383 1191 160.
431 1158 472 1191 Ιιι
495 1158 604 1191 libello
628 1159 804 1200 inscripto:
838 1157 1098 1190 Dissertatio
1128 1165 1215 1189 cum
1246 1158 1401 1190 nuncio
1431 1158 1597 1191 sidereo
1621 1157 1681 1190 &c-
1716 1159 1877 1192 satellites

65 1205 155 1238 Jovis
178 1215 244 1238 non
268 1210 398 1240 tautum
422 1216 487 1238 nou
512 1206 693 1238 contrarios
717 1214 790 1238 esse
813 1210 910 1247 putat
932 1205 1033 1247 ipsius
1059 1203 1261 1245 „Mysterw‘
1287 1205 1347 1237 sed
1371 1206 1555 1238 confirmari
1583 1205 1678 1246 hujus
1702 1207 1877 1247 probabili-

66 1257 171 1286 tatem
194 1252 245 1285 his
270 1253 420 1286 detectis.
464 1255 583 1295 „Quin
601 1254 724 1300 potius
744 1265 864 1300 spero,
893 1254 960 1288 hos
983 1253 1221 1288 circulatores
1240 1253 1378 1295 Jovios,
1408 1258 1446 1289 et
1474 1254 1504 1288 si
1527 1266 1616 1300 quos
1644 1254 1787 1289 habent
1814 1255 1878 1290 alii

67 1309 180 1343 etiam
206 1309 400 1354 planetae,
441 1309 588 1343 tandem
625 1318 766 1342 omnem
802 1317 897 1353 quae
933 1311 1054 1342 restat
1085 1306 1372 1351 discrepantiam
1400 1308 1627 1342 sublaturos,
1684 1308 1878 1343 Rationem

68 1361 165 1397 enim
192 1372 217 1396 a
242 1362 324 1397 Deo
351 1360 463 1396 etiam
489 1361 618 1396 horum
646 1360 905 1396 circulatorum
932 1359 1099 1398 habitam
1127 1357 1164 1394 in
1190 1359 1391 1405 figurarum
1426 1360 1727 1406 interpositione,
1763 1361 1878 1396 circu-

68 1415 168 1450 lator
186 1414 334 1455 Terrae,
362 1414 470 1449 Luna
488 1413 629 1448 scilicet
656 1412 920 1460 arguitscujus
939 1412 1129 1448 circuitum
1147 1411 1246 1447 circa
1264 1413 1415 1448 Terram
1440 1413 1635 1460 negligere
1662 1425 1735 1448 non
1762 1415 1879 1459 potui,

68 1479 148 1502 cum
176 1467 266 1503 illud
293 1466 482 1514 negotium
509 1466 606 1501 serio
634 1471 845 1502 tractarem.
900 1467 1076 1512 Adeoque
1105 1465 1305 1501 etiamnum
1332 1466 1369 1501 in
1402 1467 1637 1502 restitutione
1671 1466 1811 1502 orbium
1841 1472 1880 1502 et

64 1525 229 1565 xmotuum
246 1519 390 1561 Martis,
424 1519 596 1561 Telluris,
624 1519 779 1554 Veneris
799 1519 1033 1564 deprehendo
1051 1518 1157 1554 hiare
1175 1518 1383 1564 plusculum
1407 1519 1620 1561 interstitia,
1651 1520 1782 1566 quibus
1808 1531 1881 1566 ego

70 1573 238 1619 spatiolis
272 1584 380 1619 spero
413 1583 471 1608 me
499 1573 625 1608 Lunas
653 1572 1007 1616 Circum-Martiales
1048 1577 1088 1607 et
1124 1571 1483 1616 Circum-Venerius,
1523 1572 1555 1608 si
1589 1583 1680 1619 quas
1712 1573 1882 1608 Galilaee

70 1626 157 1662 olim
183 1627 476 1672 deprehensurus
504 1637 563 1667 es,
593 1625 766 1661 facillime
794 1626 1035 1661 locaturum.“

166 1729 228 1771 55)
252 1732 298 1773 μ’
314 1728 393 1763 163.
445 1730 682 1768 „Theoricae“,
708 1740 789 1773 quas
815 1731 894 1763 dicit
917 1729 1100 1772 Keplerus,
1126 1728 1373 1767 Purbachii‚
1408 1730 1494 1762 inter
1516 1730 1754 1763 instauratores
1779 1735 1882 1763 astro-

70 1777 200 1811 uoiniae
218 1788 248 1810 c.
261 1789 303 1810 m.
318 1787 384 1810 sec.
397 1777 460 1809 XV
471 1778 671 1810 solertissimi
685 1776 771 1818 (nat.
787 1779 820 1810 in
837 1777 953 1820 oppido
971 1775 1143 1811 Peurbach
1158 1776 1482 1819 Austr.Superanis.,
1500 1778 1588 1810 unde
1604 1787 1726 1809 nomen
1743 1780 1884 1820 aceepit,

73 1835 105 1857 a.
126 1823 227 1863 1423,
252 1825 404 1858 Viennae
420 1825 584 1857 mathesin
601 1825 823 1866 profitebatur,
850 1825 957 1867 ibique
974 1829 1119 1857 mortuus
1142 1829 1193 1857 est
1210 1834 1240 1856 a.
1258 1822 1366 1864 1461)
1390 1825 1528 1866 primum
1546 1826 1632 1866 typis
1650 1834 1790 1857 excusae
1807 1830 1886 1857 sunt

72 1872 306 1915 Norimbergae
330 1871 376 1910 (c.
404 1881 434 1904 a.
458 1870 581 1911 1472);
606 1873 728 1914 passim
753 1877 929 1906 occurrunt
953 1872 1112 1904 editiones
1135 1872 1233 1913 hujus
1259 1871 1395 1904 celebris
1420 1873 1538 1913 operis,
1566 1881 1703 1914 quarum
1726 1872 1884 1915 vulgatis-

73 1921 157 1951 sima
179 1919 241 1952 fuit
264 1919 364 1952 editio
388 1918 549 1951 Erasini
577 1918 802 1952 Beinholdi
827 1918 981 1961 (primum
1004 1920 1165 1960 impressa
1197 1927 1229 1951 a.
1264 1916 1384 1958 1542).
1431 1919 1649 1952 Maestlini
1676 1919 1884 1958 „theoricae“

72 1966 228 2009 leguntur
249 1967 284 1998 in
309 1968 399 2008 ejus:
436 1966 587 2008 Epitome
610 1967 840 2000 Astrouomiae
867 1965 1035 2008 (Heidelb.
1063 1965 1166 1999 1582.
1201 1966 1284 2009 Tub.
1313 1964 1406 1997 1588
1430 1964 1521 2007 dcc).

167 2082 229 2124 56)
253 2094 285 2126 p.
314 2081 391 2116 166.
441 2083 655 2117 Bernhardus
677 2084 916 2116 waltherus
939 2084 1223 2127 Norimbergensis
1248 2081 1334 2123 (nat.
1361 2091 1393 2115 a.
1415 2079 1518 2119 1430,
1543 2081 1692 2124 ιΙ·1504)
1715 2083 1888 2126 plurimum

76 2132 296 2163 astmnomiae
318 2131 441 2172 profuit
469 2141 536 2163 ιιοιι
566 2136 697 2164 tantum
731 2132 1011 2164 observationibus
1046 2141 1176 2163 summa
1201 2140 1275 2162 cum
1298 2130 1461 2162 industria
1492 2130 1669 2168 institutis,
1703 2131 1763 2163 sed
1787 2133 1889 2163 etiam

73 2178 198 2220 opibus,
222 2177 338 2219 quibus
362 2177 565 2216 abundabat,
590 2179 625 2210 iu
648 2178 854 2211 sublevanda
877 2179 1015 2211 aliorum
1042 2183 1304 2211 astronomorum
1336 2175 1627 2219 (Regiomontani)
1651 2178 1772 2217 studia,
1799 2188 1887 2211 com·

73 2225 287 2266 parandaque
302 2225 521 2257 instrumenta
536 2226 756 2257 astronomica
777 2225 1003 2257 liberalissime
1026 2226 1196 2267 impensis.
1247 2223 1501 2256 Observationes
1525 2225 1598 2257 illas
1612 2225 1783 2266 waltheri,
1811 2235 1887 2257 con-

70 2274 205 2312 junctas
228 2271 346 2303 iisdem
368 2270 626 2314 Regiomontani
650 2272 790 2312 primum
814 2271 917 2303 edidit
939 2272 1014 2304 Joh.
1041 2271 1245 2309 sobonem,
1285 2270 1434 2303 Norimb.
1462 2269 1571 2310 1544,
1608 2281 1730 2314 easque
1762 2272 1890 2305 addidit

75 2318 127 2351 W.
153 2318 293 2351 Snellius
318 2327 405 2351 anno
434 2316 523 2349 1618
548 2318 828 2350 observationibus
853 2318 1038 2351 Bassiacis.

171 2433 232 2476 57)
257 2445 290 2477 p.
317 2434 395 2467 170.
444 2435 697 2477 Disputatio
722 2434 764 2467 de
788 2434 1030 2477 Eclipsibus
1054 2434 1163 2468 Solis
1187 2438 1223 2467 et
1245 2434 1409 2471 Lunae,
1434 2443 1534 2476 quam
1556 2434 1708 2475 praeside
1734 2434 1782 2466 Cl.
1808 2434 1889 2466 Viro

77 2482 120 2514 D.
146 2482 194 2515 M.
220 2482 268 2514 M.
298 2482 547 2515 Maestlino
573 2481 632 2514 dte.
667 2483 703 2514 in
737 2482 896 2514 auditorio
921 2482 1095 2514 Homerico
1130 2482 1182 2514 die
1214 2479 1247 2512 8.
1274 2478 1366 2521 (18.)
1392 2480 1470 2513 Jau.
1505 2481 1681 2513 defendere
1715 2482 1891 2514 conabitur

78 2529 240 2563 Marcus
265 2530 307 2562 ab
330 2529 586 2567 Hohenfeld,
616 2530 652 2561 in
676 2529 894 2561 Aistersheim
918 2533 953 2562 et
976 2528 1127 2571 Almegk.
1167 2528 1250 2560 Tub.
1280 2525 1381 2560 1596.

171 2577 211 2608 ln
234 2576 334 2608 Thesi
359 2575 414 2608 58.
442 2575 539 2608 affert
562 2575 759 2608 Maestlinus
784 2576 932 2617 exempla
955 2577 1188 2608 refractionum
1220 2574 1323 2607 haec·
1363 2572 1399 2614 1)
1435 2573 1612 2606 Stellarum
1648 2574 1823 2607 distantias
1854 2575 1889 2607 in

78 2623 246 2656 horizonte
278 2625 525 2656 consistentium
549 2626 691 2664 maJores
717 2624 874 2659 inveniri,
908 2632 1007 2664 quam
1031 2624 1058 2654 si
1084 2622 1127 2654 ad
1150 2622 1294 2654 medium
1320 2621 1403 2654 coeli
1428 2622 1504 2653 sint.
1556 2620 1592 2660 2)
1618 2621 1657 2653 B.
1684 2621 1889 2653 Waltherum

81 2675 250 2707 annotare,
276 2671 407 2712 saepius
432 2680 468 2703 se
493 2671 783 2707 animadvertisse,
809 2669 921 2701 stellas
946 2678 1046 2724 supra
1068 2669 1272 2706 horizontem
1297 2678 1476 2710 apparere,
1502 2677 1576 2700 cum
1601 2668 1781 2700 secuudum
1804 2670 1888 2700 veri·

80 2722 185 2749 tatem
209 2718 268 2750 tub
294 2727 332 2750 eo
357 2718 434 2749 sint.
480 2715 517 2757 3)
543 2717 619 2750 Non
642 2727 716 2750 raro
739 2718 846 2758 ipsum
870 2717 1033 2749 iuvenisse
1049 2716 1188 2748 Veneris
1205 2711 1303 2757 supr}
1320 2716 1525 2747 horizontem
1550 2715 1672 2746 altioris
1697 2715 1889 2748 distantiam

82 2774 104 2796 a
121 2763 196 2796 Sole
216 2766 314 2805 juxta
336 2764 540 2796 horizontem
563 2766 669 2807 posito
695 2774 766 2796 esse
790 2764 978 2796 notabiliter
1000 2763 1170 2799 minorem,
1195 2772 1295 2805 quam
1318 2764 1347 2794 si
1364 2762 1479 2794 eodem
1496 2762 1549 2795 die
1565 2762 1712 2802 eJusdem
1730 2762 1890 2795 distantia

82 2821 104 2843 a
128 2810 204 2843 Sole
237 2812 352 2844 altiore
384 2815 568 2854 caperetur.
619 2810 657 2851 4)
696 2810 805 2844 Solem
835 2819 1072 2853 nonnunquam
1101 2810 1197 2842 citius
1228 2809 1323 2841 solito
1357 2809 1441 2841 oriri.
1467 2826 1514 2831 —

180 2909 241 2951 58)
257 2921 292 2953 p.
308 2909 385 2942 171.
426 2911 502 2943 Hae
518 2911 688 2943 Maestlini
710 2911 830 2942 literae
852 2910 955 2942 datae
979 2912 1056 2941 sunt
1082 2908 1281 2947 „Dominica
1294 2907 1490 2940 Paschatis¹⁴
1520 2905 1620 2947 1596,
1647 2917 1768 2951 easque
1792 2919 1891 2951 supra

85 2956 134 2999 (p.
162 2956 224 2998 22)
250 2968 290 2990 ex
312 2962 408 2999 parte
432 2958 563 3000 quidem
585 2959 821 2999 proposuimus.
875 2956 1034 2994 Literae,
1068 2965 1149 2998 quas
1173 2955 1361 2988 Hanschius
1393 2964 1412 2987 e
1435 2955 1732 2997 Manuscriptorum
1754 2956 1891 2998 Kepleri

52 3024 64 3050 i
86 3005 276 3039 collectione
301 3003 392 3045 (Vol.
418 3004 488 3043 VI,
521 3005 608 3046 quod
627 3006 699 3045 jam
722 3003 930 3037 Bibliotheca
953 3002 1154 3035 Viennensis
1178 3000 1363 3042 conservat)
1389 3002 1567 3039 desumsit,
1598 3012 1700 3035 manu
1722 3002 1891 3036 Maestlini

55 3051 59 3054 ’
67 3053 228 3094 scriptae
253 3056 347 3089 sunt,
374 3051 550 3084 abhorrent
574 3056 686 3085 autem
708 3061 838 3093 prorsus
863 3051 905 3084 ab
928 3049 1000 3088 his,
1032 3059 1114 3092 quas
1137 3054 1247 3083 textus
1271 3049 1422 3087 exhibet,
1448 3059 1470 3082 a
1496 3050 1620 3082 verbis:
1660 3050 1765 3089 „Tam
1792 3052 1889 3083 mira-

158 3109 427 3141 tepierioponl.
506 3125 510 3128 -
1564 3107 1609 3140 14
